2004 3140
127 1059 183 1100 10

127 1458 180 1498 15

123 1829 180 1869 20

123 2195 179 2235 25

122 2563 178 2603 30

215 145 323 198 288
882 155 917 188 s.
939 153 1215 190 Auens'mn

217 270 295 318 nis
334 269 578 334 principio
630 269 871 317 revocatis
911 263 1157 318 ostense.“
1231 267 1331 317 Ista
1367 267 1652 318 Lactantius
1692 270 1902 334 carptim

215 358 306 408 per
351 341 606 391 intervalla
653 342 999 405 disputationis
1047 357 1190 408 suae,
1241 343 1371 392 sicut
1421 358 1477 391 ea
1522 357 1730 407 poscere
1769 342 1906 392 vide-v

214 415 420 482 bantur,
467 431 591 480 quae
638 415 849 481 probare
897 415 1201 482 intenderat,
1242 415 1464 466 adhibuit
1502 417 1784 466 testimonia
1823 416 1896 466 Si-

213 489 411 557 byllina,
449 505 573 554 quae
606 505 696 538 nos
728 488 849 538 nihil
887 491 1277 555 interponenteS,
1317 489 1403 539 sed
1442 492 1493 539 in
1533 505 1682 539 unam
1721 492 1902 540 seriem

215 578 402 613 conexa
439 570 682 629 ponentes
722 563 839 612 solis
879 562 1137 629 capitibus,
1177 564 1220 613 si
1255 570 1419 613 tamen
1459 566 1728 629 scriptores
1767 563 1903 614 dein·

215 653 332 703 ceps
385 652 442 686 ea
493 652 690 686 servare
736 652 834 686 non
883 636 1164 703 neglegant,
1215 636 1560 702 distinguenda
1609 640 1902 688 curavimus,

215 711 451 761 Nonnulli
491 726 606 760 sane
639 711 960 777 Erythraeam
1002 710 1233 775 Sibyllam
1274 726 1373 759 non
1412 710 1622 778 Romuli,
1662 711 1749 761 sed
1786 711 1904 761 belli

215 784 415 835 Troiani
454 791 675 850 tempore
717 785 869 834 fuisse
911 786 1232 849 scripserunt.

849 941 1045 996 CAPUT
1086 942 1282 996 XXIV.

222 1052 370 1111 Quod
404 1056 652 1112 reynante
691 1051 903 1100 Romulo
942 1057 1126 1113 septem
1164 1054 1415 1113 sapientes
1455 1054 1765 1111 claruerint,
1805 1066 1902 1113 quo

215 1130 436 1187 tempore
469 1127 640 1175 decem
674 1126 851 1185 trihu-5,
884 1139 1016 1185 quae
1050 1126 1218 1174 Israel
1256 1127 1571 1185 dicebantur,
1605 1128 1657 1174 in
1691 1128 1899 1188 captivi-

317 1204 468 1249 tatem
507 1214 539 1247 a
585 1199 854 1247 Chaldaeis
895 1201 1080 1248 ductae
1117 1205 1247 1258 sunt,
1288 1201 1518 1260 idemque
1557 1199 1799 1248 Romulus

535 1278 763 1321 mortuus
803 1274 972 1322 divino
1011 1275 1202 1322 honore
1242 1275 1458 1322 donatus
1498 1279 1583 1321 est.

361 1373 550 1424 Eodem
588 1375 796 1425 Romulo
845 1382 1080 1439 regnante
1121 1374 1298 1424 Thales
1336 1374 1556 1424 Milesius
1596 1374 1748 1424 fuisse
1788 1390 1899 1440 per-

213 1447 438 1514 hibetur,
492 1464 621 1498 unus
671 1465 697 1498 e
750 1456 941 1514 septem
988 1448 1292 1514 sapientibus
1304 1489 1318 1515 ,
1370 1450 1453 1513 qui
1491 1454 1606 1514 post
1643 1447 1900 1514 theologos

211 1529 406 1589 poetaS,
455 1524 507 1571 in
558 1522 738 1588 quibus
790 1522 1018 1588 Orpheus
1077 1524 1285 1572 maxime
1345 1524 1565 1572 omnium
1616 1521 1902 1572 nobilitatus

214 1603 304 1663 est,
344 1595 493 1660 σοφοὶ
533 1596 760 1662 appellati
800 1604 931 1662 sunt,
970 1597 1100 1661 quod
1142 1603 1216 1646 est
1255 1596 1426 1646 Latine
1467 1598 1728 1662 sapientes,
1805 1596 1902 1645 Per

212 1669 344 1719 idem
383 1677 579 1735 tempus
620 1671 791 1720 decem
838 1670 1030 1738 tribus,
1079 1686 1202 1736 quae
1242 1671 1572 1720 indivisione
1611 1669 1782 1736 populi
1821 1685 1901 1718 vo-

214 1750 348 1793 catae
390 1751 506 1794 sunt
543 1743 715 1811 Israel,
763 1743 1029 1794 debellatae
1071 1760 1097 1793 a
1137 1743 1391 1794 Chaldaeis
1440 1751 1490 1794 et
1528 1746 1579 1793 in
1619 1758 1701 1793 eas
1740 1750 1899 1793 terras

212 1819 428 1883 captivae
477 1818 652 1885 ductae
701 1825 837 1884 sunt,
885 1818 1256 1868 remanentibus
1304 1820 1356 1868 in
1395 1817 1572 1867 Iudaea
1612 1824 1745 1867 terra
1784 1817 1900 1867 dua-

210 1890 305 1940 bus
343 1891 438 1940 illis
478 1891 730 1958 tribubuS,
779 1907 902 1957 quae
943 1894 1141 1942 nomine
1181 1892 1330 1941 [udae
1370 1891 1671 1941 vocabantur
1710 1889 1899 1940 sedem-

213 1980 307 2030 que
340 1967 482 2030 regni
511 1965 757 2015 habebant
788 1965 1110 2015 Hierusalem.
1184 1966 1434 2016 Mortuum
1467 1964 1747 2031 Romulum,
1786 1980 1901 2015 cum

212 2046 261 2087 et
299 2040 406 2104 ipse
445 2055 545 2088 non
585 2042 943 2106 conparuisset,
981 2042 1032 2089 in
1073 2040 1217 2105 deOS,
1258 2040 1389 2104 quod
1429 2045 1479 2088 et
1519 2038 1662 2103 vulgo
1702 2039 1898 2088 notissi-

213 2127 348 2161 mum
399 2120 500 2179 est,
550 2112 789 2162 rettulere
836 2113 1065 2179 Romani,
1114 2113 1246 2177 quod
1295 2128 1454 2177 usque
1495 2111 1615 2161 adeo
1655 2112 1764 2161 fieri
1802 2113 1899 2162 iam

211 2184 426 2235 desierat
473 2181 590 2253 (nec
637 2193 807 2250 postea
846 2188 942 2235 nisi
982 2185 1246 2252 adulandO,
1293 2201 1392 2235 non
1431 2185 1665 2252 ert-ande,
1716 2186 1900 2234 factum

211 2265 287 2308 est
318 2258 625 2324 temporibus
659 2254 966 2326 Caesarum),
1006 2267 1060 2309 ut
1092 2259 1265 2309 Cicero
1298 2261 1486 2325 magnis
1518 2258 1714 2309 Romuli
1743 2258 1895 2308 laudi-

210 2330 304 2381 bus
358 2331 568 2394 tribuat,
624 2333 756 2397 quod
811 2349 910 2382 non
965 2333 1171 2383 rudibus
1219 2339 1268 2383 et
1314 2333 1526 2383 indoctis
1574 2331 1896 2399 temporibuS,

211 2406 406 2471 quando
458 2406 598 2455 facile
650 2406 875 2456 homines
928 2406 1241 2474 fallebantur,
1297 2406 1383 2457 sed
1431 2408 1528 2456 iam
1575 2406 1802 2471 expolitis
1848 2412 1899 2455 et

212 2479 419 2530 eruditis
458 2482 641 2530 meruit
679 2480 770 2529 hos
809 2480 1038 2542 honoreS,
1080 2482 1300 2547 quamvis
1339 2481 1559 2531 nondum
1600 2479 1898 2529 efferbuerat

210 2568 265 2603 ac
303 2553 627 2619 pullulaverat
664 2553 1069 2619 philosophorum
1109 2554 1304 2604 subtilis
1344 2561 1392 2604 et
1431 2560 1572 2604 acuta
1609 2553 1894 2618 loquacitas

329 2668 404 2722 27)
438 2665 506 2711 Cf.
539 2665 618 2712 lib.
653 2671 708 2710 22
742 2680 778 2711 0.
814 2671 852 2710 6.

331 2831 383 2870 13
427 2827 515 2886 est]
559 2829 715 2872 malim
757 2827 818 2873 sit
862 2829 877 2885 ΙΙ
924 2833 979 2873 29
1011 2828 1234 2872 meruerit
1264 2842 1288 2872 υ
1337 2829 1353 2885 ΙΙ
1399 2797 1678 2874 efferuuerat
1706 2826 1898 2871 RParr.
1987 2824 1992 2828 '

209 2884 357 2939 (Neue
390 2886 479 2929 ΙΙ2
501 2901 554 2942 p.
585 2890 699 2943 486)
