2054 3152
553 166 619 198 DE
643 164 995 198 c1v1TATE⁴D131
1018 165 1060 197 L.
1084 164 1186 197 mv.
1212 165 1248 199 c.
1274 168 1327 199 14.
1353 166 1405 200 15.
1756 153 1828 207 35

142 286 294 328 sonat·
318 279 491 343 petitio
531 278 717 343 veniae,
755 291 1000 341 nusquam
1039 277 1300 342 inploratio
1339 276 1626 327 medicinae,
1703 276 1828 327 Nam

138 352 254 401 licet
291 353 374 400 isti
406 366 505 399 non
546 352 675 399 sicut
706 345 823 399 Cain
865 350 996 415 quod
1036 353 1392 400 commiserunt
1429 357 1627 417 negent,
1666 350 1826 401 adhuc

139 433 302 474 tamen
350 422 581 489 superbia
628 425 680 472 in
730 423 860 473 aliud
909 426 1103 489 quaerit
1148 425 1338 473 referre
1391 425 1525 489 quod
1561 439 1826 491 perperam

139 500 274 547 fecit:
335 497 566 563 superbia
616 498 838 547 mulieris
885 499 936 547 in
985 505 1294 564 serpentem,
1349 498 1580 564 superbia
1629 500 1723 548 viri
1771 500 1825 548 in

138 571 410 621 mulierem.
490 571 587 620 Sed
618 573 864 621 accusatio
895 573 1061 637 potius
1101 587 1248 637 quam
1287 574 1539 622 excusatio
1579 587 1695 622 vera
1735 579 1825 639 est,
1857 582 1884 623 5

138 645 223 694 ubi
270 645 486 694 mandati
533 645 684 694 divini
731 652 807 694 est
853 652 1022 710 aperta
1060 647 1403 710 transgressio,
1479 645 1651 711 Neque
1694 648 1826 695 enim

136 718 231 768 hoc
268 726 532 784 propterea
563 734 662 768 non
702 719 945 786 fecerunt,
986 720 1099 783 quia
1137 719 1186 768 id
1226 719 1404 768 mulier
1444 726 1675 784 serpente
1715 734 1823 768 sua-

138 792 307 858 dente,
353 794 427 841 vir
473 792 681 842 muliere
721 794 1024 858 inpertiente
1060 794 1328 859 commisit,
1380 795 1519 858 quasi
1560 795 1825 858 quicquam

136 865 254 932 Deo,
294 867 374 915 cui
416 866 491 915 vel
540 866 830 915 crederetur
862 866 937 915 vel
969 867 1247 933 cederetur,
1287 867 1685 932 anteponendum
1712 867 1823 917 fuit.

802 1067 999 1122 CAPUT
1038 1068 1155 1121 XV.
1858 1082 1912 1124 10

173 1175 250 1225 De
288 1177 481 1224 iustitia
519 1176 882 1236 retributioni&
922 1190 1072 1236 quam
1106 1178 1264 1237 primi
1300 1178 1522 1225 homines
1554 1190 1654 1238 pro
1692 1191 1786 1224 sua

617 1250 987 1299 inoboedientia
1027 1257 1345 1311 receperunt.

285 1351 408 1409 Quia
441 1367 557 1416 ergo
591 1358 905 1416 contemptus
937 1358 1012 1400 est
1044 1350 1175 1400 Deus
1206 1351 1399 1418 iubenS,
1438 1353 1524 1416 qui
1556 1359 1822 1418 creaverat,

136 1427 220 1490 qui
275 1425 334 1474 ad
385 1441 524 1475 suam
582 1427 844 1490 imaginem
896 1426 1103 1491 fecerat,
1161 1427 1246 1490 qui
1298 1426 1478 1474 ceteris
1529 1425 1820 1474 animalibus

133 1505 518 1565 praeposuerat,
572 1500 658 1563 qui
711 1501 763 1547 in
816 1499 1043 1563 paradiso
1099 1500 1450 1565 constituerat,
1512 1500 1597 1563 qui
1650 1514 1820 1548 rerum
1855 1508 1910 1548 15

135 1574 355 1622 omnium
388 1574 578 1638 copiam
612 1572 880 1636 salutisque
920 1574 1250 1640 praestiterat,
1290 1574 1375 1636 qui
1412 1575 1689 1638 praeceptis
1729 1588 1822 1621 nec

132 1645 359 1711 pluribus
413 1661 504 1695 nec
559 1645 828 1710 grandibus
883 1661 974 1695 nec
1030 1645 1314 1695 difficilibus
1369 1653 1678 1706 oneraverat,
1735 1645 1821 1695 sed

134 1735 233 1769 uno
272 1719 563 1768 brevissimo
604 1725 749 1783 atque
798 1719 1044 1768 levissimo
1086 1720 1142 1768 ad
1185 1719 1522 1768 oboedientiae
1564 1719 1820 1769 salubrita—

134 1801 235 1842 tem
268 1792 715 1858 adminiculaverat,
754 1807 851 1856 quo
884 1807 992 1841 eam
1023 1800 1315 1858 creaturam,
1355 1794 1436 1841 cui
1474 1792 1628 1841 libera
1669 1794 1819 1841 servi-

132 1873 213 1916 tus
253 1865 528 1931 expediret,
584 1881 636 1914 se
685 1861 793 1914 esse
833 1865 1095 1914 Dominum
1145 1865 1508 1914 commonebat:
1558 1867 1685 1914 iusta
1737 1865 1817 1914 da·
1853 1876 1911 1917 20

132 1941 315 1988 mnatio
370 1939 635 1988 subsecuta
690 1946 786 2005 est,
836 1939 1046 2003 talisque
1087 1939 1358 2004 damnatiO,
1412 1945 1468 1988 ut
1506 1939 1678 2004 homo,
1735 1941 1819 2003 qui

133 2012 455 2063 custodiendo
502 2011 785 2062 mandatum
831 2013 1031 2062 futurus
1079 2013 1241 2062 fuerat
1289 2014 1435 2061 etiam
1487 2027 1633 2060 carne
1675 2014 1817 2077 spiri-

133 2086 269 2153 talis,
324 2087 465 2135 fieret
511 2088 659 2135 etiam
709 2093 874 2135 mente
930 2086 1137 2135 carnalis
1194 2093 1268 2152 et,
1323 2087 1408 2150 qui
1459 2101 1547 2134 sua
1586 2085 1818 2151 superbia

134 2159 226 2208 sibi
266 2159 539 2226 placuerat,
589 2159 678 2208 Dei
716 2161 902 2208 iustitia
942 2159 1035 2208 sibi
1075 2159 1365 2225 donaretur3
1406 2174 1497 2207 nec
1538 2161 1630 2223 sio,
1672 2166 1727 2208 ut
1765 2161 1817 2207 in

135 2248 222 2282 sua
263 2239 395 2282 esset
426 2232 719 2281 omnimodis
750 2239 1010 2299 potestate,
1051 2233 1138 2282 sed
1179 2248 1206 2281 a
1245 2248 1296 2281 se
1337 2234 1442 2296 ipse
1483 2247 1680 2296 quoque
1721 2232 1815 2282 dis·
1850 2242 1906 2283 25

134 2308 354 2355 sentiens
405 2305 496 2355 suh
528 2305 655 2372 illo,
710 2308 791 2354 cui
828 2307 1077 2371 peccando
1118 2307 1393 2366 consensit,
1444 2320 1535 2370 pro
1575 2305 1818 2371 libertate,

131 2395 276 2444 quam
332 2380 635 2445 concupivit,
689 2379 863 2428 duram
910 2382 1239 2444 miseramque
1298 2385 1466 2443 ageret
1513 2381 1816 2445 servitutem,

131 2459 360 2502 mortuus
401 2454 579 2518 spiritu
626 2452 794 2501 volens
835 2459 885 2501 et
924 2468 1130 2518 corpore
1170 2455 1443 2502 moriturus
1482 2454 1687 2518 invitUS,
1734 2452 1815 2500 de-

130 2532 291 2575 sertor
341 2533 568 2575 aeternae
615 2527 741 2574 vitae
783 2527 928 2574 etiam
970 2533 1191 2592 aeterna,
1237 2528 1332 2575 nisi
1372 2527 1526 2590 gratia
1564 2525 1812 2590 liberaret,

132 2606 291 2648 morte
337 2599 609 2648 damnatus
687 2598 922 2663 Quisquis
970 2599 1118 2649 huius
1164 2599 1296 2649 modi
1335 2599 1696 2648 damnationem
1736 2598 1811 2646 vel
1845 2609 1902 2650 30

248 2727 294 2782 4)
328 2725 438 2771 Gen.
472 2731 513 2781 3,
548 2730 601 2769 12
635 2740 700 2781 sq.

248 2891 273 2930 3
306 2885 451 2930 alium
482 2901 507 2932 v
531 2889 546 2943 ΙΙ
570 2892 595 2930 9
626 2886 718 2930 fuit
757 2886 894 2931 VAF
919 2888 1023 2941 (vol.
1058 2888 1105 2943 I,
1135 2891 1240 2944 133,
1273 2892 1328 2932 31
1326 2892 1375 2946 )‚·
1406 2888 1548 2934 fuerit
1576 2901 1604 2933 v

1395 2960 1457 3006 3²8
