2004 3140
142 942 195 981 10

139 1310 192 1350 15

135 1678 190 1719 20

135 2180 194 2219 25

136 2578 192 2616 30

227 146 333 198 618
906 157 940 189 s.
965 157 1238 191 AUGUSTINI

227 270 460 335 credidit,
517 285 663 334 quem
715 269 1021 319 crediturum
1069 272 1174 334 ipse
1224 269 1461 336 laudavit,
1511 272 1615 335 ipse
1667 272 1908 338 promisit,

225 347 330 408 ipse
364 343 637 408 complevit.
685 343 862 392 Utrum
899 345 1030 392 enim
1067 359 1165 391 non
1198 350 1361 408 potest
1395 344 1556 393 facere
1594 351 1649 394 ut
1685 352 1910 410 resurgat

229 433 341 466 caro
390 424 438 466 et
488 418 615 466 vivat
653 419 704 465 in
744 424 1023 483 aeternum,
1064 432 1123 465 an
1163 423 1426 482 propterea
1466 418 1768 467 credendum
1809 434 1908 468 non

227 499 302 540 est
350 491 399 540 id
449 506 560 540 eum
608 506 715 539 esse
765 492 1037 557 facturum,
1093 492 1206 555 quia
1252 490 1431 539 malum
1485 498 1561 540 est
1600 499 1744 556 atque
1784 491 1908 541 indi·

226 581 377 629 gnum
430 572 505 614 est
551 562 689 614 Deo?
767 565 863 613 Sed
915 565 975 613 de
1023 566 1377 629 omnipotentia
1425 566 1556 629 eiUS,
1605 581 1699 629 qua
1749 572 1822 614 tot
1861 572 1911 615 et

226 646 359 687 tanta
399 639 514 687 facit
546 638 866 700 incredibilia,
906 641 1002 687 iam
1042 638 1194 687 multa
1233 637 1459 686 diximus.
1539 638 1590 686 Si
1629 639 1798 689 volunt
1836 641 1908 688 in-

227 714 395 761 venire
437 712 566 776 quod
608 714 918 777 omnipotens
959 728 1058 760 non
1096 718 1282 776 potest,
1322 710 1504 760 habent
1541 727 1771 779 morsm,
1820 728 1909 777 ego

227 786 406 835 dicam:
454 787 652 835 mentiri
699 802 798 834 non
844 792 1022 851 potest.
1101 785 1369 834 Credamus
1421 801 1537 849 ergo
1578 786 1708 850 quod
1747 793 1912 851 potest

229 875 327 908 non
384 856 629 908 credendo
687 860 817 924 quod
869 875 967 908 non
1019 866 1196 924 potest.
1273 859 1382 907 Non
1432 861 1597 923 itaque
1650 859 1910 909 credentes

230 932 360 997 quod
392 934 591 982 mentiri
622 936 780 998 possit
814 933 1018 982 credant
1058 948 1166 982 6336
1208 933 1453 981 facturum
1493 932 1624 996 quod
1665 949 1717 982 se
1758 934 1910 982 factu-

224 1022 334 1056 rum
369 1022 476 1055 esse
509 1009 750 1074 promisit,
789 1014 838 1056 et
878 1009 948 1056 sic
989 1006 1207 1073 credant,
1247 1008 1394 1055 sicuti
1433 1006 1643 1056 credidit
1681 1007 1910 1074 mundus,

225 1095 370 1144 quem
423 1079 730 1129 crediturum
779 1096 886 1130 esse
934 1081 1201 1146 praedixit,
1257 1095 1402 1144 quem
1455 1080 1761 1130 crediturum
1801 1096 1908 1130 esse

223 1154 447 1220 laudavit,
487 1169 635 1218 quem
675 1155 982 1204 crediturum
1021 1170 1130 1203 esse
1167 1155 1415 1219 promisit,
1465 1169 1611 1218 quem
1644 1154 1910 1204 credidisse

223 1230 320 1277 iam
359 1227 588 1276 ostendit.
659 1228 762 1278 Hoc
803 1236 967 1278 autem
1002 1227 1180 1277 malum
1215 1242 1322 1276 esse
1363 1227 1493 1276 unde
1534 1225 1911 1277 demonstrant?

224 1301 331 1350 Non
380 1303 475 1350 erit
520 1301 619 1351 illic
667 1302 766 1351 ulla
814 1304 1091 1367 corruptiO,
1140 1301 1270 1365 quod
1323 1307 1397 1349 est
1444 1303 1666 1366 corporis
1697 1302 1911 1351 malum.

223 1375 292 1423 De
333 1375 505 1423 ordine
546 1375 904 1424 elementorum
944 1377 1040 1424 iam
1081 1374 1458 1440 disputavimus3
1510 1375 1569 1423 de
1611 1375 1716 1424 aliis
1756 1375 1909 1424 homi-

223 1464 342 1497 num
382 1450 682 1497 coniecturis
731 1451 848 1498 satis
897 1450 1130 1514 diximus;
1179 1455 1359 1512 quanta
1406 1450 1470 1496 sit
1509 1449 1674 1497 futura
1713 1451 1763 1498 in
1804 1464 1911 1498 cor-

222 1538 341 1586 pore
396 1522 761 1587 incorruptibili
816 1523 1020 1571 facilitas
1074 1528 1259 1588 motUS,
1316 1522 1375 1570 de
1431 1524 1708 1586 praesentis
1753 1522 1910 1572 bonae

222 1595 514 1644 valetudinis
576 1603 964 1661 temperamento
978 1636 991 1663 ,
1051 1611 1174 1660 quae
1231 1597 1401 1659 utique
1457 1595 1590 1644 nullo
1650 1596 1794 1645 modo
1841 1596 1911 1645 illi

224 1669 549 1734 comparanda
600 1676 675 1718 est
713 1670 1066 1735 inmortalitati,
1105 1671 1154 1717 in
1195 1668 1320 1717 libro
1361 1670 1507 1718 tertio
1548 1669 1737 1719 decimo
1778 1671 1910 1736 satiS,

223 1750 278 1792 ut
332 1744 533 1808 opinor,
588 1744 907 1793 ostendimus,
992 1743 1178 1808 Legant
1234 1744 1491 1807 superiora
1537 1745 1701 1808 operis
1747 1743 1910 1810 huiuS,

223 1818 307 1880 qui
358 1815 431 1865 vel
470 1832 569 1865 non
608 1817 836 1882 legerunt
874 1817 948 1866 vel
987 1816 1157 1866 volunt
1195 1816 1415 1865 recolere
1458 1817 1589 1880 quod
1628 1817 1870 1882 legerunt.

858 1990 1051 2045 CAPUT
1077 1989 1272 2043 XXVI.

233 2098 338 2155 Quo
389 2099 533 2146 modo
574 2098 855 2160 Porphyrii
901 2100 1148 2158 definitio,
1197 2112 1297 2158 qua
1345 2099 1505 2147 Dentis
1545 2100 1725 2146 animis
1758 2102 1910 2159 putat

227 2185 412 2232 corpus
462 2185 604 2219 omne
651 2171 981 2232 sumendum,
1042 2174 1198 2233 ipsius
1251 2172 1476 2220 Platonis
1525 2173 1772 2219 sententia
1824 2172 1906 2220 de—

273 2249 520 2309 struatur,
561 2247 650 2303 qui
686 2247 812 2293 dicit
850 2259 1091 2293 summum
1131 2245 1291 2293 Deum
1332 2246 1429 2293 diis
1461 2246 1765 2306 promisisse,
1805 2249 1860 2293 ut

577 2332 847 2378 numquam
887 2319 1187 2379 corporibus
1226 2324 1550 2366 exuerentur.

372 2418 468 2468 Sed
501 2419 804 2485 Porphyrius
838 2422 918 2485 ait,
960 2421 1206 2484 inquiunt,
1238 2426 1293 2468 ut
1324 2419 1464 2469 beata
1498 2421 1560 2469 sit
1593 2422 1766 2486 anima,
1799 2435 1905 2468 cor·

224 2508 317 2556 pus
358 2508 467 2541 esse
507 2509 650 2542 omne
703 2494 1003 2558 fugiendum.
1081 2493 1211 2541 Nihil
1251 2508 1367 2557 ergo
1407 2493 1632 2559 prodest,
1681 2495 1794 2557 quia
1833 2495 1904 2542 in·

227 2565 546 2630 corruptibile
587 2567 799 2616 diximus
840 2568 1063 2616 futurum
1105 2581 1308 2632 corpus,
1348 2568 1389 2614 si
1428 2567 1587 2615 anima
1625 2566 1766 2615 beata
1806 2581 1904 2614 non

224 2640 347 2705 erit,
395 2641 490 2688 nisi
544 2655 687 2689 omne
745 2656 924 2705 corpus
981 2641 1222 2704 effugerit.
1302 2639 1398 2688 Sed
1449 2641 1543 2688 iam
1595 2647 1643 2688 et
1688 2639 1802 2688 hinc
1853 2641 1905 2688 in

340 2829 367 2867 4
396 2824 642 2881 indignum
674 2826 744 2868 est
776 2823 848 2878 R,·
888 2826 960 2868 est
993 2838 1075 2868 om.
1107 2825 1180 2868 Av
1211 2826 1226 2882 ΙΙ
1258 2831 1283 2869 6
1316 2824 1427 2869 fecit
1455 2826 1506 2881 ἡ]
1535 2827 1550 2882 ΙΙ
1576 2830 1627 2868 11
1663 2825 1800 2868 sicuti
1831 2824 1901 2877 A;

226 2882 345 2926 sieut
374 2882 451 2926 hic
483 2883 530 2926 R
537 2900 554 2936 ,·
586 2882 706 2926 sicut
735 2897 760 2926 v
1823 2894 1826 2895 ’
