2004 3140
558 151 624 182 m]
649 149 888 183 CIVITATE
911 150 1000 182 Dm
1023 150 1064 182 L.
1088 149 1212 182 xxn.
1236 149 1273 182 c.
1298 150 1329 182 3.
1354 151 1386 182 4.
1707 138 1814 191 557

125 268 338 328 pulvere
377 259 520 330 (sive,
559 269 615 313 ut
646 262 843 327 quidam
882 264 1195 328 interpretati
1235 269 1364 330 sunt,
1405 259 1620 330 aqqere)
1662 279 1813 313 exur-

128 344 271 400 qem,
318 339 374 387 ht
418 339 469 386 z'n
518 340 668 387 vitam
709 343 969 386 aeternam
1026 343 1075 386 et
1120 339 1176 387 1ιὶ
1220 340 1272 386 tn
1312 339 1637 400 opprobrium
1677 344 1726 387 et
1764 341 1815 387 in

132 411 475 474 confusionem
515 418 776 461 aeternam
786 429 805 469 ;
856 419 905 461 et
946 411 1038 459 alio
1077 411 1185 460 loco
1226 427 1314 475 per
1355 411 1565 460 eundem
1606 411 1814 476 prophe-

130 494 250 535 tam:
289 487 556 548 Accipient
593 501 805 548 reqnmn
843 489 1013 535 saneti
1047 487 1291 535 Altis-§imi
1335 491 1384 534 et
1429 487 1721 535 obtinebunt
1759 488 1814 535 il-

130 562 221 609 lud
249 574 406 620 usque
438 562 490 608 tn
520 564 777 610 saeculum
812 566 860 610 et
890 575 1047 621 usque
1080 562 1131 608 tn
1170 563 1426 609 saeculum
1465 563 1816 618 saeculoram;
1848 570 1874 608 5

130 641 179 683 et
210 633 354 699 paulo
386 641 520 698 post:
559 635 805 700 Reqnum,
843 635 1018 699 inquit,
1051 637 1158 683 eius
1189 648 1402 695 reqnum
1433 636 1816 696 sempiternum;

130 714 181 757 et
220 707 312 769 alia
351 723 474 772 quae
515 708 573 757 ad
613 708 707 756 hoe
756 709 1057 773 pertinentia
1095 709 1146 756 in
1185 706 1310 756 libro
1350 709 1618 756 vicensimo
1658 709 1816 772 posui,

131 783 232 831 sive
282 797 405 846 quae
452 797 552 831 non
598 783 742 846 posui
790 789 839 831 et
884 787 1047 830 tamen
1098 783 1148 830 in
1191 781 1377 830 eisdem
1414 781 1594 831 litteris
1634 782 1816 846 scripta

131 862 261 922 sunt,
300 858 498 904 venient
536 863 585 905 et
623 855 767 922 haec,
807 857 935 905 sicut
974 858 1066 904 ista
1105 862 1370 922 venerunt,
1408 871 1532 920 quae
1573 854 1818 904 increduli

131 945 230 979 non
275 929 514 994 putabant
561 945 670 979 esse
719 937 938 979 ventura.
1014 929 1150 979 Idem
1199 932 1378 994 quippe
1427 929 1558 978 Deus
1606 938 1816 994 utraque
1852 939 1905 978 10

130 1005 377 1070 promisit,
427 1011 633 1068 utraque
682 1011 888 1053 ventura
936 1019 1043 1052 esse
1090 1004 1359 1071 praedixit,
1414 1019 1562 1068 quem
1612 1003 1816 1068 perhor-

131 1085 335 1127 rescunt
373 1080 576 1127 numina
614 1093 939 1144 paganorum,
990 1080 1136 1127 etiam
1177 1085 1302 1127 teste
1343 1077 1639 1143 Porphyri0‚
1682 1076 1816 1126 nobi-

130 1151 315 1201 lissimo
355 1151 646 1217 philosopho
686 1167 1002 1217 paganorum.

815 1368 1008 1424 CAPUT
1043 1368 1135 1422 IV.

139 1479 326 1528 Contra
357 1479 608 1539 sapientes
631 1479 820 1538 mundi,
853 1480 942 1538 qui
965 1483 1151 1540 putant
1182 1482 1389 1526 terrena
1421 1478 1674 1526 hominum
1706 1491 1816 1526 eor-
1853 1484 1906 1524 15

208 1566 341 1614 pora
381 1553 452 1600 ad
488 1554 703 1601 caeleste
741 1553 1086 1601 habitaculam
1124 1565 1223 1600 non
1258 1565 1405 1613 posse
1444 1550 1734 1612 transferri.

216 1687 232 1695 -
285 1654 381 1704 Sed
430 1653 658 1704 videlicet
703 1654 927 1703 homines
976 1654 1108 1704 docti
1155 1661 1302 1719 atque
1350 1655 1596 1718 sapientes
1647 1660 1818 1702 contra

132 1731 231 1778 vim
268 1735 430 1778 tantae
471 1730 792 1795 auctoritatiS,
832 1743 956 1793 quae
997 1730 1159 1777 omnia
1197 1743 1378 1792 genera
1418 1728 1687 1794 hominum,
1726 1729 1818 1776 sic-

134 1812 190 1855 ut
227 1810 363 1853 tanto
404 1809 515 1852 ante
554 1801 813 1869 praedixit,
852 1804 902 1851 in
944 1802 1038 1851 hoc
1079 1801 1382 1851 credendum
1421 1801 1818 1866 sperandumque

133 1879 397 1942 convertit,
445 1883 586 1926 acute
636 1875 728 1925 sibi
776 1878 1108 1941 argumentari
1154 1875 1384 1925 videntur
1430 1875 1665 1924 adversus
1713 1890 1819 1924 cor·
1853 1884 1908 1923 20

133 1967 310 2018 porum
350 1952 767 2000 resurrectionem
800 1958 850 2000 et
881 1950 1046 1999 dicere
1088 1949 1219 2014 quod
1258 1952 1310 1999 in
1349 1951 1496 1999 tertio
1536 1948 1597 1997 de
1637 1964 1691 1997 re
1729 1964 1819 2014 pu-

133 2025 260 2074 blica
313 2023 439 2073 libro
495 2039 521 2072 a
576 2023 813 2073 Cicerone
865 2030 1306 2073 commemoratum
1356 2030 1444 2072 est.
1532 2021 1655 2071 Nam
1707 2037 1820 2071 cum

135 2098 400 2148 Herculem
441 2105 490 2147 et
520 2097 786 2146 Romulum
826 2113 884 2146 ex
922 2096 1204 2146 hominibus
1244 2097 1362 2146 deos
1402 2111 1512 2145 esse
1552 2096 1705 2145 factos
1746 2110 1818 2144 as-

137 2179 407 2222 severaret:
445 2171 711 2239 „Quorum
751 2187 850 2220 non
891 2186 1121 2236 corpora,
1161 2172 1344 2238 inquit,
1385 2176 1500 2219 sunt
1539 2172 1590 2218 in
1630 2169 1820 2219 caelum

137 2247 280 2312 elata;
327 2261 488 2311 neque
537 2247 669 2295 enim
716 2251 890 2294 natura
940 2252 1217 2312 pateretur,
1264 2251 1320 2294 ut
1358 2243 1407 2293 id
1447 2243 1579 2308 quod
1620 2250 1752 2293 esset
1791 2259 1817 2292 e
1850 2251 1907 2292 25

135 2328 268 2370 terra
315 2321 410 2369 nisi
455 2322 506 2368 in
553 2326 688 2368 terra
733 2315 1007 2369 maneret.“
1082 2318 1213 2368 Haec
1253 2325 1329 2367 est
1369 2333 1541 2382 magna
1582 2319 1705 2367 ratio
1747 2332 1818 2366 sa·

135 2395 401 2460 pientium,
455 2408 668 2458 quorum
707 2394 950 2443 Dominus
996 2396 1134 2443 novit
1178 2395 1529 2454 eoqz‘tattoneS,
1584 2393 1821 2452 quoniam

137 2483 302 2517 vanae
353 2473 484 2517 sunt.
562 2466 614 2515 Si
660 2468 791 2516 enim
837 2468 1026 2516 animae
1082 2465 1420 2516 tantummodo
1473 2479 1695 2513 essemus
1707 2503 1720 2530 ,
1770 2464 1820 2512 id

139 2549 214 2590 est
253 2542 358 2589 sine
399 2540 498 2590 ullo
539 2555 747 2605 corpore
787 2542 1015 2606 spiritus,
1054 2547 1103 2589 et
1140 2541 1191 2588 in
1231 2538 1364 2588 caelo
1405 2537 1681 2587 habitantes
1721 2543 1818 2586 ter-

257 2670 302 2723 3)
335 2667 451 2712 Dan.
496 2671 571 2722 12,
613 2672 635 2710 1
671 2682 737 2722 sq.
799 2668 845 2723 5)
885 2666 1001 2711 Dan.
1043 2671 1092 2721 7,
1133 2670 1201 2710 18.
1265 2667 1311 2722 6)
1350 2665 1418 2710 1b.
1457 2669 1528 2710 27.
1594 2665 1637 2720 7)
1678 2663 1727 2710 C.
1763 2669 1818 2708 21

136 2741 234 2782 sqq.
297 2728 369 2783 22)
401 2725 448 2770 C.
482 2731 551 2770 28.
614 2727 688 2781 28)
720 2725 794 2771 ΡΒ.
827 2730 898 2779 93,
931 2730 1000 2771 11.

258 2892 283 2932 2
316 2887 365 2931 in
396 2887 514 2932 conf.
548 2886 593 2932 R
624 2900 705 2932 sec.
740 2886 899 2932 Graec.
914 2903 929 2940 ‚·
959 2886 1008 2931 in
1039 2900 1121 2931 om.
1156 2887 1227 2930 Av
1251 2888 1266 2943 ΙΙ
1290 2891 1315 2930 9
1349 2886 1470 2930 sicut
1499 2887 1548 2929 et
1577 2899 1603 2930 v
