2004 3140
544 133 609 164 DE
634 130 874 164 cwrrATE
897 131 987 163 DEI
1010 132 1052 164 L.
1076 132 1180 165 XXI.
1205 132 1242 166 o.
1267 133 1320 166 23.
1345 134 1398 166 24.
1705 122 1813 172 529

124 246 357 311 accipiet,
403 243 488 293 ubi
535 242 891 292 cruciabuntur
943 245 993 292 in
1032 244 1226 293 saecula
1267 244 1591 294 saeculorum.
1670 245 1810 303 Quod

122 321 164 368 si
204 321 272 368 ita
306 325 394 383 est,
435 333 531 382 quo
564 316 708 365 modo
750 316 808 365 ab
848 317 995 367 huius
1035 320 1324 367 aeternitate
1363 333 1550 383 poenae
1590 319 1665 368 vel
1704 322 1811 368 uni-

125 394 255 441 versi
319 392 394 440 vel
457 391 654 456 quidam
715 390 938 440 homines
992 399 1104 456 post
1159 391 1518 456 quantumlibet
1572 396 1811 458 temporis

122 465 499 531 subtrahentur,
539 481 594 514 ae
635 480 733 513 uon
775 467 938 514 statim
978 465 1292 515 enervabitur
1331 466 1476 532 fideS,
1518 482 1613 531 qua
1653 467 1810 516 credi-

124 548 206 589 tur
238 541 595 604 sempiternum
628 538 922 588 daemonum
954 540 1177 588 futurum
1218 555 1326 588 esse
1368 539 1700 604 supplicium?
1757 542 1809 590 Si
1842 549 1868 589 5

121 616 250 663 enim
285 612 464 677 quibus
497 613 713 662 dicetur:
753 614 1009 662 Bisa-edite
1042 629 1073 662 a
1113 628 1201 675 me,
1242 615 1512 678 maledicti,
1554 617 1604 663 2'22
1646 618 1810 676 iqnem

120 694 410 753 aeternum,
464 689 554 748 qui
591 691 811 749 paratus
858 693 933 736 est
978 689 1176 736 diabolo
1226 693 1274 737 et
1313 691 1507 748 anqele's
1548 691 1678 754 eim,
1733 689 1809 737 vel

119 763 339 810 universi
394 760 468 809 vel
523 760 673 824 aliqui
720 775 892 809 eorum
948 776 1046 809 non
1095 776 1290 825 semper
1345 760 1412 809 ibi
1459 769 1635 829 erunt,
1690 762 1808 827 quid

119 850 295 884 causae
343 841 420 883 est
466 849 556 883 cur
603 833 825 882 diabolus
875 842 924 883 et
963 834 1121 898 augeli
1161 837 1268 884 eius
1309 850 1505 899 semper
1544 835 1613 884 ibi
1653 837 1809 885 futuri

118 924 227 958 esse
277 905 578 957 credantur?
654 909 728 956 An
768 908 895 957 sorte
942 907 1032 957 Dei
1078 910 1344 974 sententia,
1397 925 1520 973 quae
1561 911 1612 958 iu
1652 910 1806 959 malos
1842 919 1897 958 10

115 990 166 1031 et
224 982 423 1046 angelos
472 989 521 1031 et
566 981 791 1030 homines
838 983 1144 1049 proferetur,
1191 984 1242 1031 in
1288 983 1486 1047 angelos
1537 998 1651 1032 vera
1699 986 1808 1048 erit,

116 1058 168 1105 in
208 1056 432 1105 homines
473 1051 627 1104 falsa?
702 1055 774 1104 Ita
811 1056 954 1120 plane
994 1055 1087 1105 hoe
1128 1058 1244 1122 erit,
1285 1058 1326 1105 si
1364 1072 1462 1105 non
1505 1057 1643 1121 quod-
1675 1057 1807 1106 Deus

116 1130 264 1196 dixit,
312 1129 397 1179 sed
447 1129 576 1194 quod
626 1131 941 1194 suspicantur
979 1129 1205 1178 homines
1243 1129 1356 1194 plus
1394 1130 1585 1180 valebit.
1664 1131 1807 1189 Quod

114 1205 222 1252 fieri
270 1205 382 1268 quia
431 1219 528 1252 non
577 1210 767 1269 potest,
818 1219 916 1252 uon
964 1205 1298 1267 argumentari
1348 1203 1584 1253 adversus
1631 1204 1803 1272 Deum,

114 1277 199 1326 sed
240 1277 403 1326 divino
443 1279 629 1343 potiUS,
677 1277 795 1325 dum
843 1284 1040 1342 tempus
1081 1285 1176 1343 est,
1223 1276 1407 1326 debent
1444 1293 1620 1342 parere
1660 1294 1799 1343 prae-
1836 1287 1889 1326 15

113 1359 280 1418 cepm,
327 1353 411 1415 qui
460 1353 761 1416 sempiterno
812 1353 1020 1415 cupiunt
1068 1366 1238 1400 carere
1280 1351 1536 1416 supplicio.
1614 1351 1800 1401 Deinde

113 1425 254 1489 quale
289 1432 364 1474 est
396 1432 653 1474 aeternum
686 1424 982 1489 supplicium
1014 1441 1104 1490 pro
1146 1427 1258 1488 igne
1299 1425 1524 1475 diuturni
1562 1428 1802 1491 temporis

111 1500 390 1548 existimare
450 1506 499 1548 et
551 1500 699 1548 vitam
753 1506 1002 1548 aeternam
1064 1499 1267 1548 credere
1324 1500 1429 1548 sine
1492 1500 1615 1566 fine,
1687 1515 1801 1549 cum

112 1572 337 1622 Christus
393 1572 566 1622 eodem
618 1574 726 1637 ipso
780 1572 915 1637 1000,
970 1575 1020 1621 in
1076 1589 1172 1622 una
1227 1573 1496 1637 eademque
1552 1576 1797 1623 sententia

111 1645 290 1696 dixerit
319 1653 586 1711 utrumque
628 1646 933 1710 complexus:
974 1647 1062 1695 Sic
1102 1649 1246 1696 ibunt
1284 1649 1368 1696 isti
1406 1649 1457 1695 in
1497 1650 1796 1710 supplicium
1829 1656 1885 1695 20

111 1726 387 1780 aeternum,
428 1723 550 1769 iusti
586 1726 752 1770 autem
793 1722 844 1768 in
884 1723 1036 1768 vitam
1076 1716 1374 1769 aeternam?
1437 1719 1489 1768 Si
1530 1727 1797 1786 utrumque

110 1802 392 1860 aeternum,
442 1794 665 1859 profecto
725 1800 809 1843 aut
866 1800 1133 1857 utrumque
1193 1809 1307 1842 eum
1356 1793 1452 1842 fine
1505 1794 1797 1844 diuturnum

110 1875 194 1916 aut
217 1874 482 1932 utrumque
516 1870 622 1916 sine
654 1868 750 1916 fine
774 1874 1071 1932 perpetuum
1101 1866 1248 1916 debet
1271 1867 1502 1932 intellegi.
1564 1867 1659 1916 Par
1690 1870 1798 1934 pari

110 1943 242 1990 enim
292 1941 443 1991 relata
493 1949 633 2007 sunt,
687 1941 802 1990 hinc
852 1941 1149 2006 supplicium
1199 1948 1481 2007 aeternum,
1536 1941 1649 1991 inde
1699 1943 1796 1992 vita

109 2022 322 2064 aeterna.
384 2015 557 2064 Dicere
590 2022 754 2064 autem
785 2017 836 2063 in
867 2014 961 2064 hoc
993 2029 1092 2064 uno
1134 2015 1406 2079 eodemque
1446 2030 1618 2064 sensu:
1656 2015 1794 2081 „Vita
1828 2024 1884 2063 25

110 2097 308 2137 aeterna
339 2091 444 2138 sine
477 2089 572 2138 fine
607 2091 716 2154 erit,
755 2087 1050 2152 supplicium
1083 2095 1339 2137 aeternum
1381 2088 1528 2137 finem
1568 2085 1800 2138 habebit“

110 2162 318 2211 multum
349 2162 618 2212 absurdum
650 2168 740 2211 est.
816 2158 1118 2228 Unde,'quia
1149 2163 1245 2210 vita
1278 2168 1475 2211 aeterna
1509 2168 1793 2212 sanctorum

111 2238 216 2285 sine
268 2234 371 2285 fine'
415 2238 532 2296 erit,
585 2236 879 2301 supplicium
928 2250 1124 2300 quoque
1174 2242 1430 2284 aeternum
1480 2235 1660 2300 quihus
1701 2238 1797 2286 erit

109 2309 256 2359 finem
295 2309 470 2374 procul
508 2309 657 2359 dubio
698 2325 796 2358 non
835 2308 1048 2358 habebit.

738 2437 932 2492 CAPUT
971 2437 1168 2490 XXIV.
1828 2451 1886 2490 30

117 2531 304 2579 Contra
354 2545 527 2580 eorum
575 2545 793 2593 sensum,
841 2533 931 2591 qui
969 2533 1021 2579 2⁸72
1063 2531 1253 2579 iudicio
1293 2530 1392 2578 Dei
1428 2530 1654 2578 omnibus
1692 2531 1795 2578 reis

199 2609 412 2666 propter
451 2609 743 2653 sanctorum
774 2619 959 2667 preces
991 2608 1180 2666 putant
1217 2617 1323 2652 esse
1356 2604 1690 2665 parcendum.

259 2691 363 2740 Hoc
411 2698 576 2741 autem
625 2698 674 2740 et
720 2691 954 2740 adversus
994 2705 1078 2739 eos
1118 2689 1268 2755 valet,
1316 2691 1401 2754 qui
1441 2705 1555 2739 suas
1596 2697 1795 2755 agentes

112 2780 282 2813 causas
323 2772 495 2814 contra
535 2764 623 2814 Dei
662 2766 829 2814 venire
876 2763 1024 2813 verba
1062 2762 1195 2812 velut
1234 2763 1569 2813 misericordia
1611 2765 1794 2813 maiore

227 2864 302 2918 21)
333 2862 414 2907 Mt.
449 2866 519 2917 25,
553 2867 622 2906 46.

198 2952 292 2977 nm.
316 2952 369 2976 ms
394 2951 470 2978 σιν.
495 2952 575 2977 nm.
621 2944 672 2977 ΙΙ.
1382 2939 1438 2978 34
