2004 3140
213 138 320 190 448
893 149 929 183 s,
952 147 1230 183 Auens'rnu

215 261 406 311 dubitat
458 261 622 311 dicere
673 261 1002 326 perditionem
1051 261 1296 327 futuram,
1348 275 1461 310 cum
1509 268 1672 310 tamen
1723 275 1897 310 eorum

218 337 440 400 quamvis
479 337 531 384 in
571 337 786 384 aeternis
826 337 1000 402 poenis
1040 335 1104 383 sit
1143 349 1375 383 mansura
1413 342 1603 385 natura.
1683 334 1897 392 Quaerat

215 410 422 458 forsitan
462 408 662 474 aliquiS,
703 411 745 458 si
784 416 895 475 post
934 410 1118 458 factum
1157 407 1395 457 iudicium
1433 410 1527 459 iste
1567 408 1782 459 mundus
1822 423 1897 458 ar-

218 482 379 549 debit,
434 491 699 547 antequam
744 498 834 548 pro
881 483 964 532 illo
1017 482 1206 531 caelum
1257 497 1438 531 novum
1491 491 1542 533 et
1591 490 1725 533 terra
1776 497 1900 531 nova

157 566 182 606 5
217 563 501 623 reponatur,
542 573 599 606 eo
640 559 748 622 ipso
780 564 1004 622 tempore
1047 555 1442 620 conflagrationis
1483 559 1588 607 eius
1629 556 1713 606 ubi
1752 562 1901 606 erunt

216 633 388 697 sancti,
428 646 541 680 cum
574 646 658 680 eos
690 630 929 680 habentes
969 645 1176 695 corpora
1215 632 1264 679 in
1306 629 1467 694 aliquo
1508 630 1754 696 corporali
1790 630 1899 680 loco

215 720 325 754 esse
364 720 569 754 necesse
610 707 686 754 sit.
763 706 1035 754 Possumus
1087 703 1389 768 respondere
1429 704 1624 754 futuros
1665 720 1749 754 eos
1790 719 1898 754 esse

214 779 267 827 in
322 778 664 844 superioribus
715 778 939 844 partibus
951 819 964 845 ‚
1021 793 1118 843 quo
1166 779 1232 827 ita
1279 793 1377 826 non
1427 779 1658 828 ascendet
1705 779 1897 827 flamma

214 851 346 902 illius
384 853 623 920 incendii,
671 869 819 918 quem
865 853 923 902 ad
963 852 1296 902 modumvnec
1337 851 1466 901 unda
1505 852 1687 902 diluvii.
1764 851 1897 902 Talia

128 935 181 974 10
216 927 397 991 quippe
436 926 531 975 illis
570 929 773 976 inerunt
812 942 1035 992 corpora,
1074 932 1130 975 ut
1167 925 1267 974 illic
1308 927 1420 992 sint,
1461 925 1546 975 ubi
1586 941 1694 976 esse
1734 925 1899 975 volue-

214 1001 331 1049 rint.
411 1000 506 1050 Sed
554 1017 645 1050 nec
692 1003 857 1066 ignem
913 1001 1309 1065 conflagrationis
1358 999 1491 1049 illius
1546 1002 1899 1065 pertimescent

214 1074 501 1123 inmortales
552 1082 699 1140 atque
747 1074 1149 1139 incorruptibiles
1199 1074 1336 1141 facti,
1389 1075 1431 1122 si
1478 1075 1698 1123 virorum
1745 1075 1898 1123 trium

217 1148 556 1212 corruptibilia
611 1164 818 1213 corpora
874 1155 1020 1213 atque
1074 1147 1299 1197 mortalia
1351 1150 1402 1196 in
1459 1149 1650 1196 camino
1706 1148 1898 1197 ardenti

213 1220 397 1271 inlaesa
437 1224 599 1272 vivere
639 1229 923 1288 potuerunt.

127 1436 179 1475 15
682 1420 685 1422 ’
874 1423 1070 1477 CAPUT
1103 1423 1245 1476 XIX.

221 1531 355 1589 Quia
399 1534 651 1593 apostolus
698 1532 888 1581 Paulus
946 1531 1466 1580 Thessalonicensibus
1519 1532 1784 1593 scripserit
1837 1533 1900 1582 de

264 1603 670 1665 manifestatione
708 1605 1030 1665 Antichristi,
1078 1607 1224 1654 euius
1272 1611 1461 1669 tempus
1501 1606 1608 1654 dies
1647 1606 1851 1654 Domini

881 1680 1224 1740 subsequetur.

360 1781 536 1831 Multas
570 1781 873 1846 evangelicas
905 1781 1296 1846 apostolicasque
1331 1783 1600 1831 sententias
1634 1781 1693 1830 de
1733 1781 1893 1831 divino

126 1862 180 1902 20
213 1856 307 1904 isto
347 1855 530 1904 iudicio
571 1857 835 1905 novissimo
875 1856 1014 1904 video
1066 1855 1187 1904 mihi
1227 1871 1334 1904 esse
1373 1854 1783 1922 praetereundaS,
1831 1871 1892 1905 ne

213 1928 306 1978 hoc
361 1929 590 1978 volumen
643 1931 695 1977 in
749 1931 948 1978 nimiam
1004 1929 1361 1994 longitudinem
1416 1929 1752 1994 provolvatur3
1809 1928 1895 1978 sed

211 2002 347 2051 nullo
387 2003 532 2051 modo
573 2009 648 2052 est
685 2003 1079 2067 praetereundus
1118 2003 1368 2067 apostolus
1408 2002 1615 2069 Paulus,
1655 2005 1739 2068 qui
1779 2004 1897 2052 scri-

212 2075 334 2125 bens
375 2077 434 2125 ad
474 2075 963 2126 Thessalonicenses:
1010 2078 1290 2138 RoqamuS,
1330 2077 1514 2143 inquit,
1554 2091 1652 2138 vos,
1687 2075 1898 2138 fratres,

208 2163 305 2211 per
336 2152 605 2199 adventum
645 2151 849 2199 Domini
879 2153 1041 2199 nostri
1072 2151 1188 2199 Iesu
1227 2151 1416 2198 Christi
1453 2157 1502 2199 et
1538 2156 1743 2200 nostrae
1782 2165 1897 2199 eon-

125 2229 179 2269 25
209 2225 524 2283 yreyationis
558 2226 608 2272 in
642 2226 815 2284 ipsum,
855 2230 911 2272 ut
942 2238 1041 2272 non
1074 2226 1172 2272 cito
1204 2226 1504 2272 moveamini
1539 2229 1699 2274 mente
1737 2239 1899 2286 neque

213 2299 515 2345 terreamini
558 2311 718 2358 neque
752 2310 848 2358 per
894 2299 1128 2358 spiritum
1166 2312 1326 2358 neque
1358 2312 1456 2358 per
1495 2299 1700 2346 verbum
1739 2312 1899 2358 neque

208 2384 306 2432 per
339 2373 602 2432 epistulam
635 2376 889 2432 tamquam
917 2386 1012 2432 per
1044 2385 1145 2429 nos,
1186 2372 1334 2431 quasi
1365 2372 1514 2419 instet
1544 2372 1650 2419 dies
1682 2371 1895 2430 Domini,

212 2459 275 2492 ne
314 2447 424 2504 quis
462 2459 548 2493 vos
585 2446 799 2493 seducat
827 2448 926 2493 ullo
966 2446 1108 2493 modo
1118 2461 1137 2502 ;
1175 2446 1411 2506 quoniam
1450 2446 1551 2492 nisi
1587 2447 1781 2494 venerit
1818 2460 1895 2494 re-

208 2515 339 2577 fuqa
372 2520 594 2579 primum
633 2523 682 2568 et
719 2522 971 2568 revelatus
1004 2517 1169 2579 fuerit
1205 2519 1348 2567 homo
1382 2520 1607 2580 peceati,
1643 2521 1781 2578 filius
1821 2520 1893 2567 in-

335 2661 406 2714 14)
438 2660 552 2704 Dan.
586 2664 627 2715 3,
660 2663 731 2703 25.

332 2825 356 2863 7
391 2819 469 2878 sit]
504 2822 574 2864 est
604 2820 670 2864 R¹
709 2822 724 2877 ΙΙ
771 2825 821 2864 12
856 2821 893 2866 si
924 2834 1037 2874 mss;
1077 2820 1196 2865 sicut
1225 2834 1251 2865 υ
1289 2821 1305 2876 ΙΙ
1343 2825 1398 2865 27
1438 2833 1522 2877 per
1552 2833 1635 2864 nos
1668 2819 1781 2864 R1A
1811 2833 1894 2864 see.

214 2877 400 2932 Graec&
437 2893 520 2936 per
549 2893 633 2924 nos
664 2880 851 2924 missam
882 2894 907 2924 v
