2044 3146
602 133 669 166 DE
693 131 934 167 cumam
958 131 1048 164 Dm
1072 131 1114 165 n.
1139 131 1265 166 xvn.
1290 130 1328 164 c.
1353 133 1384 167 2.
1739 119 1843 173 199

160 251 265 314 ipso
304 247 485 315 populo
523 243 936 311 promissionibus
977 244 1065 294 Dei
1105 260 1278 310 magna
1316 247 1412 295 iam
1452 260 1512 294 ex
1550 251 1705 311 parte,
1745 260 1846 296 non

162 323 318 373 solum
357 336 480 387 quae
519 319 680 369 tribus
719 318 816 368 illis
855 318 1095 385 patribuS,
1134 318 1382 368 Abraham
1421 319 1554 368 Isaac
1596 326 1645 369 et
1683 319 1844 387 Iacob,

160 403 211 446 et
242 409 578 460 quaecumque
611 393 731 443 aliae
763 393 1072 458 temporibus
1105 409 1294 459 eorum,
1333 408 1507 442 verum
1539 396 1687 443 etiam
1718 409 1842 458 quae

158 485 248 535 per
287 471 446 534 ipsum
485 467 708 533 Moysen,
755 482 846 532 per
896 482 1044 532 quem
1082 467 1295 533 populus
1334 466 1464 516 idem
1504 467 1564 517 113
1604 469 1842 518 servitute

155 544 391 608 Aegyptia
426 542 663 592 liberatus
704 548 752 591 et
789 556 881 606 per
921 556 1069 606 quem
1109 547 1286 591 cuncta
1324 543 1591 606 praeterita
1630 543 1843 592 revelata

156 623 287 682 511111,
327 615 630 681 temporibus
661 618 784 682 eiuS‚
824 630 937 665 cum
969 614 1207 680 populum
1238 631 1329 680 per
1362 630 1583 664 eremum
1623 616 1843 683 duceret,

154 691 310 740 factae
351 691 557 740 fuerant.
634 689 804 755 Neque
845 696 1011 740 autem
1049 704 1140 755 per
1177 691 1423 754 insignem
1463 688 1640 739 ducem
1678 689 1842 739 Iesum

154 765 300 832 Nave,
338 780 429 830 per
470 779 615 830 quem
645 763 858 830 populus
896 763 978 813 ille
1018 766 1070 813 in
1108 765 1453 830 promissionis
1492 762 1726 813 inductus
1766 771 1842 814 est

152 848 338 889 terram
389 840 779 904 expugnatisque
838 837 1069 902 gentibus
1128 853 1235 887 eam
1287 837 1548 887 duodecim
1594 837 1842 905 tribubuS‚

152 913 333 978 quibus
372 913 503 962 Deus
541 915 772 979 iusserat,
820 913 985 962 divisit
1023 919 1074 962 et
1111 919 1338 962 mortuus
1378 919 1475 978 est,
1527 927 1688 977 neque
1728 920 1841 977 post

151 987 290 1037 illum
330 993 432 1037 toto
482 994 703 1051 tempore
750 985 971 1036 iudicum
1008 986 1208 1051 impleta
1247 986 1409 1035 fuerat
1448 988 1711 1050 promissio
1751 987 1840 1036 Dei

149 1061 210 1110 de
267 1068 399 1110 terra
445 1060 673 1110 Chanaan
719 1076 746 1110 a
794 1060 1006 1126 quodam
1059 1060 1261 1109 flumine
1309 1060 1516 1125 Aegypti
1568 1076 1727 1126 usque
1780 1061 1840 1110 ad

149 1135 334 1184 flumen
382 1149 612 1200 magnum
657 1134 965 1200 Euphraten3
1016 1149 1108 1183 nec
1158 1140 1324 1184 tamen
1372 1134 1530 1183 adhuc
1577 1135 1837 1200 propheta-

148 1209 294 1258 batur
349 1210 596 1274 futurum,
652 1208 738 1258 sed
785 1207 1136 1274 expectabatur
1182 1207 1501 1272 implendum.
1576 1208 1840 1274 Impletum

147 1290 226 1332 est
265 1290 429 1332 autem
467 1297 558 1348 per
591 1282 740 1332 David
781 1289 830 1332 et
870 1284 977 1332 eius
1017 1282 1171 1332 filium
1213 1281 1540 1343 Salomonem,
1580 1285 1722 1332 cuius
1762 1299 1838 1332 re-

143 1364 299 1422 gnum
339 1359 503 1423 tanto',
542 1363 782 1422 quantum
821 1358 1123 1422 promissum
1162 1357 1345 1423 fuerat,
1386 1358 1542 1421 spatio
1580 1356 1837 1407 dilatatum

145 1438 244 1496 est3
315 1433 573 1480 universos
635 1433 817 1497 quippe
887 1430 998 1480 illos
1060 1429 1388 1480 subdiderunt
1448 1430 1836 1497 tributariosque

146 1505 391 1555 fecerunt.
469 1504 550 1554 Sic
588 1507 741 1571 igitur
779 1506 831 1554 in
869 1513 1003 1555 terra
1034 1506 1377 1570 promissionis
1418 1505 1691 1556 secundum
1731 1522 1835 1555 car-

145 1595 286 1644 nem,
336 1579 429 1628 hoc
478 1586 553 1628 est
599 1581 651 1628 in
699 1586 834 1629 terra
873 1578 1128 1646 Chanaan,
1168 1578 1261 1628 sub
1307 1579 1385 1628 his
1424 1579 1626 1644 regibus
1665 1595 1835 1630 semen

146 1653 367 1701 Abrahae
423 1653 584 1702 fuerat
638 1655 985 1719 constitutum,
1039 1659 1096 1702 ut
1142 1653 1264 1703 nihil
1311 1653 1487 1703 deinde
1536 1661 1835 1721 superesset,

144 1742 244 1791 quo
278 1734 477 1776 terrena
514 1726 595 1775 illa
628 1726 717 1776 Dei
747 1729 1010 1792 promissio
1051 1727 1399 1793 compleretur,
1438 1729 1534 1777 nisi
1572 1735 1628 1778 ut
1666 1730 1718 1778 in
1758 1744 1834 1778 ea·

143 1800 260 1849 dem
298 1807 446 1867 terra,
485 1807 724 1864 quantum
756 1801 816 1850 ad
855 1803 1234 1866 prosperitatem
1273 1801 1461 1851 adtinet
1499 1803 1835 1867 temporalem,

146 1889 236 1939 per
284 1875 587 1939 posteritatis
634 1876 1003 1924 successionem
1052 1876 1349 1924 inconcusso
1397 1882 1528 1925 statu
1574 1891 1732 1941 usque
1774 1876 1834 1925 ad

145 1948 365 1997 mortalis
396 1948 544 1997 huius
577 1948 761 1998 saeculi
790 1951 1058 1998 terminum
1090 1964 1212 2013 gens
1250 1957 1565 2014 permaneret
1595 1949 1833 2017 Hebraea,

142 2023 188 2070 si
227 2021 422 2071 Domini
461 2021 549 2071 Dei
588 2024 666 2072 5111
713 2022 905 2088 legibus
944 2022 1214 2072 oboediret.
1293 2022 1390 2072 Sed
1431 2025 1662 2088 quoniam
1703 2023 1833 2074 Deus

145 2102 349 2145 noverat
386 2095 480 2145 hoc
520 2111 628 2145 eam
666 2111 766 2146 11011
806 2112 914 2146 3553
956 2098 1222 2163 facturam,
1262 2113 1382 2147 usus
1423 2104 1499 2147 est
1538 2100 1645 2148 eius
1685 2100 1834 2148 etiam

144 2169 499 2234 temporalibus
545 2173 718 2235 poenis
766 2171 826 2220 ad
876 2171 1178 2221 exercendos
1228 2173 1279 2220 iu
1330 2187 1387 2220 33
1432 2187 1616 2236 paucos
1663 2172 1831 2222 fideles

142 2258 261 2292 suos
307 2250 358 2293 et
406 2243 742 2294 admonendos
788 2246 874 2310 qui
920 2251 1091 2310 postea
1137 2245 1293 2294 futuri
1332 2253 1472 2294 erant
1511 2247 1562 2295 in
1602 2246 1831 2296 omnibus

142 2316 391 2385 gentibuS‚
432 2318 563 2383 quod
596 2334 680 2368 eos
712 2318 967 2368 admoneri
1006 2319 1278 2385 oportebat,
1317 2321 1369 2368 in
1408 2319 1588 2384 quibus
1627 2320 1830 2370 alteram

1875 924 1929 964 10

1875 1294 1927 1334 15

1869 1664 1927 1705 20

1867 2033 1921 2074 25

141 2393 521 2455 promissionem
561 2393 774 2442 revelato
815 2408 939 2442 novo
979 2399 1273 2443 testamento
1312 2409 1403 2460 per
1441 2394 1829 2444 incarnationem
1860 2404 1917 2444 30

139 2462 328 2514 Christi
366 2466 526 2515 fuerat
564 2466 873 2532 impleturus,

264 2593 336 2647 13)
370 2593 484 2637 Gen.
519 2598 587 2649 15,
623 2598 690 2638 18.

263 2757 287 2796 5
320 2752 543 2799 liberatus
574 2769 661 2800 mss
668 2774 685 2810 ;
716 2756 796 2800 lib.
831 2759 901 2801 est
931 2771 956 2801 v
980 2759 995 2813 u
1023 2762 1074 2802 16
1108 2759 1280 2813 qua-nto
1314 2772 1338 2802 v
