<?xml version="1.0" encoding="UTF-8"?>
<!DOCTYPE html PUBLIC "-//W3C//DTD XHTML 1.0 Transitional//EN"
    "http://www.w3.org/TR/xhtml1/DTD/xhtml1-transitional.dtd">
<html xmlns="http://www.w3.org/1999/xhtml" xml:lang="en" lang="en">
 <head>
  <title>
</title>
<meta http-equiv="Content-Type" content="text/html;charset=utf-8" />
  <meta name='ocr-system' content='tesseract 3.04.00' />
  <meta name='ocr-capabilities' content='ocr_page ocr_carea ocr_par ocr_line ocrx_word'/>
</head>
<body>
  <div class='ocr_page' id='page_1' title='image "./decivitatedeilib02auguuoft_0408.png"; bbox 0 0 2004 3140; ppageno 0'>
   <div class='ocr_carea' id='block_1_1' title="bbox 151 1065 206 1105">
    <p class='ocr_par' dir='ltr' id='par_1_1' title="bbox 151 1065 206 1105">
     <span class='ocr_line' id='line_1_1' title="bbox 151 1065 206 1105; baseline 0.018 -1"><span class='ocrx_word' id='word_1_1' title='bbox 151 1065 206 1105; x_wconf 88' lang='lat'>10</span> 
     </span>
    </p>
   </div>
   <div class='ocr_carea' id='block_1_2' title="bbox 154 1493 208 1533">
    <p class='ocr_par' dir='ltr' id='par_1_2' title="bbox 154 1493 208 1533">
     <span class='ocr_line' id='line_1_2' title="bbox 154 1493 208 1533; baseline 0 0"><span class='ocrx_word' id='word_1_2' title='bbox 154 1493 208 1533; x_wconf 85' lang='lat'>15</span> 
     </span>
    </p>
   </div>
   <div class='ocr_carea' id='block_1_3' title="bbox 152 1862 209 1901">
    <p class='ocr_par' dir='ltr' id='par_1_3' title="bbox 152 1862 209 1901">
     <span class='ocr_line' id='line_1_3' title="bbox 152 1862 209 1901; baseline 0 0"><span class='ocrx_word' id='word_1_3' title='bbox 152 1862 209 1901; x_wconf 82' lang='lat'>20</span> 
     </span>
    </p>
   </div>
   <div class='ocr_carea' id='block_1_4' title="bbox 157 2228 211 2268">
    <p class='ocr_par' dir='ltr' id='par_1_4' title="bbox 157 2228 211 2268">
     <span class='ocr_line' id='line_1_4' title="bbox 157 2228 211 2268; baseline 0 0"><span class='ocrx_word' id='word_1_4' title='bbox 157 2228 211 2268; x_wconf 81' lang='lat'>25</span> 
     </span>
    </p>
   </div>
   <div class='ocr_carea' id='block_1_5' title="bbox 234 132 1241 184">
    <p class='ocr_par' dir='ltr' id='par_1_5' title="bbox 234 132 1241 184">
     <span class='ocr_line' id='line_1_5' title="bbox 234 132 1241 184; baseline -0.01 0"><span class='ocrx_word' id='word_1_5' title='bbox 234 132 345 184; x_wconf 84' lang='lat'>404</span> <span class='ocrx_word' id='word_1_6' title='bbox 907 141 941 175; x_wconf 83' lang='lat' dir='ltr'>s.</span> <span class='ocrx_word' id='word_1_7' title='bbox 966 140 1241 177; x_wconf 74' lang='lat' dir='ltr'>AUGUS&#39;rmI</span> 
     </span>
    </p>
   </div>
   <div class='ocr_carea' id='block_1_6' title="bbox 235 255 1945 913">
    <p class='ocr_par' dir='ltr' id='par_1_6' title="bbox 235 255 1945 913">
     <span class='ocr_line' id='line_1_6' title="bbox 237 255 1924 320; baseline -0.001 -14"><span class='ocrx_word' id='word_1_8' title='bbox 237 264 404 307; x_wconf 85' lang='lat' dir='ltr'>sanata</span> <span class='ocrx_word' id='word_1_9' title='bbox 454 255 800 305; x_wconf 81' lang='lat' dir='ltr'>inmortalitate</span> <span class='ocrx_word' id='word_1_10' title='bbox 850 261 998 320; x_wconf 87' lang='lat' dir='ltr'>atque</span> <span class='ocrx_word' id='word_1_11' title='bbox 1045 256 1419 320; x_wconf 78' lang='lat' dir='ltr'>incorruptione</span> <span class='ocrx_word' id='word_1_12' title='bbox 1459 261 1633 304; x_wconf 85' lang='lat' dir='ltr'>natura</span> <span class='ocrx_word' id='word_1_13' title='bbox 1672 256 1787 304; x_wconf 87' lang='lat' dir='ltr'>vitia</span> <span class='ocrx_word' id='word_1_14' title='bbox 1825 271 1924 305; x_wconf 92' lang='lat' dir='ltr'>non</span> 
     </span>
     <span class='ocr_line' id='line_1_7' title="bbox 235 327 1922 395; baseline -0.001 -15"><span class='ocrx_word' id='word_1_15' title='bbox 235 330 437 380; x_wconf 90' lang='lat' dir='ltr'>habebit</span> <span class='ocrx_word' id='word_1_16' title='bbox 476 345 567 379; x_wconf 93' lang='lat' dir='ltr'>nec</span> <span class='ocrx_word' id='word_1_17' title='bbox 609 331 875 394; x_wconf 87' lang='lat' dir='ltr'>unicuique</span> <span class='ocrx_word' id='word_1_18' title='bbox 929 335 1157 378; x_wconf 84' lang='lat' dir='ltr'>nostrum</span> <span class='ocrx_word' id='word_1_19' title='bbox 1195 328 1272 378; x_wconf 92' lang='lat' dir='ltr'>vel</span> <span class='ocrx_word' id='word_1_20' title='bbox 1311 327 1371 378; x_wconf 92' lang='lat' dir='ltr'>ab</span> <span class='ocrx_word' id='word_1_21' title='bbox 1411 328 1503 377; x_wconf 90' lang='lat' dir='ltr'>alio</span> <span class='ocrx_word' id='word_1_22' title='bbox 1544 328 1619 377; x_wconf 89' lang='lat' dir='ltr'>vel</span> <span class='ocrx_word' id='word_1_23' title='bbox 1658 344 1685 377; x_wconf 89' lang='lat' dir='ltr'>a</span> <span class='ocrx_word' id='word_1_24' title='bbox 1725 344 1776 378; x_wconf 88' lang='lat' dir='ltr'>se</span> <span class='ocrx_word' id='word_1_25' title='bbox 1815 331 1922 395; x_wconf 90' lang='lat' dir='ltr'>ipso</span> 
     </span>
     <span class='ocr_line' id='line_1_8' title="bbox 239 403 1922 471; baseline 0 -18"><span class='ocrx_word' id='word_1_26' title='bbox 239 405 489 470; x_wconf 84' lang='lat' dir='ltr'>quippiam</span> <span class='ocrx_word' id='word_1_27' title='bbox 536 403 855 471; x_wconf 77' lang='lat' dir='ltr'>repugnabit,</span> <span class='ocrx_word' id='word_1_28' title='bbox 902 418 1002 452; x_wconf 91' lang='lat' dir='ltr'>non</span> <span class='ocrx_word' id='word_1_29' title='bbox 1043 418 1168 468; x_wconf 90' lang='lat' dir='ltr'>opus</span> <span class='ocrx_word' id='word_1_30' title='bbox 1210 404 1304 451; x_wconf 89' lang='lat' dir='ltr'>erit</span> <span class='ocrx_word' id='word_1_31' title='bbox 1342 410 1398 452; x_wconf 93' lang='lat' dir='ltr'>ut</span> <span class='ocrx_word' id='word_1_32' title='bbox 1437 404 1560 452; x_wconf 89' lang='lat' dir='ltr'>ratio</span> <span class='ocrx_word' id='word_1_33' title='bbox 1602 404 1758 470; x_wconf 84' lang='lat' dir='ltr'>vitiis,</span> <span class='ocrx_word' id='word_1_34' title='bbox 1798 419 1922 469; x_wconf 88' lang='lat' dir='ltr'>quae</span> 
     </span>
     <span class='ocr_line' id='line_1_9' title="bbox 237 475 1945 544; baseline 0 -17"><span class='ocrx_word' id='word_1_35' title='bbox 237 478 371 528; x_wconf 91' lang='lat' dir='ltr'>nulla</span> <span class='ocrx_word' id='word_1_36' title='bbox 410 484 572 544; x_wconf 88' lang='lat' dir='ltr'>erunt,</span> <span class='ocrx_word' id='word_1_37' title='bbox 610 480 843 544; x_wconf 78' lang='lat' dir='ltr'>imperet5</span> <span class='ocrx_word' id='word_1_38' title='bbox 885 477 971 526; x_wconf 88' lang='lat' dir='ltr'>sed</span> <span class='ocrx_word' id='word_1_39' title='bbox 1012 475 1275 542; x_wconf 82' lang='lat' dir='ltr'>imperabit</span> <span class='ocrx_word' id='word_1_40' title='bbox 1313 475 1443 526; x_wconf 85' lang='lat' dir='ltr'>Deus</span> <span class='ocrx_word' id='word_1_41' title='bbox 1483 476 1692 543; x_wconf 87' lang='lat' dir='ltr'>homini,</span> <span class='ocrx_word' id='word_1_42' title='bbox 1732 479 1945 539; x_wconf 84' lang='lat' dir='ltr'>animus</span> 
     </span>
     <span class='ocr_line' id='line_1_10' title="bbox 239 550 1923 619; baseline -0.001 -17"><span class='ocrx_word' id='word_1_43' title='bbox 239 554 459 619; x_wconf 82' lang='lat' dir='ltr'>corpori,</span> <span class='ocrx_word' id='word_1_44' title='bbox 506 558 739 616; x_wconf 83' lang='lat' dir='ltr'>tantaque</span> <span class='ocrx_word' id='word_1_45' title='bbox 779 551 848 600; x_wconf 92' lang='lat' dir='ltr'>ibi</span> <span class='ocrx_word' id='word_1_46' title='bbox 896 553 990 600; x_wconf 89' lang='lat' dir='ltr'>erit</span> <span class='ocrx_word' id='word_1_47' title='bbox 1030 550 1324 599; x_wconf 87' lang='lat' dir='ltr'>oboediendi</span> <span class='ocrx_word' id='word_1_48' title='bbox 1364 552 1574 600; x_wconf 86' lang='lat' dir='ltr'>suavitas</span> <span class='ocrx_word' id='word_1_49' title='bbox 1615 556 1665 600; x_wconf 88' lang='lat' dir='ltr'>et</span> <span class='ocrx_word' id='word_1_50' title='bbox 1703 550 1923 618; x_wconf 81' lang='lat' dir='ltr'>facilitaS,</span> 
     </span>
     <span class='ocr_line' id='line_1_11' title="bbox 240 624 1924 691; baseline 0 -16"><span class='ocrx_word' id='word_1_51' title='bbox 240 633 421 691; x_wconf 87' lang='lat' dir='ltr'>quanta</span> <span class='ocrx_word' id='word_1_52' title='bbox 483 626 676 676; x_wconf 89' lang='lat' dir='ltr'>vivendi</span> <span class='ocrx_word' id='word_1_53' title='bbox 737 625 1073 691; x_wconf 84' lang='lat' dir='ltr'>regnandique</span> <span class='ocrx_word' id='word_1_54' title='bbox 1137 624 1357 674; x_wconf 83' lang='lat' dir='ltr'>felicitas,</span> <span class='ocrx_word' id='word_1_55' title='bbox 1433 624 1494 673; x_wconf 86' lang='lat' dir='ltr'>Et</span> <span class='ocrx_word' id='word_1_56' title='bbox 1555 624 1649 674; x_wconf 89' lang='lat' dir='ltr'>hoc</span> <span class='ocrx_word' id='word_1_57' title='bbox 1713 624 1812 674; x_wconf 91' lang='lat' dir='ltr'>illic</span> <span class='ocrx_word' id='word_1_58' title='bbox 1873 627 1924 675; x_wconf 90' lang='lat' dir='ltr'>in</span> 
     </span>
     <span class='ocr_line' id='line_1_12' title="bbox 239 699 1922 765; baseline 0 -17"><span class='ocrx_word' id='word_1_59' title='bbox 239 699 468 750; x_wconf 87' lang='lat' dir='ltr'>omnibus</span> <span class='ocrx_word' id='word_1_60' title='bbox 531 706 677 765; x_wconf 90' lang='lat' dir='ltr'>atque</span> <span class='ocrx_word' id='word_1_61' title='bbox 740 701 791 748; x_wconf 91' lang='lat' dir='ltr'>in</span> <span class='ocrx_word' id='word_1_62' title='bbox 847 699 1053 764; x_wconf 84' lang='lat' dir='ltr'>singulis</span> <span class='ocrx_word' id='word_1_63' title='bbox 1109 705 1366 748; x_wconf 85' lang='lat' dir='ltr'>aeternum</span> <span class='ocrx_word' id='word_1_64' title='bbox 1421 700 1514 747; x_wconf 87' lang='lat' dir='ltr'>erit</span> <span class='ocrx_word' id='word_1_65' title='bbox 1568 704 1922 763; x_wconf 86' lang='lat' dir='ltr'>aeternumque</span> 
     </span>
     <span class='ocr_line' id='line_1_13' title="bbox 240 771 1923 840; baseline -0.001 -17"><span class='ocrx_word' id='word_1_66' title='bbox 240 790 347 824; x_wconf 87' lang='lat' dir='ltr'>esse</span> <span class='ocrx_word' id='word_1_67' title='bbox 389 781 580 823; x_wconf 90' lang='lat' dir='ltr'>certum</span> <span class='ocrx_word' id='word_1_68' title='bbox 621 775 741 840; x_wconf 82' lang='lat' dir='ltr'>erit,</span> <span class='ocrx_word' id='word_1_69' title='bbox 782 780 830 823; x_wconf 86' lang='lat' dir='ltr'>et</span> <span class='ocrx_word' id='word_1_70' title='bbox 869 773 978 822; x_wconf 91' lang='lat' dir='ltr'>ideo</span> <span class='ocrx_word' id='word_1_71' title='bbox 1019 788 1112 838; x_wconf 85' lang='lat' dir='ltr'>pax</span> <span class='ocrx_word' id='word_1_72' title='bbox 1153 772 1471 822; x_wconf 83' lang='lat' dir='ltr'>beatitudinis</span> <span class='ocrx_word' id='word_1_73' title='bbox 1510 771 1658 821; x_wconf 88' lang='lat' dir='ltr'>huius</span> <span class='ocrx_word' id='word_1_74' title='bbox 1697 773 1774 822; x_wconf 89' lang='lat' dir='ltr'>vel</span> <span class='ocrx_word' id='word_1_75' title='bbox 1811 772 1923 822; x_wconf 86' lang='lat' dir='ltr'>bea-</span> 
     </span>
     <span class='ocr_line' id='line_1_14' title="bbox 239 846 1421 913; baseline -0.001 -16"><span class='ocrx_word' id='word_1_76' title='bbox 239 848 398 898; x_wconf 87' lang='lat' dir='ltr'>titudo</span> <span class='ocrx_word' id='word_1_77' title='bbox 433 850 573 913; x_wconf 85' lang='lat' dir='ltr'>pacis</span> <span class='ocrx_word' id='word_1_78' title='bbox 613 848 760 898; x_wconf 86' lang='lat' dir='ltr'>huius</span> <span class='ocrx_word' id='word_1_79' title='bbox 801 862 1049 897; x_wconf 90' lang='lat' dir='ltr'>summum</span> <span class='ocrx_word' id='word_1_80' title='bbox 1089 846 1275 896; x_wconf 90' lang='lat' dir='ltr'>bonum</span> <span class='ocrx_word' id='word_1_81' title='bbox 1314 848 1421 896; x_wconf 89' lang='lat' dir='ltr'>erit.</span> 
     </span>
    </p>
   </div>
   <div class='ocr_carea' id='block_1_7' title="bbox 837 1049 1321 1104">
    <p class='ocr_par' dir='ltr' id='par_1_7' title="bbox 837 1049 1321 1104">
     <span class='ocr_line' id='line_1_15' title="bbox 837 1049 1321 1104; baseline -0.004 0"><span class='ocrx_word' id='word_1_82' title='bbox 837 1049 1034 1104; x_wconf 80' lang='lat' dir='ltr'>CAPUT</span> <span class='ocrx_word' id='word_1_83' title='bbox 1066 1050 1321 1103; x_wconf 88' lang='lat' dir='ltr'><strong>XXVIII.</strong></span> 
     </span>
    </p>
   </div>
   <div class='ocr_carea' id='block_1_8' title="bbox 411 1159 1754 1220">
    <p class='ocr_par' dir='ltr' id='par_1_8' title="bbox 411 1159 1754 1220">
     <span class='ocr_line' id='line_1_16' title="bbox 411 1159 1754 1220; baseline -0.001 -13"><span class='ocrx_word' id='word_1_84' title='bbox 411 1159 470 1207; x_wconf 79' lang='lat' dir='ltr'>In</span> <span class='ocrx_word' id='word_1_85' title='bbox 512 1173 655 1220; x_wconf 80' lang='lat' dir='ltr'>quem</span> <span class='ocrx_word' id='word_1_86' title='bbox 689 1161 842 1218; x_wconf 74' lang='lat' dir='ltr'>finem</span> <span class='ocrx_word' id='word_1_87' title='bbox 882 1164 1124 1208; x_wconf 78' lang='lat' dir='ltr'>venturus</span> <span class='ocrx_word' id='word_1_88' title='bbox 1162 1161 1229 1207; x_wconf 72' lang='lat' dir='ltr'>sit</span> <span class='ocrx_word' id='word_1_89' title='bbox 1266 1160 1433 1207; x_wconf 76' lang='lat' dir='ltr'>exitus</span> <span class='ocrx_word' id='word_1_90' title='bbox 1473 1159 1754 1220; x_wconf 72' lang='lat' dir='ltr'>impiorum.</span> 
     </span>
    </p>
   </div>
   <div class='ocr_carea' id='block_1_9' title="bbox 240 1260 1981 2578">
    <p class='ocr_par' dir='ltr' id='par_1_9' title="bbox 240 1260 1981 2578">
     <span class='ocr_line' id='line_1_17' title="bbox 387 1260 1925 1328; baseline -0.001 -19"><span class='ocrx_word' id='word_1_91' title='bbox 387 1261 572 1310; x_wconf 84' lang='lat' dir='ltr'>Eorum</span> <span class='ocrx_word' id='word_1_92' title='bbox 613 1267 799 1328; x_wconf 76' lang='lat' dir='ltr'>autem,</span> <span class='ocrx_word' id='word_1_93' title='bbox 847 1263 932 1326; x_wconf 90' lang='lat' dir='ltr'>qui</span> <span class='ocrx_word' id='word_1_94' title='bbox 973 1276 1071 1309; x_wconf 90' lang='lat' dir='ltr'>non</span> <span class='ocrx_word' id='word_1_95' title='bbox 1109 1263 1362 1326; x_wconf 85' lang='lat' dir='ltr'>pertinent</span> <span class='ocrx_word' id='word_1_96' title='bbox 1401 1260 1458 1308; x_wconf 90' lang='lat' dir='ltr'>ad</span> <span class='ocrx_word' id='word_1_97' title='bbox 1499 1261 1640 1309; x_wconf 88' lang='lat' dir='ltr'>istam</span> <span class='ocrx_word' id='word_1_98' title='bbox 1682 1262 1925 1309; x_wconf 85' lang='lat' dir='ltr'>civitatem</span> 
     </span>
     <span class='ocr_line' id='line_1_18' title="bbox 240 1335 1927 1401; baseline -0.001 -18"><span class='ocrx_word' id='word_1_99' title='bbox 240 1335 341 1401; x_wconf 86' lang='lat' dir='ltr'>Dei,</span> <span class='ocrx_word' id='word_1_100' title='bbox 382 1337 477 1384; x_wconf 79' lang='lat' dir='ltr'>erit</span> <span class='ocrx_word' id='word_1_101' title='bbox 509 1351 534 1383; x_wconf 88' lang='lat' dir='ltr'>e</span> <span class='ocrx_word' id='word_1_102' title='bbox 568 1337 815 1384; x_wconf 87' lang='lat' dir='ltr'>contrario</span> <span class='ocrx_word' id='word_1_103' title='bbox 849 1337 1046 1383; x_wconf 87' lang='lat' dir='ltr'>miseria</span> <span class='ocrx_word' id='word_1_104' title='bbox 1088 1336 1402 1400; x_wconf 80' lang='lat' dir='ltr'>sempiterna,</span> <span class='ocrx_word' id='word_1_105' title='bbox 1441 1349 1566 1398; x_wconf 87' lang='lat' dir='ltr'>quae</span> <span class='ocrx_word' id='word_1_106' title='bbox 1606 1349 1740 1382; x_wconf 83' lang='lat' dir='ltr'>mors</span> <span class='ocrx_word' id='word_1_107' title='bbox 1780 1335 1927 1383; x_wconf 85' lang='lat' dir='ltr'>etiam</span> 
     </span>
     <span class='ocr_line' id='line_1_19' title="bbox 241 1407 1928 1473; baseline -0.001 -15"><span class='ocrx_word' id='word_1_108' title='bbox 241 1409 456 1458; x_wconf 87' lang='lat' dir='ltr'>secunda</span> <span class='ocrx_word' id='word_1_109' title='bbox 504 1409 706 1468; x_wconf 87' lang='lat' dir='ltr'>dicitur,</span> <span class='ocrx_word' id='word_1_110' title='bbox 760 1410 872 1473; x_wconf 90' lang='lat' dir='ltr'>quia</span> <span class='ocrx_word' id='word_1_111' title='bbox 919 1423 1011 1457; x_wconf 88' lang='lat' dir='ltr'>nec</span> <span class='ocrx_word' id='word_1_112' title='bbox 1059 1410 1218 1457; x_wconf 90' lang='lat' dir='ltr'>anima</span> <span class='ocrx_word' id='word_1_113' title='bbox 1264 1407 1333 1456; x_wconf 92' lang='lat' dir='ltr'>ibi</span> <span class='ocrx_word' id='word_1_114' title='bbox 1378 1409 1540 1456; x_wconf 89' lang='lat' dir='ltr'>vivere</span> <span class='ocrx_word' id='word_1_115' title='bbox 1593 1407 1798 1457; x_wconf 90' lang='lat' dir='ltr'>dicenda</span> <span class='ocrx_word' id='word_1_116' title='bbox 1838 1414 1928 1473; x_wconf 81' lang='lat' dir='ltr'>est,</span> 
     </span>
     <span class='ocr_line' id='line_1_20' title="bbox 244 1481 1928 1547; baseline -0.001 -15"><span class='ocrx_word' id='word_1_117' title='bbox 244 1498 366 1547; x_wconf 91' lang='lat' dir='ltr'>quae</span> <span class='ocrx_word' id='word_1_118' title='bbox 415 1498 440 1531; x_wconf 92' lang='lat' dir='ltr'>a</span> <span class='ocrx_word' id='word_1_119' title='bbox 489 1484 584 1531; x_wconf 86' lang='lat' dir='ltr'>vita</span> <span class='ocrx_word' id='word_1_120' title='bbox 625 1481 958 1531; x_wconf 85' lang='lat' dir='ltr'>Dei&#39;alienata</span> <span class='ocrx_word' id='word_1_121' title='bbox 998 1484 1116 1547; x_wconf 78' lang='lat' dir='ltr'>erit,</span> <span class='ocrx_word' id='word_1_122' title='bbox 1165 1497 1258 1531; x_wconf 89' lang='lat' dir='ltr'>nec</span> <span class='ocrx_word' id='word_1_123' title='bbox 1298 1497 1500 1547; x_wconf 84' lang='lat' dir='ltr'>corpuS‚</span> <span class='ocrx_word' id='word_1_124' title='bbox 1543 1481 1673 1545; x_wconf 86' lang='lat' dir='ltr'>quod</span> <span class='ocrx_word' id='word_1_125' title='bbox 1714 1483 1928 1531; x_wconf 87' lang='lat' dir='ltr'>aeternis</span> 
     </span>
     <span class='ocr_line' id='line_1_21' title="bbox 241 1555 1930 1621; baseline -0.001 -16"><span class='ocrx_word' id='word_1_126' title='bbox 241 1556 496 1605; x_wconf 83' lang='lat' dir='ltr'>doloribus</span> <span class='ocrx_word' id='word_1_127' title='bbox 530 1555 824 1621; x_wconf 82' lang='lat' dir='ltr'>subiacebit3</span> <span class='ocrx_word' id='word_1_128' title='bbox 865 1571 920 1604; x_wconf 87' lang='lat' dir='ltr'>ac</span> <span class='ocrx_word' id='word_1_129' title='bbox 959 1571 1049 1620; x_wconf 88' lang='lat' dir='ltr'>per</span> <span class='ocrx_word' id='word_1_130' title='bbox 1088 1556 1181 1604; x_wconf 91' lang='lat' dir='ltr'>hoc</span> <span class='ocrx_word' id='word_1_131' title='bbox 1221 1556 1331 1604; x_wconf 90' lang='lat' dir='ltr'>ideo</span> <span class='ocrx_word' id='word_1_132' title='bbox 1371 1555 1542 1604; x_wconf 82' lang='lat' dir='ltr'>durior</span> <span class='ocrx_word' id='word_1_133' title='bbox 1581 1557 1675 1604; x_wconf 89' lang='lat' dir='ltr'>ista</span> <span class='ocrx_word' id='word_1_134' title='bbox 1714 1556 1930 1605; x_wconf 87' lang='lat' dir='ltr'>secunda</span> 
     </span>
     <span class='ocr_line' id='line_1_22' title="bbox 240 1628 1929 1695; baseline -0.001 -16"><span class='ocrx_word' id='word_1_135' title='bbox 240 1646 374 1679; x_wconf 85' lang='lat' dir='ltr'>mors</span> <span class='ocrx_word' id='word_1_136' title='bbox 428 1632 544 1695; x_wconf 79' lang='lat' dir='ltr'>erit⁷</span> <span class='ocrx_word' id='word_1_137' title='bbox 592 1632 706 1694; x_wconf 86' lang='lat' dir='ltr'>quia</span> <span class='ocrx_word' id='word_1_138' title='bbox 753 1630 884 1678; x_wconf 85' lang='lat' dir='ltr'>finiri</span> <span class='ocrx_word' id='word_1_139' title='bbox 931 1637 1089 1679; x_wconf 89' lang='lat' dir='ltr'>morte</span> <span class='ocrx_word' id='word_1_140' title='bbox 1138 1644 1238 1678; x_wconf 90' lang='lat' dir='ltr'>non</span> <span class='ocrx_word' id='word_1_141' title='bbox 1285 1631 1482 1694; x_wconf 87' lang='lat' dir='ltr'>poterit.</span> <span class='ocrx_word' id='word_1_142' title='bbox 1561 1628 1657 1678; x_wconf 88' lang='lat' dir='ltr'>Sed</span> <span class='ocrx_word' id='word_1_143' title='bbox 1698 1631 1929 1694; x_wconf 88' lang='lat' dir='ltr'>quoniam</span> 
     </span>
     <span class='ocr_line' id='line_1_23' title="bbox 242 1703 1929 1768; baseline 0 -16"><span class='ocrx_word' id='word_1_144' title='bbox 242 1707 371 1753; x_wconf 88' lang='lat' dir='ltr'>sicut</span> <span class='ocrx_word' id='word_1_145' title='bbox 420 1706 618 1752; x_wconf 89' lang='lat' dir='ltr'>miseria</span> <span class='ocrx_word' id='word_1_146' title='bbox 669 1703 962 1753; x_wconf 86' lang='lat' dir='ltr'>beatitudini</span> <span class='ocrx_word' id='word_1_147' title='bbox 1009 1710 1059 1753; x_wconf 91' lang='lat' dir='ltr'>et</span> <span class='ocrx_word' id='word_1_148' title='bbox 1105 1718 1239 1752; x_wconf 89' lang='lat' dir='ltr'>mors</span> <span class='ocrx_word' id='word_1_149' title='bbox 1286 1705 1438 1768; x_wconf 82' lang='lat' dir='ltr'>vitae,</span> <span class='ocrx_word' id='word_1_150' title='bbox 1485 1705 1552 1752; x_wconf 91' lang='lat' dir='ltr'>ita</span> <span class='ocrx_word' id='word_1_151' title='bbox 1598 1703 1782 1752; x_wconf 90' lang='lat' dir='ltr'>bellum</span> <span class='ocrx_word' id='word_1_152' title='bbox 1819 1705 1929 1768; x_wconf 90' lang='lat' dir='ltr'>paci</span> 
     </span>
     <span class='ocr_line' id='line_1_24' title="bbox 241 1778 1929 1842; baseline 0 -16"><span class='ocrx_word' id='word_1_153' title='bbox 241 1778 437 1827; x_wconf 87' lang='lat' dir='ltr'>videtur</span> <span class='ocrx_word' id='word_1_154' title='bbox 489 1793 596 1826; x_wconf 88' lang='lat' dir='ltr'>esse</span> <span class='ocrx_word' id='word_1_155' title='bbox 653 1779 979 1826; x_wconf 84' lang='lat' dir='ltr'>contrarium:</span> <span class='ocrx_word' id='word_1_156' title='bbox 1034 1779 1211 1826; x_wconf 86' lang='lat' dir='ltr'>merito</span> <span class='ocrx_word' id='word_1_157' title='bbox 1253 1779 1529 1841; x_wconf 78' lang='lat' dir='ltr'>quaeritur,</span> <span class='ocrx_word' id='word_1_158' title='bbox 1581 1779 1708 1826; x_wconf 89' lang='lat' dir='ltr'>sicut</span> <span class='ocrx_word' id='word_1_159' title='bbox 1746 1793 1840 1842; x_wconf 86' lang='lat' dir='ltr'>pax</span> <span class='ocrx_word' id='word_1_160' title='bbox 1877 1779 1929 1826; x_wconf 89' lang='lat' dir='ltr'>in</span> 
     </span>
     <span class='ocr_line' id='line_1_25' title="bbox 240 1850 1930 1917; baseline 0 -17"><span class='ocrx_word' id='word_1_161' title='bbox 240 1851 485 1900; x_wconf 90' lang='lat' dir='ltr'>honorum</span> <span class='ocrx_word' id='word_1_162' title='bbox 540 1850 719 1900; x_wconf 87' lang='lat' dir='ltr'>finibus</span> <span class='ocrx_word' id='word_1_163' title='bbox 768 1851 1046 1915; x_wconf 86' lang='lat' dir='ltr'>praedicata</span> <span class='ocrx_word' id='word_1_164' title='bbox 1097 1857 1173 1900; x_wconf 87' lang='lat' dir='ltr'>est</span> <span class='ocrx_word' id='word_1_165' title='bbox 1219 1858 1365 1915; x_wconf 86' lang='lat' dir='ltr'>atque</span> <span class='ocrx_word' id='word_1_166' title='bbox 1414 1850 1628 1917; x_wconf 79' lang='lat' dir='ltr'>laudata,</span> <span class='ocrx_word' id='word_1_167' title='bbox 1675 1851 1806 1915; x_wconf 90' lang='lat' dir='ltr'>quod</span> <span class='ocrx_word' id='word_1_168' title='bbox 1854 1851 1930 1900; x_wconf 84' lang='lat' dir='ltr'>vel</span> 
     </span>
     <span class='ocr_line' id='line_1_26' title="bbox 243 1924 1928 1990; baseline 0 -16"><span class='ocrx_word' id='word_1_169' title='bbox 243 1925 384 1990; x_wconf 88' lang='lat' dir='ltr'>quale</span> <span class='ocrx_word' id='word_1_170' title='bbox 424 1925 608 1974; x_wconf 89' lang='lat' dir='ltr'>bellum</span> <span class='ocrx_word' id='word_1_171' title='bbox 650 1941 675 1973; x_wconf 89' lang='lat' dir='ltr'>e</span> <span class='ocrx_word' id='word_1_172' title='bbox 716 1927 963 1973; x_wconf 86' lang='lat' dir='ltr'>contrario</span> <span class='ocrx_word' id='word_1_173' title='bbox 1003 1927 1054 1973; x_wconf 91' lang='lat' dir='ltr'>in</span> <span class='ocrx_word' id='word_1_174' title='bbox 1094 1924 1275 1974; x_wconf 86' lang='lat' dir='ltr'>finibus</span> <span class='ocrx_word' id='word_1_175' title='bbox 1314 1925 1553 1974; x_wconf 89' lang='lat' dir='ltr'>malorum</span> <span class='ocrx_word' id='word_1_176' title='bbox 1594 1927 1750 1989; x_wconf 87' lang='lat' dir='ltr'>possit</span> <span class='ocrx_word' id='word_1_177' title='bbox 1787 1925 1928 1974; x_wconf 90' lang='lat' dir='ltr'>intel-</span> 
     </span>
     <span class='ocr_line' id='line_1_27' title="bbox 242 1997 1928 2065; baseline 0.001 -18"><span class='ocrx_word' id='word_1_178' title='bbox 242 2000 351 2063; x_wconf 86' lang='lat' dir='ltr'>legi.</span> <span class='ocrx_word' id='word_1_179' title='bbox 428 1998 611 2047; x_wconf 87' lang='lat' dir='ltr'>Verum</span> <span class='ocrx_word' id='word_1_180' title='bbox 673 2001 758 2062; x_wconf 91' lang='lat' dir='ltr'>qui</span> <span class='ocrx_word' id='word_1_181' title='bbox 819 1998 912 2047; x_wconf 94' lang='lat' dir='ltr'>hoc</span> <span class='ocrx_word' id='word_1_182' title='bbox 969 2000 1185 2065; x_wconf 80' lang='lat' dir='ltr'>quaerit,</span> <span class='ocrx_word' id='word_1_183' title='bbox 1240 1997 1470 2047; x_wconf 88' lang='lat' dir='ltr'>adtendat</span> <span class='ocrx_word' id='word_1_184' title='bbox 1525 1997 1642 2062; x_wconf 92' lang='lat' dir='ltr'>quid</span> <span class='ocrx_word' id='word_1_185' title='bbox 1695 2001 1747 2047; x_wconf 91' lang='lat' dir='ltr'>in</span> <span class='ocrx_word' id='word_1_186' title='bbox 1800 1998 1928 2048; x_wconf 89' lang='lat' dir='ltr'>hello</span> 
     </span>
     <span class='ocr_line' id='line_1_28' title="bbox 244 2071 1931 2138; baseline 0 -16"><span class='ocrx_word' id='word_1_187' title='bbox 244 2074 446 2122; x_wconf 87' lang='lat' dir='ltr'>noxium</span> <span class='ocrx_word' id='word_1_188' title='bbox 496 2074 931 2138; x_wconf 84' lang='lat' dir='ltr'>perniciosumque</span> <span class='ocrx_word' id='word_1_189' title='bbox 984 2074 1070 2138; x_wconf 82' lang='lat' dir='ltr'>sit,</span> <span class='ocrx_word' id='word_1_190' title='bbox 1121 2078 1171 2121; x_wconf 91' lang='lat' dir='ltr'>et</span> <span class='ocrx_word' id='word_1_191' title='bbox 1217 2071 1400 2121; x_wconf 84' lang='lat' dir='ltr'>videbit</span> <span class='ocrx_word' id='word_1_192' title='bbox 1445 2071 1567 2121; x_wconf 90' lang='lat' dir='ltr'>nihil</span> <span class='ocrx_word' id='word_1_193' title='bbox 1614 2071 1744 2121; x_wconf 91' lang='lat' dir='ltr'>aliud</span> <span class='ocrx_word' id='word_1_194' title='bbox 1783 2087 1931 2137; x_wconf 87' lang='lat' dir='ltr'>quam</span> 
     </span>
     <span class='ocr_line' id='line_1_29' title="bbox 245 2145 1930 2210; baseline 0.001 -16"><span class='ocrx_word' id='word_1_195' title='bbox 245 2161 414 2195; x_wconf 89' lang='lat' dir='ltr'>rerum</span> <span class='ocrx_word' id='word_1_196' title='bbox 454 2161 562 2194; x_wconf 87' lang='lat' dir='ltr'>esse</span> <span class='ocrx_word' id='word_1_197' title='bbox 603 2147 733 2195; x_wconf 89' lang='lat' dir='ltr'>inter</span> <span class='ocrx_word' id='word_1_198' title='bbox 766 2161 818 2194; x_wconf 88' lang='lat' dir='ltr'>se</span> <span class='ocrx_word' id='word_1_199' title='bbox 852 2145 1198 2194; x_wconf 87' lang='lat' dir='ltr'>adversitatem</span> <span class='ocrx_word' id='word_1_200' title='bbox 1237 2153 1383 2210; x_wconf 90' lang='lat' dir='ltr'>atque</span> <span class='ocrx_word' id='word_1_201' title='bbox 1424 2146 1723 2195; x_wconf 91' lang='lat' dir='ltr'>conflictum.</span> <span class='ocrx_word' id='word_1_202' title='bbox 1787 2146 1930 2204; x_wconf 85' lang='lat' dir='ltr'>Quod</span> 
     </span>
     <span class='ocr_line' id='line_1_30' title="bbox 245 2218 1931 2284; baseline 0.001 -16"><span class='ocrx_word' id='word_1_203' title='bbox 245 2221 396 2283; x_wconf 87' lang='lat' dir='ltr'>igitur</span> <span class='ocrx_word' id='word_1_204' title='bbox 449 2218 633 2268; x_wconf 86' lang='lat' dir='ltr'>bellum</span> <span class='ocrx_word' id='word_1_205' title='bbox 680 2220 876 2283; x_wconf 87' lang='lat' dir='ltr'>gravius</span> <span class='ocrx_word' id='word_1_206' title='bbox 922 2227 974 2267; x_wconf 83' lang='lat' dir='ltr'>et</span> <span class='ocrx_word' id='word_1_207' title='bbox 1028 2220 1242 2267; x_wconf 87' lang='lat' dir='ltr'>amarius</span> <span class='ocrx_word' id='word_1_208' title='bbox 1291 2220 1495 2283; x_wconf 86' lang='lat' dir='ltr'>cogitari</span> <span class='ocrx_word' id='word_1_209' title='bbox 1541 2226 1732 2283; x_wconf 88' lang='lat' dir='ltr'>potest,</span> <span class='ocrx_word' id='word_1_210' title='bbox 1784 2235 1931 2284; x_wconf 88' lang='lat' dir='ltr'>quam</span> 
     </span>
     <span class='ocr_line' id='line_1_31' title="bbox 246 2291 1981 2359; baseline 0.001 -17"><span class='ocrx_word' id='word_1_211' title='bbox 246 2292 331 2342; x_wconf 86' lang='lat' dir='ltr'>ubi</span> <span class='ocrx_word' id='word_1_212' title='bbox 369 2292 593 2341; x_wconf 87' lang='lat' dir='ltr'>voluntas</span> <span class='ocrx_word' id='word_1_213' title='bbox 634 2294 704 2341; x_wconf 88' lang='lat' dir='ltr'>sic</span> <span class='ocrx_word' id='word_1_214' title='bbox 743 2291 946 2340; x_wconf 88' lang='lat' dir='ltr'>adversa</span> <span class='ocrx_word' id='word_1_215' title='bbox 985 2299 1061 2341; x_wconf 89' lang='lat' dir='ltr'>est</span> <span class='ocrx_word' id='word_1_216' title='bbox 1098 2293 1316 2356; x_wconf 89' lang='lat' dir='ltr'>passioni</span> <span class='ocrx_word' id='word_1_217' title='bbox 1366 2299 1415 2340; x_wconf 87' lang='lat' dir='ltr'>et</span> <span class='ocrx_word' id='word_1_218' title='bbox 1461 2294 1624 2356; x_wconf 85' lang='lat' dir='ltr'>passio</span> <span class='ocrx_word' id='word_1_219' title='bbox 1679 2292 1931 2359; x_wconf 87' lang='lat' dir='ltr'>voluntati,</span> <span class='ocrx_word' id='word_1_220' title='bbox 1979 2314 1981 2317; x_wconf 52' lang='lat'><strong><em>¹</em></strong></span> 
     </span>
     <span class='ocr_line' id='line_1_32' title="bbox 245 2365 1931 2433; baseline 0.001 -18"><span class='ocrx_word' id='word_1_221' title='bbox 245 2374 302 2416; x_wconf 90' lang='lat' dir='ltr'>ut</span> <span class='ocrx_word' id='word_1_222' title='bbox 333 2365 515 2415; x_wconf 89' lang='lat' dir='ltr'>nullius</span> <span class='ocrx_word' id='word_1_223' title='bbox 548 2381 716 2414; x_wconf 86' lang='lat' dir='ltr'>earum</span> <span class='ocrx_word' id='word_1_224' title='bbox 750 2367 953 2414; x_wconf 88' lang='lat' dir='ltr'>victoria</span> <span class='ocrx_word' id='word_1_225' title='bbox 993 2365 1114 2414; x_wconf 86' lang='lat' dir='ltr'>tales</span> <span class='ocrx_word' id='word_1_226' title='bbox 1146 2366 1429 2414; x_wconf 89' lang='lat' dir='ltr'>inimicitiae</span> <span class='ocrx_word' id='word_1_227' title='bbox 1462 2365 1716 2433; x_wconf 84' lang='lat' dir='ltr'>finiantur,</span> <span class='ocrx_word' id='word_1_228' title='bbox 1757 2373 1806 2416; x_wconf 91' lang='lat' dir='ltr'>et</span> <span class='ocrx_word' id='word_1_229' title='bbox 1843 2366 1931 2416; x_wconf 89' lang='lat' dir='ltr'>ubi</span> 
     </span>
     <span class='ocr_line' id='line_1_33' title="bbox 246 2439 1928 2507; baseline 0.001 -18"><span class='ocrx_word' id='word_1_230' title='bbox 246 2443 317 2490; x_wconf 87' lang='lat' dir='ltr'>sic</span> <span class='ocrx_word' id='word_1_231' title='bbox 358 2439 576 2504; x_wconf 85' lang='lat' dir='ltr'>confligit</span> <span class='ocrx_word' id='word_1_232' title='bbox 609 2454 722 2488; x_wconf 88' lang='lat' dir='ltr'>cum</span> <span class='ocrx_word' id='word_1_233' title='bbox 754 2441 858 2503; x_wconf 86' lang='lat' dir='ltr'>ipsa</span> <span class='ocrx_word' id='word_1_234' title='bbox 890 2445 1063 2488; x_wconf 90' lang='lat' dir='ltr'>natura</span> <span class='ocrx_word' id='word_1_235' title='bbox 1104 2441 1328 2504; x_wconf 90' lang='lat' dir='ltr'>corporis</span> <span class='ocrx_word' id='word_1_236' title='bbox 1367 2440 1439 2488; x_wconf 87' lang='lat' dir='ltr'>vis</span> <span class='ocrx_word' id='word_1_237' title='bbox 1479 2439 1677 2507; x_wconf 79' lang='lat' dir='ltr'>doloriS‚</span> <span class='ocrx_word' id='word_1_238' title='bbox 1715 2447 1771 2489; x_wconf 91' lang='lat' dir='ltr'>ut</span> <span class='ocrx_word' id='word_1_239' title='bbox 1810 2456 1928 2491; x_wconf 90' lang='lat' dir='ltr'>neu-</span> 
     </span>
     <span class='ocr_line' id='line_1_34' title="bbox 247 2510 1980 2578; baseline 0.002 -17"><span class='ocrx_word' id='word_1_240' title='bbox 247 2521 380 2563; x_wconf 84' lang='lat' dir='ltr'>trum</span> <span class='ocrx_word' id='word_1_241' title='bbox 421 2514 560 2562; x_wconf 90' lang='lat' dir='ltr'>alteri</span> <span class='ocrx_word' id='word_1_242' title='bbox 614 2510 789 2562; x_wconf 75' lang='lat' dir='ltr'>cedat?</span> <span class='ocrx_word' id='word_1_243' title='bbox 865 2511 956 2561; x_wconf 88' lang='lat' dir='ltr'>Hic</span> <span class='ocrx_word' id='word_1_244' title='bbox 997 2514 1128 2561; x_wconf 89' lang='lat' dir='ltr'>enim</span> <span class='ocrx_word' id='word_1_245' title='bbox 1169 2512 1361 2577; x_wconf 88' lang='lat' dir='ltr'>quando</span> <span class='ocrx_word' id='word_1_246' title='bbox 1403 2515 1642 2578; x_wconf 85' lang='lat' dir='ltr'>contingit</span> <span class='ocrx_word' id='word_1_247' title='bbox 1681 2516 1774 2564; x_wconf 87' lang='lat' dir='ltr'>iste</span> <span class='ocrx_word' id='word_1_248' title='bbox 1815 2530 1928 2564; x_wconf 87' lang='lat' dir='ltr'>con·</span> <span class='ocrx_word' id='word_1_249' title='bbox 1962 2534 1980 2538; x_wconf 34' lang='lat'><strong>³</strong></span> 
     </span>
    </p>
   </div>
   <div class='ocr_carea' id='block_1_10' title="bbox 158 2584 1930 2655">
    <p class='ocr_par' dir='ltr' id='par_1_10' title="bbox 158 2584 1930 2655">
     <span class='ocr_line' id='line_1_35' title="bbox 158 2584 1930 2655; baseline 0.001 -19"><span class='ocrx_word' id='word_1_250' title='bbox 158 2598 215 2637; x_wconf 87' lang='lat'>30</span> <span class='ocrx_word' id='word_1_251' title='bbox 247 2587 425 2652; x_wconf 80' lang='lat' dir='ltr'>ssictuS,</span> <span class='ocrx_word' id='word_1_252' title='bbox 466 2594 550 2636; x_wconf 91' lang='lat' dir='ltr'>aut</span> <span class='ocrx_word' id='word_1_253' title='bbox 581 2587 719 2635; x_wconf 90' lang='lat' dir='ltr'>dolor</span> <span class='ocrx_word' id='word_1_254' title='bbox 750 2584 901 2636; x_wconf 69' lang='lat' dir='ltr'>vincit</span> <span class='ocrx_word' id='word_1_255' title='bbox 933 2594 982 2635; x_wconf 90' lang='lat' dir='ltr'>et</span> <span class='ocrx_word' id='word_1_256' title='bbox 1014 2602 1213 2636; x_wconf 87' lang='lat' dir='ltr'>sensum</span> <span class='ocrx_word' id='word_1_257' title='bbox 1246 2602 1379 2635; x_wconf 85' lang='lat' dir='ltr'>mors</span> <span class='ocrx_word' id='word_1_258' title='bbox 1412 2586 1593 2655; x_wconf 74' lang='lat' dir='ltr'>adimit,</span> <span class='ocrx_word' id='word_1_259' title='bbox 1634 2594 1717 2638; x_wconf 88' lang='lat' dir='ltr'>aut</span> <span class='ocrx_word' id='word_1_260' title='bbox 1756 2595 1930 2637; x_wconf 87' lang='lat' dir='ltr'>natura</span> 
     </span>
    </p>
   </div>
   <div class='ocr_carea' id='block_1_11' title="bbox 368 2715 793 2770">
    <p class='ocr_par' dir='ltr' id='par_1_11' title="bbox 368 2715 793 2770">
     <span class='ocr_line' id='line_1_36' title="bbox 368 2715 793 2770; baseline 0.005 -13"><span class='ocrx_word' id='word_1_261' title='bbox 368 2715 440 2770; x_wconf 87' lang='lat'>14)</span> <span class='ocrx_word' id='word_1_262' title='bbox 472 2716 615 2770; x_wconf 88' lang='lat' dir='ltr'>Apoc.</span> <span class='ocrx_word' id='word_1_263' title='bbox 648 2719 689 2770; x_wconf 81' lang='lat'>2,</span> <span class='ocrx_word' id='word_1_264' title='bbox 725 2719 793 2759; x_wconf 84' lang='lat'>11.</span> 
     </span>
    </p>
   </div>
   <div class='ocr_carea' id='block_1_12' title="bbox 369 2875 737 2931">
    <p class='ocr_par' dir='ltr' id='par_1_12' title="bbox 369 2875 737 2931">
     <span class='ocr_line' id='line_1_37' title="bbox 369 2875 737 2931; baseline 0.005 -13"><span class='ocrx_word' id='word_1_265' title='bbox 369 2880 393 2919; x_wconf 88' lang='grc'><strong>3</strong></span> <span class='ocrx_word' id='word_1_266' title='bbox 429 2875 681 2931; x_wconf 79' lang='lat' dir='ltr'>quidquam</span> <span class='ocrx_word' id='word_1_267' title='bbox 711 2890 737 2920; x_wconf 79' lang='lat' dir='ltr'><em>v</em></span> 
     </span>
    </p>
   </div>
  </div>
 </body>
</html>
