2004 3140
141 945 196 986 10

138 1314 194 1354 15

232 148 340 201 382
918 158 951 192 S.
976 158 1252 193 AUGUSTINI

230 280 433 337 peccato
489 288 515 321 e
571 274 819 330 contrario
874 273 1154 338 dimicatur3
1207 279 1257 321 et
1310 274 1469 322 omnis
1516 274 1743 340 victoria,
1803 290 1928 324 cuma

232 348 378 396 etiam
433 346 573 396 malis
619 348 872 412 provenit,
924 346 1087 395 divino
1137 345 1319 395 iudicio
1371 348 1526 396 victos
1565 346 1789 397 humiliat
1841 348 1921 397 vel*

231 420 497 469 emendans
558 419 784 486 peccata
819 420 895 470 vel
956 421 1182 485 puniens,
1259 419 1420 470 Testis
1483 427 1559 470 est
1619 421 1766 470 homo
1822 421 1910 471 Dei

230 492 424 561 Daniel,
464 510 576 544 cum
615 497 667 544 in
707 496 986 560 captivitate
1026 495 1216 559 positus
1254 500 1457 558 peccata
1496 510 1584 544 sua
1623 503 1673 544 et
1711 504 1914 560 peccata·

230 568 400 633 populi
455 570 532 618 sui
594 569 857 618 confitetur
912 568 1012 617 Deo
1075 574 1125 616 et
1185 567 1310 616 hanc
1365 583 1474 617 esse
1530 583 1727 618 causam
1782 569 1926 619 illius·

230 643 523 706 captivitatis
578 644 659 707 pio
722 642 890 691 dolore
955 649 1177 691 testatur.
1269 641 1433 690 Prima
1488 657 1604 706 ergo
1659 645 1921 693 servitutis·

230 731 376 765 causa
414 724 672 781 peccatum
719 723 816 782 est,
863 723 917 765 ut
963 716 1109 764 homo
1149 715 1336 764 homini
1375 715 1678 765 condicionis
1716 717 1914 767 vinculo

230 789 549 856 subderetur3
602 790 732 855 quod
774 805 872 838 non
913 791 966 839 fit
1005 791 1100 838 nisi
1140 788 1240 838 Deo
1280 789 1551 856 iudicante,
1598 790 1725 854 apud
1766 806 1921 855 quem·

229 878 328 912 non
377 871 460 921 est
500 865 732 928 iniquitas
781 870 830 912 et
868 866 1003 913 novit
1041 863 1258 912 diversas
1297 878 1481 928 poenas
1521 865 1711 913 meritis
1751 864 1925 913 distri--

227 935 380 986 huere
414 937 822 1002 delinquentium.
901 937 1040 986 Sicut
1080 944 1245 986 autem
1285 952 1531 1001 supernus
1564 936 1801 987 Dominus
1841 939 1912 987 di-

229 1013 317 1060 cit:
365 1012 546 1072 OmniS,
579 1014 668 1073 qui
693 1011 828 1073 facit
846 1018 1135 1074 peccalum,
1166 1026 1342 1060 servus
1374 1017 1449 1060 est
1479 1014 1699 1073 peceati,
1740 1026 1795 1061 ac
1819 1027 1911 1077 per

227 1084 320 1133 hoc
371 1085 513 1134 multi
564 1085 763 1150 quidem
817 1085 1035 1150 religiosi
1081 1085 1292 1134 dominis
1339 1086 1548 1152 iniquIS,
1602 1100 1701 1134 non
1748 1092 1915 1135 tamen

226 1157 396 1207 liberis
437 1161 680 1208 serviunt:
733 1160 777 1207 Α
824 1175 922 1220 quo
969 1162 1099 1209 enim
1149 1162 1261 1220 quis
1301 1161 1525 1208 devictus
1564 1165 1658 1220 est,
1705 1161 1826 1210 huie
1866 1166 1917 1210 et

225 1247 400 1282 servus
447 1235 684 1283 addictus
730 1239 815 1283 est.
892 1232 956 1282 Et
1002 1235 1174 1297 utique
1223 1232 1415 1281 felicius
1455 1234 1670 1282 servitur
1708 1232 1918 1300 homini,

227 1321 373 1370 quam
404 1306 609 1372 libidini,
649 1322 762 1356 cum
795 1308 1077 1355 saevissimo
1111 1306 1362 1354 dominatu
1395 1312 1551 1355 vastet
1590 1306 1739 1355 corda
1778 1322 1908 1355 mor-

226 1379 410 1446 talium,
451 1387 505 1429 ut
544 1381 660 1429 alias
699 1382 942 1446 omittam,
982 1380 1131 1429 libido
1171 1382 1275 1444 ipsa
1315 1379 1611 1429 dominandi.
1689 1379 1908 1429 Homini-

177 1503 184 1510 ,
226 1452 319 1502 bus
359 1461 524 1503 autem
570 1454 651 1503 illo
699 1456 833 1518 pacis
882 1453 1076 1520 ordine,
1124 1469 1221 1518 quo
1261 1453 1368 1502 aliis
1407 1453 1487 1502 alii
1527 1453 1738 1503 subiecti
1777 1462 1912 1521 sunt,

138 1683 194 1724 20

227 1529 356 1577 sicut
405 1527 609 1592 prodest
659 1527 907 1577 humilitas
960 1526 1315 1593 servientibUS,
1365 1528 1431 1576 ita
1479 1534 1626 1577 nocet
1678 1527 1912 1592 superbia

226 1600 606 1650 dominantibus,
690 1601 866 1650 Nullus
915 1609 1078 1650 autem
1130 1607 1326 1667 natura,
1373 1602 1423 1649 in
1464 1616 1560 1665 qua
1597 1603 1738 1666 prius
1777 1601 1911 1651 Deus

226 1674 474 1723 hominem
507 1674 738 1741 condidit,
778 1690 949 1724 servus
983 1682 1059 1724 est
1090 1674 1302 1723 hominis
1341 1681 1425 1723 aut
1462 1676 1666 1739 peccati.
1729 1673 1914 1724 Verum-

225 1755 274 1797 et
323 1749 543 1813 poenalis
592 1750 804 1799 servitus
855 1764 910 1798 ea
960 1749 1067 1814 lege
1119 1749 1402 1814 ordinatur,
1454 1764 1578 1812 quae
1634 1749 1909 1798 naturalem

225 1822 450 1871 ordinem
489 1824 771 1872 conservari
802 1822 953 1888 iubet,
992 1821 1275 1887 perturbari
1314 1829 1464 1888 vetat3
1505 1824 1619 1886 quia
1658 1824 1701 1871 si
1740 1830 1913 1872 contra

225 1911 333 1944 eam
378 1895 537 1961 legem
585 1912 684 1945 non
732 1903 866 1946 esset
912 1897 1119 1962 factum,
1168 1896 1289 1944 nihil
1337 1902 1470 1945 esset
1514 1895 1709 1960 poenali
1762 1898 1914 1945 servi·

225 1976 330 2019 tute
366 1970 743 2020 cohercendum.
820 1970 1035 2035 Ideoque
1069 1970 1319 2035 apostolus
1352 1971 1498 2018 etiam
1539 1985 1708 2019 servos
1747 1976 1921 2019 monet

137 2059 147 2070 ·
225 2042 450 2093 subditos
502 2059 610 2093 esse
659 2044 870 2093 dominis
923 2046 1025 2093 suis
1077 2051 1126 2093 et
1178 2059 1237 2092 ex
1288 2046 1448 2092 animo
1502 2045 1573 2092 eis
1625 2058 1738 2092 cum
1785 2043 1915 2092 hona·

136 2419 193 2460 30

226 2116 475 2166 voluntate
525 2119 733 2182 servire3
781 2124 836 2166 ut
882 2117 1092 2183 scilicet,
1145 2119 1185 2165 si
1233 2132 1331 2165 non
1377 2123 1586 2182 possunt
1634 2131 1661 2165 a
1699 2117 1913 2166 dominis

225 2188 369 2238 liberi
415 2190 545 2256 fieri,
594 2205 732 2239 suam
783 2192 1072 2239 servitutem
1118 2191 1212 2254 ipsi
1260 2190 1471 2253 quodam
1521 2190 1666 2239 modo
1705 2189 1913 2239 liberam

226 2263 421 2329 saciant,
460 2278 559 2312 non
592 2265 770 2312 timore
804 2262 1025 2330 subdolo,
1059 2263 1144 2312 sed
1177 2263 1309 2312 fideli
1341 2262 1603 2312 dilectione
1637 2263 1914 2329 serviendo,

226 2335 383 2385 donec
434 2343 652 2386 transeat
701 2338 935 2400 iniquitas
988 2343 1037 2385 et
1088 2343 1353 2385 evacuetur
1400 2338 1558 2385 omnis
1605 2338 1918 2402 principatus

227 2418 276 2459 et
315 2417 534 2475 potestas
572 2410 783 2460 humana
822 2417 872 2459 et
911 2412 975 2459 sit
1013 2409 1145 2459 Deus
1184 2411 1346 2458 omnia
1385 2411 1435 2458 in
1475 2409 1718 2459 omnibus.

345 2538 390 2593 6)
422 2537 539 2583 Dan.
578 2542 619 2591 9,
657 2542 682 2581 5
717 2552 814 2593 sqq.
881 2538 953 2593 11)
990 2536 1052 2580 Io.
1088 2541 1128 2592 8,
1161 2541 1231 2583 34.
1298 2539 1368 2593 14)
1402 2542 1443 2581 2.
1475 2537 1598 2582 Petr.
1633 2542 1674 2594 2,
1706 2541 1775 2582 19.
1839 2538 1916 2593 26)
1972 2552 1986 2555 ”

223 2595 342 2652 Eph.
378 2601 418 2651 e,
451 2601 492 2640 5.
557 2599 632 2654 30)
668 2602 707 2644 1.
739 2595 840 2642 Cor.
877 2601 946 2650 15,
979 2601 1057 2651 243
1091 2600 1161 2640 28.

346 2763 367 2800 1
403 2771 428 2802 e
466 2771 577 2814 mss,·
609 2761 713 2803 eta
745 2772 770 2803 v
