2004 3140
576 132 644 164 DE
669 129 908 172 oIVJTATE
932 131 1018 162 DEI
1043 131 1084 163 L.
1109 131 1192 163 xx.
1216 129 1253 163 ο.
1279 131 1332 164 24.
1358 130 1412 165 25.
1732 118 1838 171 471

163 261 267 296 ram
314 245 419 295 fieri
465 245 646 294 dicitur
694 243 824 308 quod
874 244 927 293 fit
974 246 1146 308 utique
1186 245 1236 293 in
1276 251 1429 293 terra:
1474 244 1697 309 profecto
1737 246 1843 309 ipsa

163 334 313 385 opera
360 318 723 368 misericordiae
773 324 888 367 sunt
936 319 1195 384 sacrificia,
1242 317 1422 382 quibus
1462 319 1687 383 placetur
1725 317 1843 385 De0,

162 396 291 442 sicut
328 394 380 441 in
426 392 551 442 libro
598 392 746 441 huius
794 394 958 457 operis
1007 392 1196 441 decimo
1244 406 1322 441 me
1363 392 1656 441 disseruisse
1697 394 1842 442 remi-

159 469 348 532 niscor3
395 468 446 515 in
493 465 672 531 quibus
720 465 954 530 operibus
1010 466 1278 531 disponunt
1327 467 1446 515 iusti
1492 473 1844 516 testamentum

158 540 261 606 Dei,
301 542 415 604 quia
444 546 648 605 propter
680 542 1047 605 promissioneS‚
1087 555 1212 604 quae
1246 555 1370 588 novo
1403 542 1510 589 eius
1549 546 1842 590 testamento
1877 547 1902 588 5

155 615 504 681 continentur,
558 613 678 662 haec
731 614 930 663 faciunt.
1007 613 1146 662 Unde
1199 615 1507 679 congregatis
1560 613 1653 663 sibi
1699 616 1843 665 iustis

159 689 263 737 suis
314 694 364 737 et
414 687 473 736 ad
526 703 664 737 suam
717 687 969 737 dexteram
1022 689 1304 737 constitutis
1354 690 1620 737 novissimo
1672 690 1842 753 utique

158 761 340 811 iudicio
396 762 620 811 dicturus
676 768 752 811 est
806 761 1054 811 Christus:
1128 762 1324 823 Venite,
1379 763 1632 812 benedieti
1676 765 1845 825 patris

155 838 278 895 mei,
336 838 589 898 possidete
643 842 887 898 paratum
949 838 1085 886 vobis
1139 851 1352 897 reanum
1407 852 1439 886 a
1494 839 1846 887 constitutione

157 912 344 959 mundi.
423 911 633 959 Esurivi
677 913 828 971 enim,
884 916 933 959 et
979 913 1186 960 dedistis
1233 912 1358 959 mihi
1404 913 1746 972 manducare,
1796 918 1845 960 et
1881 919 1935 960 10

158 990 324 1033 cetera
371 999 494 1048 quae
542 983 610 1032 ibi
655 984 979 1048 proferuntur
1027 984 1086 1033 de
1134 984 1378 1033 bonorum
1429 983 1662 1049 operibus
1702 984 1844 1034 honis

157 1064 206 1106 et
254 1057 314 1106 de
362 1073 535 1107 eorum
587 1059 819 1122 praemiis
870 1059 1183 1123 sempiternis
1237 1073 1327 1124 per
1378 1058 1599 1108 ultimam
1647 1066 1843 1109 senten-

157 1133 274 1180 tiam
313 1131 589 1180 iudicantis,

802 1289 999 1344 CAPUT
1032 1290 1200 1345 XXV.

151 1399 233 1447 De
265 1400 537 1460 prophetia
569 1399 904 1459 Malae-hiens,
945 1414 1046 1460 qua
1079 1400 1178 1448 Dei
1214 1401 1459 1465 iudicium
1497 1401 1722 1453 ultimum
1763 1401 1844 1449 de·
1882 1406 1935 1448 15

269 1475 505 1542 elaratur
544 1479 593 1522 et
630 1475 950 1534 quorundam
991 1475 1182 1522 dieitur
1217 1489 1313 1535 per
1345 1476 1736 1535 purificatorias

601 1561 797 1610 poenas
831 1546 1079 1608 facienda
1118 1550 1392 1597 mundatio.

305 1649 551 1714 Propheta
589 1649 841 1699 Malachiel
889 1651 988 1699 sive
1029 1650 1254 1716 Malachi‚
1304 1653 1388 1715 qui
1438 1658 1487 1700 et
1535 1651 1737 1716 angelus
1776 1651 1845 1701 di-

156 1730 269 1773 ctus
303 1730 391 1789 est,
433 1725 518 1788 qui
550 1725 695 1772 etiam
727 1723 910 1773 Esdras
943 1725 1188 1790 sacerdOS,
1228 1726 1370 1773 cuius
1403 1725 1494 1773 alia
1524 1727 1576 1774 in
1608 1740 1846 1774 canonem

158 1799 342 1862 scripta
388 1804 585 1862 recepta
634 1803 774 1864 sunt,
821 1797 879 1846 ab
932 1797 1176 1862 aliquibus
1226 1798 1446 1847 creditur
1486 1794 1623 1866 (nam
1664 1799 1723 1847 de
1763 1799 1846 1848 illo
1880 1807 1936 1848 20

159 1871 284 1920 hanc
325 1886 433 1920 esse
473 1871 813 1920 Hebraeorum
866 1873 1147 1936 opinionem
1186 1871 1306 1920 dicit
1344 1868 1724 1940 Hieronymus),
1772 1875 1844 1922 iu-

153 1945 344 1994 dicium
397 1947 719 1995 novissimum
771 1945 1034 2010 prophetat
1088 1945 1280 1995 dicens:
1335 1947 1472 1995 Eece
1519 1949 1673 2006 venit,
1724 1949 1850 1996 dicit

158 2020 402 2068 Dominus
456 2022 763 2082 omnipotens
771 2037 791 2078 ,·
847 2026 894 2069 et
952 2021 1063 2081 quis
1116 2022 1382 2069 sustinebit
1431 2022 1560 2069 diem
1611 2023 1847 2070 introitus

158 2096 282 2154 eius,
323 2099 414 2142 aut
451 2096 562 2154 quis
597 2092 744 2155 ferre
776 2097 968 2156 poterit
1004 2099 1061 2143 ut
1099 2096 1318 2156 aspiciat
1356 2097 1501 2143 eum?
1571 2095 1701 2153 Ouia
1743 2097 1847 2156 ipse

158 2169 449 2228 ingreditur
495 2170 644 2228 quasi
688 2170 819 2228 iynis
866 2170 1159 2229 conflatorii
1204 2173 1253 2217 et
1290 2171 1439 2229 quasi
1474 2169 1634 2217 herba
1673 2172 1845 2217 lavan-
1880 2175 1936 2216 25

159 2243 282 2290 tium
290 2258 310 2299 ;
357 2246 406 2290 et
441 2242 634 2290 sedebit
683 2243 910 2302 conflans
950 2248 998 2291 et
1034 2243 1284 2291 mundans
1322 2244 1455 2292 sieut
1493 2248 1760 2303 argentum
1800 2247 1847 2291 et

158 2317 293 2364 sieut
330 2330 527 2377 aurum,
569 2320 618 2364 et
647 2316 911 2364 mundabit
942 2318 1075 2375 filios
1115 2316 1250 2376 Levi,
1291 2321 1340 2364 et
1371 2315 1556 2377 fundet
1594 2330 1675 2365 eos
1714 2318 1848 2365 sieut

161 2402 344 2437 aurum
384 2395 433 2437 et
478 2394 774 2450 arqentuim
819 2394 869 2438 et
906 2395 1058 2438 erunt
1095 2390 1310 2439 Domino
1350 2390 1619 2450 offerentes
1657 2391 1846 2438 hostias

277 2516 321 2568 3)
355 2513 403 2560 O.
439 2521 478 2560 6.
543 2517 615 2571 10)
647 2515 729 2560 Mt.
764 2520 835 2571 25,
868 2520 938 2560 34.
1001 2518 1075 2571 21)
1109 2515 1237 2560 Hier.
1268 2529 1472 2572 prooem.
1506 2515 1554 2558 in
1586 2515 1785 2559 Malach.

283 2695 335 2734 15
375 2689 698 2734 malachihelis
733 2691 899 2744 Parr.,·
937 2691 1197 2735 Malachiae
1229 2705 1254 2734 v
1301 2693 1315 2747 ΙΙ
1363 2695 1416 2734 18
1450 2690 1698 2735 malachiel
1728 2691 1847 2744 BA,-

164 2748 419 2792 Malachias
451 2763 475 2792 v
514 2751 530 2805 ΙΙ
567 2753 624 2793 26
657 2754 698 2792 et
727 2765 770 2807 p.
805 2755 906 2804 472,
942 2754 994 2793 15
1029 2749 1149 2793 sicut
1181 2763 1342 2793 aurum
1376 2751 1424 2794 et
1455 2749 1573 2794 siout
1604 2764 1700 2806 arg.
1733 2763 1847 2802 mss,-

161 2809 338 2852 inverso
363 2809 522 2852 ordine
543 2821 570 2850 v
594 2810 608 2863 ΙΙ
633 2812 688 2852 26
713 2808 940 2852 mundans
963 2810 1128 2864 scripsi
1150 2822 1229 2854 see.
1258 2808 1416 2852 Graec.
1440 2809 1516 2863 (ef.
1536 2823 1587 2864 p.
1605 2812 1714 2862 472,
1738 2813 1797 2852 15
1794 2814 1846 2864 )‚·

160 2866 413 2911 emundans
443 2880 469 2910 v
493 2867 508 2922 ΙΙ
533 2871 587 2910 27
621 2870 662 2910 et
691 2881 736 2923 p.
770 2872 872 2921 472,
905 2872 958 2912 16
990 2867 1235 2911 mundabit
1262 2867 1333 2922 R,·
1364 2866 1635 2912 emundabit
1662 2881 1688 2912 v
