2044 3146
566 115 634 148 DE
658 113 896 148 CIVITATE
919 113 1007 146 nm
1031 113 1076 148 L.
1101 114 1203 146 xvl.
1229 113 1267 146 c,
1291 115 1344 146 33.
1370 115 1422 146 34.
1737 102 1840 154 179

156 239 203 281 te
242 230 505 279 Dominum
537 227 698 276 Deum
737 229 871 275 caeli
907 234 956 276 et
994 227 1260 276 Dominum
1300 232 1487 287 terrae,
1527 232 1583 274 ut
1621 240 1720 275 non
1758 242 1838 275 su·
1893 224 1900 231 '

154 319 260 354 mas
307 315 518 352 uxorem
558 302 666 360 filio
714 314 820 349 meo
869 301 1022 349 Isaac
1069 315 1101 349 a
1144 301 1350 359 filiabus
1404 300 1841 367 Chananaeorum‚

153 378 249 427 nisi
297 375 557 424 Dominum
596 372 753 422 Deum
802 374 924 422 caeli
977 381 1025 422 et
1064 372 1327 423 Dominum
1374 381 1535 423 terrae
1584 375 1636 422 in
1677 388 1841 440 carne,

154 465 276 515 quae
316 464 375 498 ex
412 447 495 496 illo
534 447 722 496 femore
763 447 1073 513 trahebatur,
1121 447 1274 496 fuisse
1313 444 1614 496 venturum?
1689 446 1839 497 Num-
1925 452 1933 461 '

157 523 271 588 quid
313 522 433 572 haec
471 536 619 586 parva
651 528 769 570 sunt
799 522 1171 586 praenuntiatae
1205 521 1385 570 indicia
1417 522 1652 587 veritam,
1693 536 1839 585 quam

153 595 371 662 conpleri
409 595 631 645 videmus
671 597 722 643 in
763 591 996 644 Christo?

752 782 944 836 CAPUT
984 782 1238 839 XXXIV.

159 893 292 951 Ouid
330 893 716 953 intellegendum
767 893 832 940 sit
870 893 922 939 in
962 905 1041 957 eo,
1088 891 1224 952 quod
1263 891 1524 939 Abraham
1556 898 1673 954 post
1710 905 1839 940 mor-

425 973 519 1015 tem
560 966 758 1015 Sarrae
804 965 1061 1014 Cetturam
1100 967 1303 1027 accepit
1340 978 1567 1014 uxorem.

300 1067 428 1126 Quid
475 1075 639 1117 autem
690 1067 783 1116 sibi
829 1067 955 1134 vult,
1001 1067 1130 1132 quod
1180 1067 1423 1116 Abraham
1467 1074 1583 1132 post
1627 1074 1839 1117 mortem

153 1142 328 1191 Sarrae
370 1141 621 1191 Cetturam
662 1141 802 1190 duxit
840 1138 1085 1190 uxorem?
1137 1140 1232 1190 Ubi
1272 1141 1399 1190 absit
1437 1148 1494 1190 ut
1530 1143 1838 1191 incontinen-

150 1218 268 1266 tiam
307 1217 642 1283 suspicemur,
688 1217 983 1280 praesertim
1028 1216 1080 1263 in
1126 1214 1207 1263 illa
1246 1217 1342 1264 iam
1383 1221 1542 1264 aetate
1582 1222 1632 1264 et
1669 1217 1722 1264 in
1759 1215 1840 1264 illa

149 1289 263 1339 fidei
311 1291 583 1338 sanctitate.
661 1289 735 1337 An
783 1288 942 1338 adhuc
987 1288 1284 1354 procreandi
1334 1288 1421 1338 filii
1460 1289 1840 1355 quaerebantur,

150 1378 262 1413 cum
308 1365 404 1412 iam
443 1362 545 1412 Deo
592 1364 913 1428 promittente
960 1369 1094 1412 tanta
1145 1362 1487 1428 multiplicatio
1526 1362 1740 1413 filiorum
1780 1379 1838 1412 ex

149 1437 281 1487 Isaac
321 1452 412 1502 per
443 1436 608 1486 stellas
640 1435 762 1485 caeli
802 1444 852 1486 et
881 1436 1115 1485 harenam
1155 1444 1318 1486 terrae
1358 1436 1453 1485 fide
1492 1435 1838 1501 probatissima

149 1507 450 1561 teneretur?
504 1509 600 1559 Sed
639 1510 864 1576 profecto
905 1513 948 1559 si
986 1511 1114 1575 Agar
1154 1517 1205 1559 et
1242 1510 1444 1577 Ismael‚
1484 1510 1685 1561 doctore
1727 1527 1839 1576 apo·

150 1585 298 1651 stolo,
345 1584 744 1649 significaverunt
783 1584 1004 1633 carnales
1042 1586 1225 1634 veteris
1264 1587 1570 1651 testamenti,
1610 1600 1701 1635 cur
1741 1601 1839 1634 non

151 1661 296 1708 etiam
338 1657 540 1707 Cettura
586 1665 636 1707 et
683 1657 769 1706 filii
809 1659 916 1707 eius
956 1658 1235 1723 significent
1273 1658 1517 1725 carnales,
1562 1661 1649 1723 qui
1687 1674 1740 1708 se
1781 1659 1840 1707 ad

149 1738 501 1780 testamentum
540 1746 722 1780 novum
762 1733 1044 1781 existimant
1080 1729 1371 1796 pertinere?
1431 1731 1615 1782 Ambae
1655 1735 1838 1798 quippe

151 1814 200 1854 et
246 1820 427 1854 uxores
466 1803 686 1853 Abrahae
738 1812 787 1853 et
834 1804 1136 1854 concubinae
1185 1812 1302 1854 sunt
1349 1805 1643 1872 appellatae3
1692 1805 1838 1855 Sarra

149 1894 265 1927 vero
299 1893 567 1942 numquam
600 1878 729 1927 dicta
762 1886 838 1927 est
877 1878 1165 1928 concubina.
1243 1878 1365 1927 Nam
1405 1886 1454 1928 et
1494 1879 1688 1944 quando
1729 1879 1839 1929 data

144 1960 227 2002 vest
258 1953 385 2017 Agar
416 1951 654 2018 Abrahae,
693 1954 759 2001 ita
801 1954 1041 2017 scriptum
1080 1959 1178 2002 est:
1218 1953 1285 2001 Et
1323 1955 1663 2015 adprehendit
1701 1954 1838 2003 Sara

150 2041 285 2076 uxor
316 2027 507 2075 Abram
538 2027 683 2088 Ayar
720 2028 1021 2089 Aeqyptiam
1061 2029 1300 2076 ancillam
1338 2041 1482 2076 suam
1515 2034 1631 2090 post
1668 2029 1840 2077 decem

153 2115 341 2166 annae,
395 2114 544 2160 quam
583 2101 908 2149 habitaverat
944 2102 1137 2149 Abram
1177 2103 1228 2150 in
1277 2106 1420 2150 terra
1467 2102 1735 2161 Chanaan,
1792 2108 1841 2150 et

152 2175 288 2223 dedit
343 2189 453 2222 eam
492 2175 683 2222 Abram
737 2176 848 2223 viro
902 2189 992 2224 suo
1048 2177 1148 2236 ipsi
1198 2189 1425 2224 uxorem.
1510 2174 1579 2224 De
1636 2174 1838 2224 Cettura

153 2254 330 2314 autem,
371 2262 514 2311 quam
547 2254 661 2312 post
703 2246 892 2296 obitum
926 2247 1101 2296 Sarrae
1141 2250 1346 2315 accepit,
1385 2250 1455 2297 sic
1495 2248 1696 2313 legitur:
1735 2250 1836 2299 Ad-

151 2323 307 2370 iciens
347 2327 513 2370 autem
551 2322 814 2371 Abraham
851 2325 1060 2384 sumpsit
1098 2336 1333 2382 uxorem,
1382 2325 1471 2373 cui
1506 2336 1682 2372 nomen
1731 2323 1836 2372 Cet-

151 2400 283 2443 tura.
360 2393 488 2444 Ecce
543 2393 711 2444 ambae
767 2394 1002 2444 dicuntur
1047 2410 1252 2462 uxores;
1307 2395 1475 2445 ambae
1520 2411 1671 2461 porro
1723 2411 1837 2445 con-

153 2466 358 2516 cubinae
384 2468 536 2517 fuisse
568 2470 904 2535 reperiuntur,
946 2476 1117 2534 postea
1149 2468 1345 2518 dicente
1379 2471 1646 2534 scriptura:
1686 2470 1840 2519 Dedit

272 2595 316 2649 2)
349 2593 460 2640 Gen.
494 2598 564 2650 24,
597 2600 622 2639 2
652 2609 722 2656 eq.
787 2596 861 2651 17)
892 2595 992 2640 Gai.
1025 2601 1067 2652 4,
1099 2601 1169 2639 24.
1233 2598 1307 2652 25)
1340 2595 1452 2640 Gen.
1489 2602 1556 2651 16,
1589 2601 1630 2639 3.

278 2789 298 2826 1
335 2783 570 2829 dominum
611 2786 718 2830 VR¹
750 2782 960 2843 (ἐξορκιῶ
996 2802 1043 2830 σε
1077 2782 1279 2843 κύριον>;
1312 2801 1395 2844 per
1427 2786 1546 2831 dom.
1577 2786 1719 2832 R²Av
1742 2789 1759 2844 ΙΙ
1783 2790 1838 2832 ut

156 2855 235 2886 om.
267 2841 400 2898 Fll2
431 2843 487 2887 de
518 2844 580 2891 fil.
611 2847 757 2902 vu25
790 2859 892 2890 eam
923 2858 1006 2891 om.
1048 2845 1094 2890 V

1395 2920 1480 2963 12²·

1872 1077 1928 1118 10

1873 1446 1927 1488 15

1870 1816 1928 1857 20

1871 2183 1926 2224 25
