2054 3152
574 155 640 187 DE
665 153 904 188 ctvrrA'rE
927 154 1015 186 Dm
1039 140 1080 185 12.
1106 154 1188 186 xv.
1212 154 1251 187 c.
1279 155 1334 187 10.
1358 155 1414 186 11.
1748 141 1814 192 77

132 269 371 333 ferretur,
420 265 694 316 secundum
739 271 979 329 utrosque
1027 264 1222 314 codices
1273 271 1525 315 trecentos
1566 266 1815 329 sexaginta

134 343 367 406 quinque.
445 339 626 389 Octava
671 340 923 404 generatio
970 337 1118 387 habet
1164 339 1364 402 quidem
1410 338 1694 388 nonnullam
1745 338 1814 387 di-

129 416 435 480 versitatem,
472 413 560 462 sed
600 415 843 461 minorem
882 427 949 461 ac·
978 411 1263 461 dissimilem
1303 414 1496 462 ceteris.
1572 411 1815 461 Mathusa-

130 488 225 537 lam
265 489 463 553 quippe,
503 501 649 551 quem
689 487 860 551 genuit
898 485 1083 551 Enoch,
1122 493 1385 550 antequam
1422 488 1647 550 gigneret
1686 501 1815 552 eum,

130 563 218 626 qui
270 563 322 610 in
376 563 483 626 ipso
539 560 712 609 ordine
767 561 1019 625 sequitur,
1082 560 1356 609 secundum
1408 559 1659 608 Hebraeos
1715 574 1815 608 non
1847 568 1873 608 5

128 641 330 684 centum
375 636 561 700 minuS,
608 633 693 683 sed
743 635 914 697 viginti
954 632 1161 697 amplius
1200 635 1319 682 vixit
1358 648 1533 698 annos3
1581 634 1665 697 qui
1705 648 1813 681 rur·

129 723 214 757 sus
253 710 305 757 in
344 710 554 774 nostriS,
591 714 762 772 postea
803 722 949 771 quam
989 722 1102 756 eum
1142 709 1334 772 genuit,
1374 708 1694 772 reperiuntur
1734 706 1813 754 ad-

125 781 242 846 diti,
283 788 332 830 et
370 783 421 830 in
461 783 685 846 utrisque
727 780 821 829 sihi
860 796 1050 830 summa
1088 782 1308 830 universi
1346 782 1542 829 numeri
1582 781 1813 829 occurrit.

127 854 183 904 In
232 855 334 904 sola
380 870 510 904 nona
556 856 896 920 generatione,
950 855 1000 903 id
1047 861 1123 903 est
1169 856 1220 902 in
1268 854 1408 903 annis
1447 853 1681 919 Lamech,
1730 853 1815 902 filii

126 928 440 994 Mathusalae,
479 931 633 994 patris
673 935 837 977 autem
867 927 987 994 Noe,
1027 943 1218 977 summa
1255 929 1590 977 universitatis
1630 927 1812 976 discre—
1848 939 1903 979 10

125 1009 223 1068 pat,
264 1002 349 1051 sed
390 1018 490 1051 non
535 1003 817 1067 plurimum.
894 1000 1078 1067 Viginti
1128 1003 1260 1051 enim
1300 1008 1347 1050 et
1387 1008 1620 1065 quattuor
1659 1016 1814 1050 annos

125 1075 238 1141 plus
270 1078 449 1125 vixisse
481 1078 533 1124 in
565 1075 803 1124 Hebraeis
835 1090 982 1140 quam
1021 1078 1072 1124 in
1111 1077 1296 1124 nostris
1335 1074 1588 1124 codicibus
1628 1076 1812 1124 inveni-

125 1158 221 1198 tur.
298 1148 519 1213 Namque
567 1156 828 1213 antequam
868 1151 1093 1213 gigneret
1131 1149 1315 1214 filium,
1373 1150 1459 1212 qui
1496 1155 1698 1198 vocatus
1738 1155 1814 1197 est

126 1222 246 1287 Noe,
285 1238 372 1271 sex
402 1225 567 1272 minus
597 1221 745 1271 habet
776 1225 828 1271 in
859 1222 1097 1271 Hebraeis
1130 1237 1278 1286 quam
1309 1224 1357 1270 in
1399 1224 1605 1287 nostris3
1643 1229 1814 1287 postea

123 1311 240 1345 vero
282 1311 428 1361 quam
469 1311 583 1346 eum
621 1298 814 1362 genuit,
861 1298 1062 1361 triginta
1102 1296 1311 1360 amplius
1350 1297 1401 1344 in
1441 1295 1627 1344 eisdem
1667 1310 1814 1360 quam
1848 1291 1901 1346 15

123 1371 175 1418 in
215 1371 414 1419 nostris
491 1369 631 1419 Unde
680 1385 766 1418 sex
813 1370 908 1419 illis
959 1370 1194 1419 detractis
1234 1376 1423 1418 restant
1461 1371 1635 1434 viginti
1674 1376 1811 1434 quat-

121 1451 252 1509 tuor,
290 1450 345 1493 ut
384 1443 570 1494 dictum
611 1449 700 1493 est.

804 1616 995 1670 CAPUT
1035 1616 1127 1670 XI.

122 1724 200 1772 De
245 1725 394 1772 annis
435 1723 786 1783 Mathusalae,
834 1726 980 1773 caius
1027 1729 1168 1773 aetas
1215 1725 1622 1785 quattuordecim
1661 1727 1809 1773 anm’s

576 1799 815 1846 diluvium
854 1799 1054 1846 videtur
1094 1799 1358 1846 excedere.
1844 1806 1900 1846 20

270 1898 368 1948 Per
405 1899 532 1948 hanc
573 1906 736 1948 autem
786 1899 1166 1963 discrepantiam
1203 1898 1544 1948 Hebraeorum
1584 1898 1811 1948 codicum

122 1979 270 2036 atque
317 1979 605 2022 nostrorum
652 1975 875 2022 exoritur
920 1973 1001 2021 illa
1051 1974 1375 2022 famosissima
1423 1974 1671 2038 quaestiO,
1726 1972 1811 2021 ubi

124 2045 445 2095 Mathusalam
505 2047 899 2111 quattuordecim
957 2062 1111 2096 annos
1166 2048 1345 2095 vixisse
1407 2052 1521 2111 post
1575 2045 1811 2095 diluvium

124 2125 438 2186 conputatur,
478 2135 590 2169 cum
632 2122 877 2184 scriptura
917 2135 974 2169 ex
1017 2119 1261 2186 omnibus,
1301 2121 1387 2184 qui
1426 2122 1477 2168 in
1516 2127 1651 2169 terra
1690 2126 1808 2169 tunc

124 2193 343 2258 fuerant,
383 2193 514 2241 solos
554 2200 664 2242 octo
704 2193 929 2243 homines
967 2196 1018 2243 in
1059 2209 1170 2242 arca
1212 2195 1415 2243 exitium
1456 2200 1809 2243 commemoret
1842 2203 1898 2243 25

123 2267 335 2315 evasisse
384 2266 573 2332 diluvii,
619 2269 669 2315 in
723 2266 902 2331 quibus
940 2267 1262 2317 Mathusalam
1301 2283 1400 2316 non
1439 2267 1545 2316 fuit.
1625 2267 1809 2316 Secun-

120 2338 240 2388 dum
272 2339 468 2388 codices
500 2341 631 2389 enim
663 2347 861 2389 nostros
899 2340 1221 2390 Mathusalam
1259 2343 1547 2405 priusquam
1587 2343 1811 2405 gigneret

121 2411 274 2479 illum,
314 2428 461 2477 quem
493 2415 682 2463 vocavit
711 2413 939 2480 Lamech,
976 2416 1096 2464 vixit
1126 2429 1280 2463 annos
1320 2421 1520 2463 centum
1560 2415 1810 2478 sexaginta

123 2492 336 2551 septem3
376 2486 553 2536 deinde
587 2489 692 2552 ipse
725 2486 953 2553 Lamech,
992 2495 1254 2552 antequam
1288 2503 1347 2536 ex
1379 2487 1460 2536 illo
1493 2494 1637 2537 natus
1678 2494 1807 2536 esset

121 2558 248 2625 Noe,
298 2561 419 2609 vixit
466 2575 619 2610 annos
667 2567 866 2610 centum
906 2563 1154 2626 octoginta
1194 2568 1329 2626 octo,
1376 2563 1462 2625 qui
1500 2561 1625 2610 fiunt
1663 2560 1809 2609 simul
1841 2571 1898 2610 30

67 2635 70 2639 ’
122 2635 336 2682 trecenti
403 2635 757 2699 quinquaginta
829 2636 1069 2700 quinque;
1137 2634 1214 2683 his
1284 2634 1532 2684 adduntur
1594 2636 1808 2683 sescenti

239 2824 265 2862 2
299 2821 346 2864 et
376 2820 579 2876 quinque
612 2833 637 2864 v
674 2822 690 2876 ΙΙ
731 2825 757 2864 3
789 2819 1102 2864 Mathusalem
1133 2833 1159 2864 v
1190 2822 1206 2876 ΙΙ
1242 2824 1297 2865 10
1327 2820 1584 2864 matusalae
1627 2819 1811 2863 VRAF

119 2879 294 2934 (proyr.
325 2892 371 2934 p.
406 2883 504 2934 19);
538 2879 853 2924 Mathusalem
882 2893 908 2923 v
931 2881 947 2935 ΙΙ
972 2884 1025 2923 13
1057 2893 1260 2934 namque
1301 2878 1460 2932 VAR-
1489 2893 1598 2922 nam
1631 2878 1702 2923 Rv
