2004 3140
126 949 179 988 10

126 1318 179 1357 15

124 1687 179 1726 20

125 2054 180 2094 25

127 2424 184 2463 30

216 151 326 204 470
891 162 926 195 s.
950 161 1224 197 Aoeusmm

211 275 482 342 apostolus:
524 276 688 325 Simul
718 290 832 325 cam
865 278 961 325 illis
993 278 1256 338 rapiemur
1288 279 1340 325 in
1373 278 1590 326 nubibus
1623 279 1673 326 in
1704 279 1901 328 obviam

217 352 413 400 Christo
447 353 498 400 in
532 365 672 399 acra.
751 349 872 398 Nam
906 349 1179 399 secundum
1210 349 1400 399 litterae
1435 352 1761 417 superficiem,
1801 367 1898 416 quo

209 424 354 472 modo
411 423 676 473 advocatur
733 423 923 472 caelum
971 439 1191 489 sursum,
1247 426 1384 488 quasi
1438 427 1594 489 possit
1640 441 1749 474 esse
1802 427 1899 475 nisi

211 495 447 547 sursum?
525 497 667 555 Quod
708 504 872 547 autem
912 498 1198 546 adiunctum
1237 505 1335 547 est:
1374 499 1442 547 Et
1478 505 1669 548 terram
1710 502 1901 550 discer-

211 588 335 622 nere
372 575 611 635 populum
657 587 816 632 suam,
859 573 899 620 si
940 572 1278 620 tantummodo
1320 571 1642 622 subaudiatur
1682 576 1899 624 advoca-

212 648 295 707 bit,
343 647 392 695 id
433 654 508 695 est
547 645 803 695 advocabit
843 653 892 695 et
931 653 1141 711 terram,
1191 661 1282 694 nec
1324 645 1647 696 subaudiatur
1685 663 1900 708 sursum,

211 720 343 769 hunc
385 720 577 770 videtur
616 719 798 769 habere
851 735 1051 769 sensum
1093 719 1366 769 secundum
1406 727 1589 769 rectam
1631 721 1798 787 fidem,
1845 727 1903 771 ut

213 794 401 843 caelum
449 794 764 859 intellegatur
811 796 862 842 in
910 795 981 842 eis
994 835 1007 860 ‚
1057 796 1140 858 qui
1193 809 1306 843 eum
1346 793 1428 842 illo
1468 794 1732 844 iudicaturi
1771 803 1903 862 sunt,

212 877 261 917 et
300 874 442 916 terra
473 870 523 917 in
565 869 659 934 eis,
705 870 790 932 qui
829 867 1078 917 iudicandi
1118 874 1255 934 sunt3
1304 874 1359 917 ut
1398 870 1669 918 advocabit
1706 873 1903 919 caelum

210 957 412 992 sursum
464 958 562 991 non
609 942 688 991 hic
740 941 1082 1006 intellegamus
1129 943 1325 1007 „rapiet
1371 943 1422 990 in
1461 938 1631 1009 aera“,
1679 943 1766 991 sed
1813 945 1903 1009 „in

210 1016 490 1065 iudiciarias
540 1018 696 1081 eriget
745 1011 932 1065 sedes“.
1010 1015 1182 1064 Potest
1229 1022 1278 1064 et
1324 1015 1445 1064 illud
1491 1015 1710 1081 intellegi
1750 1019 1901 1067 advo-
1964 1014 1969 1015 ⁷

210 1091 349 1140 cabit
399 1094 594 1140 caelum
641 1106 842 1140 sursum
887 1088 1185 1157 „advocabit
1232 1089 1432 1154 angelos
1481 1092 1531 1138 in
1585 1092 1814 1154 supernis
1855 1098 1904 1140 et

212 1164 419 1213 excelsis
466 1164 609 1230 lociS‚
658 1179 772 1214 cum
821 1163 1001 1229 quibus
1053 1164 1319 1213 descendat
1358 1164 1417 1212 ad
1458 1164 1738 1213 faciendum
1776 1164 1901 1213 iudi-

213 1234 395 1303 cium“;
436 1238 690 1287 advocabit
730 1245 778 1287 et
817 1244 1035 1298 terram,
1075 1238 1122 1286 id
1166 1244 1242 1286 est
1281 1237 1504 1286 homines
1544 1239 1595 1286 in
1635 1245 1769 1287 terra
1807 1240 1903 1287 uti-

213 1327 308 1376 que
356 1312 657 1361 iudicandos,
738 1312 790 1360 Si
840 1319 1003 1361 autem
1051 1319 1318 1375 utrumque
1367 1311 1763 1361 subaudiendum
1814 1318 1903 1378 est,

213 1401 327 1434 cum
359 1386 540 1435 dicitur
572 1392 620 1436 et
655 1393 861 1447 terram,
902 1386 951 1434 id
993 1392 1069 1434 est
1109 1392 1157 1433 et
1197 1387 1468 1434 advocabit
1506 1392 1554 1434 et
1591 1401 1807 1446 sursum,
1849 1394 1904 1435 ut

209 1461 304 1508 iste
345 1461 410 1508 sit
449 1475 648 1510 sensus:
696 1459 964 1509 Advocabit
1005 1459 1193 1508 caelum
1234 1474 1459 1524 sursum,
1511 1466 1560 1508 et
1598 1466 1782 1508 terram
1823 1459 1903 1508 ad-

210 1533 405 1583 vocabit
436 1549 656 1583 sursum:
696 1533 818 1582 nihil
849 1533 1024 1582 melius
1049 1532 1267 1597 intellegi
1301 1534 1525 1582 existimo
1551 1548 1699 1597 quam
1731 1548 1902 1582 omnes

213 1610 298 1672 qui
337 1610 592 1673 rapientur
639 1610 691 1656 in
731 1607 922 1656 obviam
964 1606 1157 1656 Christo
1198 1609 1249 1655 in
1290 1622 1425 1672 aera,
1477 1606 1562 1655 sed
1604 1606 1793 1656 caelum
1834 1607 1904 1656 di-

213 1689 347 1731 ctum
393 1688 600 1746 propter
633 1684 861 1748 'animaS‚
914 1689 1097 1730 terram
1144 1687 1350 1745 propter
1397 1696 1618 1745 corpora.
1696 1682 1901 1730 Discer-

212 1772 334 1805 nere
386 1771 536 1820 porro
584 1759 826 1819 populum
871 1770 1038 1815 suum,
1093 1754 1211 1818 quid
1259 1761 1335 1803 est
1380 1756 1472 1803 nisi
1523 1770 1613 1819 per
1663 1754 1905 1804 iudicium

211 1845 440 1894 separare
471 1829 628 1879 bonos
661 1846 687 1878 a
719 1829 874 1896 maliS,
914 1836 1163 1893 tamquam
1194 1843 1309 1877 oves
1342 1827 1400 1876 ab
1441 1825 1649 1877 haedis?
1711 1827 1900 1878 Deinde

213 1905 468 1952 conversio
509 1906 752 1953 sermonis
801 1903 860 1952 ad
908 1903 1106 1968 angelos
1160 1902 1286 1951 facta
1326 1908 1422 1951 est:
1477 1903 1794 1963 Congreyatc
1833 1905 1908 1951 illi

213 1980 367 2027 iustos
406 1980 541 2036 cius;
579 1978 802 2042 profecto
836 1979 968 2026 enim
1007 1992 1096 2041 per
1136 1975 1410 2040 angelicum
1451 1977 1784 2025 ministerium
1823 1991 1904 2024 res

212 2058 346 2100 tanta
384 2051 662 2116 peragenda
701 2057 789 2100 est.
869 2051 920 2099 Si
953 2058 1118 2100 autem
1158 2051 1456 2115 quaerimt1S‚
1497 2065 1621 2114 quos
1662 2052 1820 2098 iustos
1860 2051 1907 2098 ei

214 2127 561 2189 congregaturi
601 2127 699 2173 sint
738 2125 919 2189 angeli:
968 2126 1066 2183 Qui
1103 2126 1384 2186 disponant,
1424 2124 1600 2188 inquit,
1641 2129 1902 2172 testamen-

214 2203 317 2246 tum
349 2201 458 2247 cius
488 2214 642 2260 super
672 2200 949 2257 sacrificia.
1027 2197 1158 2245 Haec
1192 2203 1267 2245 est
1299 2198 1457 2245 omnis
1497 2198 1595 2245 vita
1634 2198 1903 2246 iustorum:

215 2271 478 2336 disponere
532 2277 883 2320 testamentum
939 2270 1027 2319 Dei
1082 2285 1232 2334 super
1289 2270 1539 2318 sacrificia.
1618 2269 1715 2318 Aut
1771 2272 1904 2318 enim

216 2360 365 2410 opera
412 2345 778 2394 misericordiae
828 2351 944 2394 sunt
990 2359 1144 2406 saper
1182 2346 1467 2403 sacrificia,
1523 2342 1570 2391 id
1628 2349 1704 2391 est
1757 2345 1905 2392 sacri-

215 2419 340 2468 ficiis
388 2419 756 2484 praeponenda,
795 2420 929 2467 iuxta
970 2419 1263 2466 sententiam
1304 2416 1392 2465 Dei
1433 2417 1663 2465 dicentis:
1705 2417 1904 2466 Miseri-

217 2494 448 2542 cordiam
496 2496 602 2543 volo
650 2507 801 2554 quam
851 2494 1197 2551 sacrificium;
1245 2497 1329 2540 aut
1370 2491 1411 2539 si
1450 2506 1604 2552 super
1642 2493 1907 2550 sacrificia

215 2568 304 2631 „in
345 2561 638 2615 sacrificiis“
685 2566 988 2630 intellegitur
1036 2565 1244 2630 dictum,
1294 2579 1391 2628 quo
1431 2564 1577 2613 modo
1618 2579 1769 2628 super
1809 2570 1906 2613 ter-

336 2711 380 2764 2)
417 2713 455 2753 1.
488 2708 647 2752 Thess.
682 2714 722 2763 4,
758 2713 825 2751 17.
889 2710 962 2763 31)
997 2706 1113 2751 Osee
1147 2712 1187 2762 6,
1221 2711 1260 2751 6.

339 2903 391 2942 18
425 2912 582 2942 omnes
614 2913 726 2953 mss;
757 2898 968 2944 homines
1001 2900 1145 2955 υ1126
1180 2899 1286 2942 sunt
1317 2911 1342 2941 v
