2054 3152
601 156 667 189 DE
692 155 931 190 mvrmm
954 156 1043 188 nm
1066 157 1110 190 L.
1135 156 1216 189 xv,
1241 156 1278 189 o.
1304 158 1358 190 13.
1754 145 1825 199 83

140 267 226 317 ubi
268 266 618 333 superantibus
666 269 837 333 viginti
887 274 1120 332 quattuor
1160 270 1302 317 annis
1342 283 1532 318 summa
1570 283 1668 317 non
1709 283 1825 318 con·

140 344 287 391 venit.
364 341 419 390 In
465 340 542 390 his
582 347 771 407 autem,
816 343 868 390 in
917 341 1097 406 quibus
1138 344 1456 392 continuatur
1493 343 1650 408 ipsius
1689 358 1824 391 men-

140 415 363 465 dositatis
395 414 679 481 similitudo,
717 416 785 464 ita
823 420 881 464 ut
919 422 1030 464 ante
1072 417 1293 480 genitum
1330 416 1500 483 filium,
1539 418 1625 481 qui
1663 417 1826 466 ordini

138 491 398 556 inseritur,
444 487 559 538 alibi
606 490 858 553 supersint
904 496 1105 538 centum
1153 491 1289 556 anni,
1335 490 1450 538 alibi
1490 490 1673 556 desint3
1711 497 1826 555 post

139 564 361 627 genitum
416 568 587 616 autem
635 561 722 612 uhi
775 562 981 612 deerant
1043 565 1316 628 supersint,
1383 563 1469 613 ubi
1531 569 1826 628 supererant
1857 573 1884 612 5

138 636 322 702 desint,
368 643 424 686 ut
471 651 661 685 summa
710 638 989 702 conveniat3
1037 643 1086 686 et
1132 636 1227 686 hoc
1273 639 1325 686 in
1363 639 1543 703 prima,
1595 637 1824 703 secunda,

137 712 298 776 tertia,
337 717 525 777 quarta,
559 712 743 776 quinta,
783 712 991 775 septima
1030 712 1347 775 generatione
1381 712 1654 760 invenitur:
1693 711 1823 760 vide·

137 791 218 833 tur
248 782 430 833 habere
464 784 722 851 quandam,
760 786 803 833 si
833 783 931 833 dici
961 791 1140 851 potest,
1178 800 1321 834 error
1362 787 1467 850 ipse
1500 786 1825 834 constantiam

134 872 227 907 nec
267 873 435 907 casum
475 858 680 925 redolet,
719 857 806 907 sed
844 858 1154 908 industriam.

282 931 452 996 Itaque
485 931 565 981 illa
597 931 855 981 diversitas
895 947 1218 982 numerorum
1258 931 1400 982 aliter
1440 948 1493 982 se
1533 932 1820 982 habentium
1855 941 1910 981 10

134 1007 184 1054 in
232 1004 486 1055 codicibus
533 1005 733 1055 Graecis
781 1012 830 1055 et
876 1004 1086 1073 LatiniS,
1132 1005 1273 1055 aliter
1319 1008 1370 1055 in
1421 1006 1660 1055 Hebraeis
1671 1046 1685 1071 ,
1736 1006 1822 1055 ubi

133 1094 233 1128 non
274 1087 350 1128 est
388 1081 482 1128 ista
522 1079 580 1128 de
622 1086 822 1129 centum
861 1081 1003 1128 annis
1042 1081 1182 1144 prius
1222 1079 1399 1129 additis
1441 1087 1490 1129 et
1527 1087 1699 1145 postea
1739 1080 1820 1128 de—

134 1155 303 1202 tractis
341 1168 432 1217 per
464 1159 538 1202 tot
575 1155 919 1218 generationes
958 1155 1243 1202 continuata
1280 1154 1516 1220 parilitaS,
1555 1169 1646 1203 nec
1686 1153 1820 1202 mali-

132 1227 227 1275 tiae
266 1225 561 1276 Iudaeorum
599 1241 692 1275 nec
732 1226 1012 1291 diligentiae
1066 1226 1140 1275 vel
1179 1227 1471 1292 prudentiae
1512 1228 1821 1292 septuaginta

131 1302 475 1366 interpretum,
515 1300 600 1350 sed
634 1301 890 1365 scriptoris
923 1299 1171 1350 tribuatur
1210 1302 1385 1366 errori,
1424 1303 1511 1366 qui
1549 1301 1608 1350 de
1649 1300 1819 1350 biblio·
1855 1309 1910 1350 15

131 1373 274 1423 theca
320 1373 592 1439 supradicti
638 1376 769 1438 regis
817 1374 1039 1424 codicem
1085 1374 1465 1424 describendum
1512 1376 1704 1440 primus
1744 1390 1820 1424 ac—

133 1449 278 1512 cepit.
356 1447 477 1496 Nam
525 1449 670 1497 etiam
718 1463 872 1514 nunc,
920 1447 1007 1497 ubi
1053 1450 1248 1497 numeri
1296 1463 1396 1497 non
1437 1449 1623 1498 faciunt
1660 1450 1820 1497 inten-

132 1528 238 1570 tum
292 1522 351 1570 ad
407 1521 614 1587 aliquid,
685 1522 817 1586 quod
874 1521 1012 1570 facile
1068 1523 1226 1587 possit
1278 1522 1497 1587 intellegi
1558 1522 1635 1571 vel
1689 1521 1821 1586 quod

132 1600 362 1661 appareat
386 1595 573 1645 utiliter
598 1596 736 1661 disci,
769 1602 818 1644 et
845 1595 1164 1660 neglegenter
1189 1595 1541 1646 describuntur
1574 1604 1624 1645 et
1655 1595 1818 1660 negle—

131 1671 328 1733 gentius
379 1669 716 1718 emendantur.
796 1668 918 1726 Quis
970 1671 1102 1718 enim
1153 1668 1248 1718 sibi
1294 1671 1544 1719 existimet
1590 1685 1699 1719 esse
1748 1669 1818 1717 di·
1852 1677 1908 1718 20

132 1742 396 1808 scendum,
451 1750 572 1807 quot
622 1741 752 1791 milia
806 1742 1062 1791 hominum
1116 1742 1278 1792 tribus
1331 1742 1483 1793 Israel
1537 1743 1819 1808 singillatim

130 1814 311 1864 habere
343 1812 652 1881 potuerunt?
692 1817 923 1879 quoniam
954 1816 1191 1880 prodesse
1233 1816 1415 1880 aliquid
1455 1832 1554 1865 non
1593 1822 1819 1882 putatur3

130 1896 179 1938 et
219 1896 400 1954 quotus
440 1891 649 1953 quisque
689 1889 944 1938 hominum
985 1896 1082 1955 est,
1123 1891 1203 1938 cui
1242 1890 1552 1954 profunditas
1592 1890 1818 1939 utilitatis

129 1962 276 2012 huius
313 1960 579 2028 appareat?
639 1962 731 2011 Hic
778 1977 911 2028 ver0,
950 1962 1037 2012 ubi
1075 1978 1166 2027 per
1204 1971 1278 2013 tot
1318 1970 1574 2013 contextas
1613 1978 1816 2028 genera-

128 2038 288 2086 tiones
343 2043 543 2086 centum
597 2038 711 2085 anni
765 2035 881 2084 alibi
936 2036 1136 2103 adsunt,
1191 2036 1305 2086 alibi
1356 2037 1557 2103 desunt,
1605 2044 1655 2086 et
1704 2044 1817 2101 post
1851 2044 1906 2085 25

128 2118 312 2176 natum,
353 2112 437 2174 qui
477 2109 937 2159 commemorandus
978 2111 1161 2177 suerat,
1200 2110 1353 2160 filium
1394 2111 1575 2160 desunt
1613 2110 1698 2160 ubi
1738 2110 1818 2159 ad—

128 2184 346 2249 fuerunt,
386 2183 564 2232 adsunt
594 2183 678 2233 ubi
711 2182 993 2250 defuerunt,
1032 2190 1088 2233 ut
1119 2199 1306 2233 summa
1348 2184 1636 2245 concordet,
1677 2186 1818 2233 nimi—

128 2273 238 2307 rum
281 2273 393 2306 cum
433 2257 579 2306 vellet
616 2256 943 2323 persuadere,
990 2259 1075 2321 qui
1113 2257 1207 2306 hoc
1247 2259 1386 2324 fecit,
1436 2258 1546 2307 ideo
1587 2273 1817 2306 numero—

128 2333 350 2380 sissimos
405 2345 558 2379 annos
621 2331 799 2379 vixisse
854 2332 1112 2397 antiquoS,
1167 2331 1297 2395 quod
1357 2347 1443 2381 eos
1497 2331 1815 2381 brevissimos

127 2403 491 2470 nuncupabant,
531 2412 580 2453 et
618 2404 711 2452 hoc
752 2403 812 2451 de
854 2406 1134 2453 maturitate
1174 2403 1465 2471 pubertatiS,
1505 2420 1600 2469 qua
1638 2405 1815 2454 idonea
1849 2413 1906 2454 30

127 2478 212 2526 filii
251 2480 600 2543 gignerentur,
648 2483 915 2526 conaretur
954 2477 1238 2539 ostendere,
1290 2485 1437 2543 atque
1476 2478 1588 2527 ideo
1627 2481 1678 2527 in
1718 2477 1814 2527 illis

127 2558 326 2600 centum
373 2553 514 2600 annis
562 2551 731 2600 decem
782 2557 980 2599 nostros
1031 2552 1352 2601 insinuandos
1402 2559 1601 2617 putaret
1651 2554 1812 2600 incre-

126 2624 277 2691 (lulis,
323 2641 384 2673 ne
431 2625 655 2674 homines
702 2623 887 2672 tamdiu
934 2625 1112 2673 vixisse
1160 2627 1383 2689 recipere
1432 2627 1482 2673 in
1522 2625 1670 2674 fidem
1708 2624 1812 2673 nol-

126 2697 243 2764 lent,
281 2697 465 2747 addidit
505 2705 725 2765 centum,
776 2696 862 2746 uhi
901 2697 1157 2762 gignendis
1198 2698 1309 2747 filiis
1347 2697 1558 2747 habilem
1599 2713 1696 2747 non
1737 2699 1811 2746 in-

247 2890 268 2927 7
302 2883 463 2939 quinta
496 2884 626 2928 sexta
657 2884 772 2940 sept.
814 2882 878 2937 V‚·
903 2884 984 2928 sed
1008 2883 1065 2938 cf.
1100 2887 1174 2939 76,
1206 2888 1269 2932 24

1392 2959 1453 3002 6*
