2038 3146
193 150 259 201 12
891 158 926 192 s,
954 158 1194 192 Auesrm1

188 273 374 338 adpetit
419 281 469 322 et
525 287 721 321 carnem
776 270 1036 320 carnaliter
1089 270 1235 337 fugit,
1289 272 1519 336 quoniam
1564 270 1614 319 id
1659 273 1870 320 vanitate

189 349 339 396 sentit
369 346 595 406 humana,
635 360 734 393 non
766 346 971 393 veritate
1004 344 1178 393 divina.
1254 343 1363 393 Non
1404 344 1601 409 quidem
1631 344 1873 394 Platonici

189 421 317 469 sicut
354 419 625 468 Manichaei
664 417 935 482 desipiunt,
978 424 1031 467 ut
1069 424 1317 482 tamquam
1356 418 1469 467 mali
1508 425 1733 467 naturam
1770 426 1867 467 ter·

188 508 307 542 rena
352 506 559 556 corpora
612 491 944 557 detestentur,
993 506 1107 540 cum
1160 494 1323 540 omnia
1369 491 1633 557 elementa,
1688 490 1870 556 quibus

131 578 156 616 5
188 568 281 615 iste
314 565 527 614 mundus
559 564 763 614 visibilis
795 564 1258 629 contrectabilisque
1300 571 1583 630 compactus
1623 572 1717 630 est,
1753 579 1868 629 qua-

187 639 447 703 litatesque
495 653 668 688 eorum
715 637 815 687 Deo
865 638 1042 687 artifici
1087 637 1327 704 tribuant3
1382 653 1555 688 verum
1598 646 1762 687 tamen
1810 653 1870 686 ex

188 714 401 761 terrenis
441 711 646 761 artubus
686 711 1092 775 moribundisque
1132 711 1367 761 membris
1407 714 1477 761 sic
1516 712 1644 760 affici
1683 713 1868 760 animas

189 787 469 851 opinantur,
507 792 563 834 ut
593 785 709 833 hinc
741 787 812 834 eis
853 786 951 834 sint
991 784 1148 834 morbi
1188 785 1511 849 cupiditatum
1550 792 1600 833 et
1637 787 1871 834 timorum

190 866 240 908 et
285 858 497 908 laetitiae
547 860 648 907 sive
697 860 949 923 tristitiae3
997 857 1176 922 quibus
1226 865 1458 922 quattuor
1497 858 1572 907 vel
1609 857 1867 923 perturba·

102 942 157 981 10
190 931 430 998 tionibus,
481 939 537 980 ut
577 931 748 980 Cicero
789 931 1021 997 appellat,
1068 930 1142 979 vel
1181 932 1514 996 passionibuS‚
1552 938 1608 980 ut
1645 931 1869 996 plerique

190 1004 394 1054 verbum
443 1003 473 1053 e'
523 1004 673 1053 verbo
730 1003 915 1052 Graeco
971 1006 1279 1070 exprimunt,
1333 1007 1491 1053 omnis
1543 1004 1872 1053 humanorum

195 1093 390 1127 morum
434 1079 673 1126 vitiositas
721 1078 1017 1126 continetur.
1096 1076 1237 1134 Quod
1288 1079 1331 1126 si
1375 1079 1443 1126 ita
1485 1083 1581 1144 est,
1632 1077 1749 1141 quid
1801 1083 1876 1125 est

192 1151 322 1216 quod
361 1152 556 1215 Aeneas„
589 1150 719 1215 apud
757 1149 1051 1215 Vergilium,
1091 1166 1203 1200 cum
1243 1151 1460 1200 audisset
1499 1166 1525 1199 a
1563 1158 1702 1215 patre
1742 1149 1871 1214 apud

191 1225 378 1274 inferos
418 1226 603 1273 animas
642 1239 819 1273 rursus
858 1224 918 1272 ad
958 1239 1165 1288 corpora
1205 1224 1472 1291 redituras,
1517 1223 1643 1272 hanc
1682 1225 1870 1288 opinio-

103 1309 157 1349 15
188 1314 302 1348 nem
342 1300 550 1347 miratur
590 1297 888 1346 exclamans:

339 1401 379 1450 O
419 1405 578 1464 pater,
619 1417 746 1449 anne
785 1401 977 1463 aliquas
1017 1402 1081 1450 ad
1119 1403 1311 1450 caelum
1350 1402 1463 1450 hinc
1500 1402 1574 1450 ire
1611 1404 1791 1463 putan-

339 1548 586 1597 Sublimes
627 1549 816 1596 animas
854 1549 1135 1610 iterumque
1174 1549 1236 1597 ad
1274 1549 1420 1597 tarda
1458 1475 1727 1597 Υέἓζὺίθεῂ

339 1621 591 1684 Corpora?
633 1620 770 1678 Quae
807 1622 932 1671 lucis
973 1622 1165 1671 miseris
1210 1626 1311 1671 tam
1350 1623 1458 1671 dira
1497 1622 1708 1684 cupido?

102 1738 157 1777 20
189 1725 554 1789 Numquidnam
598 1723 719 1772 haec
766 1730 867 1772 tam
916 1724 1021 1772 dira
1072 1724 1249 1789 cupido
1298 1740 1358 1774 ex
1404 1726 1616 1773 terrenis
1663 1723 1867 1773 artubus

189 1797 596 1862 moribundisque
643 1796 879 1846 membris
926 1797 1084 1847 adhuc
1130 1800 1260 1847 inest
1306 1800 1578 1847 animarum
1623 1797 1693 1847 illi
1730 1813 1870 1862 prae-

190 1872 516 1922 dicatissimae
555 1868 794 1936 puritati?
840 1870 1013 1920 Nonne
1053 1871 1112 1920 ab
1151 1871 1298 1921 huius
1338 1872 1470 1921 modi
1509 1873 1776 1937 corporeiS,
1816 1878 1872 1919 ut

190 1946 330 2012 dicit,
376 1944 599 2010 pestibus
649 1943 876 1993 omnibus
924 1959 1006 1994 eas
1053 1946 1239 1999 asserit,
1285 1960 1394 1994 esse
1440 1950 1698 2009 purgatas,
1753 1958 1866 1992 cum

190 2035 366 2069 rursus
404 2019 647 2082 incipiunt
677 2019 727 2065 in
767 2033 974 2082 corpora
1013 2017 1135 2067 velle
1175 2014 1393 2067 reverti?
1430 2017 1570 2066 Unde
1610 2016 1872 2082 colligitur,

103 2103 158 2143 25
193 2093 385 2142 etiamsi
422 2093 489 2140 ita
528 2106 581 2139 se
619 2089 846 2157 haberet,
893 2091 1024 2155 quod
1065 2098 1142 2140 est
1179 2093 1377 2140 omnino
1417 2092 1755 2155 vanissimum,
1802 2091 1869 2137 vi-

191 2167 358 2215 cissim
405 2164 651 2214 alternans
697 2164 1056 2214 incessabiliter
1104 2166 1328 2214 euntium
1367 2171 1514 2229 atque
1554 2163 1868 2212 redeuntium

191 2242 463 2288 animarum
503 2237 754 2286 mundatio
803 2244 851 2286 et
889 2239 1161 2302 inquinatio
1171 2278 1185 2304 ,
1231 2253 1331 2287 non
1368 2239 1588 2302 potuisse
1628 2237 1869 2286 veraciter

191 2312 288 2362 dici
327 2326 497 2360 omnes
545 2309 811 2374 culpabiles
860 2317 1004 2376 atque
1044 2313 1246 2361 vitiosos
1285 2318 1448 2360 motus
1488 2312 1759 2359 animarum
1799 2310 1870 2358 eis

192 2401 252 2435 ex
301 2386 515 2435 terrenis
567 2383 857 2447 corporibus
908 2384 1208 2451 inolescere,
1258 2387 1299 2434 si
1350 2384 1546 2449 quidem
1598 2382 1870 2432 secundum

103 2469 162 2508 30
193 2461 327 2524 ipsos
367 2457 470 2524 illa,
515 2463 572 2506 ut
608 2455 801 2505 locutor
839 2456 1016 2507 nobilis
1056 2460 1144 2524 ait,
1191 2459 1297 2507 dira
1336 2456 1514 2523 cupido
1552 2471 1710 2521 usque
1750 2453 1870 2504 adeo

192 2547 291 2581 non
331 2538 406 2580 est
445 2546 505 2579 ex
537 2545 760 2596 corpore,
799 2536 855 2579 ut
893 2530 951 2579 ab
992 2533 1126 2580 omni
1165 2546 1402 2596 corporea
1440 2536 1578 2595 peste
1616 2535 1870 2594 purgatam

193 2613 243 2655 et
297 2612 434 2654 extra
486 2618 629 2652 omne
681 2618 862 2667 corpus
921 2606 1130 2653 animam
1184 2607 1501 2654 constitutam
1553 2605 1708 2668 ipsam
1761 2615 1868 2650 esse

315 2718 386 2772 10)
421 2715 555 2759 Tusc.
589 2719 630 2770 4,
665 2720 704 2758 6.
769 2716 842 2770 19)
874 2716 986 2759 Aen.
1023 2722 1065 2770 6,
1099 2721 1181 2759 719
1215 2731 1310 2772 sqq.

312 2881 366 2920 32
399 2878 446 2919 et
475 2888 555 2920 om.
600 2874 642 2918 V
