2054 3152
619 140 686 171 DE
711 137 948 172 CIVITATE
972 139 1062 170 Dm
1086 138 1127 170 L.
1152 138 1233 170 xv.
1259 138 1295 171 c.
1320 139 1373 171 23.
1737 129 1838 179 111

162 254 392 302 dixerunt
430 253 551 301 istos
593 257 642 299 et
679 250 804 299 filios
844 250 952 316 Dei3
1002 250 1133 314 quod
1173 250 1372 314 quidem
1411 266 1510 299 non
1549 266 1720 300 omnes
1761 268 1840 302 co-

165 328 298 377 dices
350 325 560 391 habent,
615 339 728 373 nam
784 324 982 388 quidam
1036 326 1132 373 nisi
1186 323 1311 372 filios
1358 323 1446 373 Dei
1500 339 1599 373 non
1646 325 1841 376 habent.

161 399 334 464 Aquila
365 405 544 465 autem,
579 414 726 463 quem
757 399 1081 462 interpretem
1113 397 1280 447 Iudaei
1313 400 1492 447 ceteris
1522 406 1842 466 anteponunt,

162 489 260 522 non
299 473 497 537 angelos
537 472 648 539 Dei,
695 487 787 522 nec
827 472 952 521 filios
991 472 1101 534 Dei,
1152 472 1238 520 sed
1278 471 1403 520 filios
1443 471 1650 522 deorum
1687 475 1839 523 inter-

157 552 380 611 pretatus
422 553 511 596 est.
588 546 864 610 Utrumque
913 554 1077 596 autem
1128 560 1301 595 verum
1340 552 1429 595 est.
1505 545 1628 594 Nam
1668 554 1717 596 et
1755 549 1840 598 filii
1873 556 1900 596 5

157 619 246 669 Dei
294 628 454 687 erant,
503 620 595 669 snb
643 636 740 685 quo
789 626 930 685 patre
979 635 1183 669 suorum
1229 626 1427 683 patrum
1474 621 1621 668 etiam
1661 621 1839 672 fratres

157 701 318 760 erant,
365 701 415 743 et
461 694 548 743 filii
595 695 831 759 deorum,
880 696 1111 758 quoniam
1158 693 1251 742 diis
1298 694 1452 757 geniti
1501 700 1670 759 erant,
1726 711 1839 745 cum

157 767 335 832 quibus
368 774 417 818 et
447 770 542 833 ipsi
575 768 642 817 dii
682 776 823 818 erant
860 770 995 817 iuxta
1034 767 1154 816 illud
1193 766 1389 832 psalmi:
1429 768 1538 828 qu
1579 770 1714 817 dixi:
1753 772 1842 819 De’e'

156 845 272 892 estis
297 848 344 892 et
362 846 463 902 fille·
484 844 693 893 Excelsz'
714 858 894 892 omnes.
957 842 1132 891 Merito
1167 843 1298 890 enim
1331 841 1603 890 creduntnr
1643 850 1837 908 septua-

154 918 287 980 ginta
335 919 635 981 interpretes
686 918 938 982 accepisse
984 915 1331 981 propheticum
1379 917 1630 981 spiritum,
1679 925 1755 984 ut,
1796 920 1837 968 si
1871 927 1926 967 10

155 990 271 1054 quid
328 992 439 1040 eius
489 993 782 1040 auctoritate
837 996 1087 1039 mutarent
1140 996 1286 1053 atque
1341 988 1483 1038 aliter
1536 1005 1682 1053 quam
1734 999 1840 1041 erat

155 1065 285 1128 quod
309 1063 764 1129 interpretabantur
789 1065 1026 1130 dicerent,
1066 1079 1226 1127 neque
1260 1063 1352 1111 hoc
1385 1062 1619 1111 divinitus
1652 1066 1838 1115 dictum

156 1153 264 1186 esse
298 1137 623 1187 dubitaretur.
687 1138 918 1196 Quamvis
956 1137 1050 1185 hoc
1089 1139 1140 1187 in
1172 1136 1397 1185 Hebraeo
1431 1152 1539 1185 esse
1579 1139 1836 1201 perhibea-

153 1218 235 1261 tur
282 1211 588 1277 ambiguum,
635 1219 690 1261 ut
730 1218 780 1261 et
818 1211 903 1260 filii
942 1211 1031 1259 Dei
1078 1218 1127 1259 et
1173 1210 1259 1259 filii
1309 1210 1517 1259 deorum
1555 1220 1726 1274 posset
1763 1215 1835 1262 in-

151 1288 430 1350 terpretari.
1870 1295 1924 1335 15

302 1358 596 1409 Omittamus
643 1362 794 1424 igitur
843 1375 1013 1409 earum
1052 1361 1412 1424 scripturarum
1452 1357 1662 1426 fabulas,
1710 1376 1836 1424 quae

150 1433 454 1498 apocryphae
510 1440 883 1500 nuncupantur,
938 1449 996 1482 eo
1053 1433 1183 1498 quod
1233 1447 1403 1482 earum
1458 1433 1650 1482 occulta
1697 1436 1835 1499 origo

148 1522 248 1556 non
297 1507 473 1557 claruit
518 1507 764 1573 patribuS‚
812 1524 839 1557 a
886 1507 1066 1572 quibus
1114 1522 1272 1571 usque
1321 1506 1380 1555 ad
1427 1521 1518 1555 nos
1566 1510 1834 1558 auctoritas

149 1583 398 1631 veracium
431 1584 792 1647 scripturarum
824 1583 1100 1631 certissima
1132 1588 1182 1630 et
1221 1582 1478 1630 notissima
1518 1584 1833 1631 successione

146 1657 385 1719 pervenit.
462 1656 518 1704 In
565 1656 642 1705 his
689 1663 855 1705 autem
903 1654 1195 1720 apocryphis
1243 1656 1338 1704 etsi
1383 1656 1634 1705 invenitur
1673 1656 1834 1721 aliqua
1868 1666 1923 1707 20

147 1731 327 1778 veritas
340 1769 356 1795 ,
393 1735 557 1778 tamen
596 1738 800 1794 propter
839 1729 992 1779 multa
1031 1729 1151 1778 falsa
1189 1728 1322 1778 nulla
1362 1734 1438 1777 est
1476 1731 1711 1779 canonica
1751 1746 1833 1779 au-

149 1804 366 1852 ctoritas,
430 1802 699 1867 Scripsisse
751 1803 951 1868 quidem
988 1802 1225 1851 nonnulla
1265 1801 1427 1850 divine
1467 1802 1606 1852 illum
1644 1803 1832 1870 Enoch,

147 1878 412 1940 septimum
459 1876 518 1925 ab
564 1876 739 1943 Adam,
785 1892 965 1942 negare
1012 1892 1112 1925 non
1150 1890 1438 1941 possumus,
1487 1891 1599 1925 cum
1646 1877 1740 1926 hoc
1779 1879 1831 1926 in

148 1950 357 2014 epistula
397 1953 632 2000 canonica
670 1950 815 2000 Iudas
855 1950 1106 2016 apostolus
1146 1949 1290 1998 dicat.
1369 1949 1465 1998 Sed
1506 1965 1606 1998 non
1646 1951 1832 2000 frustra

146 2038 246 2072 non
293 2030 409 2073 sunt
455 2026 507 2073 in
555 2040 613 2074 eo
662 2040 848 2074 canone
896 2026 1279 2089 scripturarum,
1327 2026 1412 2087 qui
1452 2023 1740 2073 servabatur
1778 2027 1829 2073 in
1864 2034 1919 2074 25

146 2097 327 2162 templo
359 2097 571 2147 Hebraei
602 2099 772 2163 populi
803 2098 1178 2147 succedentium
1211 2097 1462 2161 diligentia
1503 2097 1830 2164 sacerdotum,

143 2172 240 2220 nisi
293 2173 407 2236 quia
462 2171 523 2221 ob
579 2174 920 2236 antiquitatem
968 2178 1227 2236 suspectae
1275 2171 1390 2220 fidei
1435 2171 1649 2220 iudicata
1699 2180 1829 2236 sunt,

143 2259 235 2293 nec
275 2251 445 2295 utrum
490 2245 611 2296 haec
663 2252 851 2312 essent,
890 2261 1014 2310 quae
1054 2245 1135 2295 ille
1177 2246 1482 2311 scripsisset,
1521 2252 1716 2310 poterat
1754 2248 1827 2294 in-

142 2319 324 2385 veniri,
362 2334 461 2368 non
501 2319 681 2369 talibus
718 2319 1109 2384 proferentibUS,
1151 2320 1236 2383 qui
1275 2333 1330 2367 ea
1368 2334 1458 2383 per
1498 2321 1679 2368 seriem
1719 2335 1828 2368 suc-

143 2394 381 2441 cessionis
419 2395 764 2458 reperirentur
801 2395 896 2443 rite
936 2408 1173 2443 servasse.
1249 2391 1388 2441 Unde
1428 2392 1530 2459 illa,
1571 2408 1694 2456 quae
1735 2392 1827 2442 sub
1860 2403 1917 2443 30

143 2467 250 2515 eius
289 2468 486 2516 nomine
533 2468 856 2532 proferuntur
908 2473 958 2516 et
996 2469 1252 2516 continent
1288 2467 1408 2515 istas
1448 2466 1508 2515 de
1548 2465 1827 2531 gigantibus

141 2538 344 2606 fabulaS,
383 2540 516 2605 quod
555 2556 655 2590 non
685 2540 949 2591 habuerint
986 2541 1211 2590 homines
1248 2546 1430 2607 patreS,
1468 2546 1604 2589 recte
1645 2555 1672 2588 a
1709 2555 1827 2605 pru-

261 2654 305 2707 9)
335 2652 408 2697 Ps.
442 2657 513 2709 81,
547 2658 587 2698 6.
650 2655 725 2710 24)
754 2653 809 2698 V.
846 2658 912 2698 14.

263 2820 286 2858 7
319 2814 390 2858 dis
431 2815 612 2870 VR¹F‚-
643 2815 699 2860 de
738 2815 812 2861 his
843 2815 915 2869 A;
945 2828 974 2859 a.
1005 2814 1093 2860 diis
1124 2814 1220 2860 R²v
1258 2816 1274 2872 ΙΙ
1315 2819 1368 2859 14
1399 2816 1561 2872 posset
1593 2814 1686 2869 Vv;
1715 2828 1823 2871 pos-

142 2874 244 2917 sent
274 2872 391 2928 RA;
421 2874 602 2930 possint,
632 2874 683 2918 F
701 2876 717 2932 ΙΙ
740 2879 796 2920 22
829 2873 988 2919 divina
1016 2887 1042 2919 v
