2004 3140
137 973 191 1012 10

135 1341 192 1381 15

135 1711 194 1750 20

135 2078 194 2118 25

136 2446 195 2485 30

221 172 329 224 426
893 183 926 217 s
952 184 1228 218 AUGUSTINI

223 297 427 362 cotidie,
474 296 607 346 velut
646 299 695 346 in
729 296 901 362 abysso
914 337 928 364 ,
975 299 1134 347 caecis
1175 305 1223 348 et
1261 297 1520 364 profundis
1560 297 1792 347 cordibus
1831 299 1905 347 in·

224 371 462 420 cludatur.
539 370 715 420 Utrum
770 377 934 420 autem
985 373 1132 420 etiam
1182 372 1277 421 illis
1324 372 1508 422 ultimis
1557 371 1715 421 tribus
1764 373 1904 421 annis

225 454 273 495 et
312 444 566 495 mensibus
607 461 691 494 sex
704 486 717 511 ,
770 445 963 509 quando
1013 445 1202 496 solutus
1243 448 1358 495 totis
1399 445 1585 496 viribus
1625 448 1902 495 saeviturus

225 525 321 581 est,
373 519 569 585 aliquiS,
607 521 659 568 in
700 535 795 584 qua
835 535 933 568 non
974 519 1158 586 fuerat,
1210 522 1273 569 sit
1313 535 1604 570 accessurus
1645 519 1702 568 ad
1744 519 1905 586 fidem,

227 593 460 642 nonnulla
493 595 714 657 quaestio
749 599 836 642 est.
917 593 1024 651 Quo
1052 594 1195 642 modo
1223 596 1352 643 enim
1378 594 1525 644 stabit
1557 593 1685 658 quod
1721 594 1908 643 dictum

225 675 320 718 est:
375 669 495 727 Quis
543 670 702 717 intrat
750 670 800 716 in
851 670 1047 717 domum
1082 667 1255 730 fortiS,
1304 675 1360 717 ut
1398 683 1519 718 vasa
1560 671 1667 718 eius
1707 671 1908 733 eripiat,

224 745 324 791 722‘82‘
354 744 503 804 prius
542 744 831 803 alliycwerz‘t
864 741 1071 803 fortem,
1121 743 1162 791 si
1202 744 1350 791 etiam
1391 742 1550 791 soluto
1592 738 1908 806 eripiuntur?

223 816 291 864 Ac
330 831 420 880 per
459 815 551 865 hoc
592 815 651 864 ad
690 815 782 866 hoc
824 831 999 880 eogere
1039 816 1233 865 videtur
1270 818 1363 865 ista
1404 818 1668 882 sententia,
1709 823 1763 864 ut
1801 831 1907 864 cre·

225 890 396 939 damus
427 889 509 938 illo
542 889 658 939 licet
690 891 865 954 exiguo
898 897 1120 954 tempore
1154 891 1400 939 neminem
1442 905 1759 939 accessurum
1799 905 1906 938 esse

223 963 404 1029 populo
457 963 758 1029 ChristianO,
809 963 895 1012 sed
943 979 1056 1012 cum
1106 965 1203 1030 eiS,
1255 965 1339 1028 qui
1385 965 1481 1013 iam
1522 963 1785 1013 Christiani
1833 979 1908 1012 re-

223 1039 353 1103 perti
404 1038 618 1103 fuerint,
667 1036 913 1086 diabolum
963 1045 1319 1104 pugnaturum3
1372 1053 1431 1087 ex
1485 1037 1664 1102 quibus
1715 1037 1907 1086 etiamsi

225 1111 374 1175 aliqui
407 1112 519 1160 victi
553 1113 710 1160 secuti
743 1126 856 1160 eum
890 1111 1089 1178 suerint,
1127 1127 1226 1160 non
1267 1127 1352 1160 eos
1392 1111 1450 1160 ad
1491 1111 1911 1176 praedestinatum

224 1185 437 1234 filiorum
487 1183 575 1234 Dei
631 1200 892 1234 numerum
953 1188 1219 1250 pertinere.
1312 1185 1482 1250 Neque
1538 1187 1670 1234 enim
1725 1185 1910 1234 frustra

224 1259 354 1308 idem
385 1258 626 1307 Iohannes
659 1259 924 1325 apostoluS,
965 1261 1049 1323 qui
1090 1266 1138 1308 et
1176 1259 1301 1308 hanc
1343 1259 1652 1324 apocalypsin
1693 1260 1905 1324 scripsit,

225 1335 276 1382 in
316 1332 526 1397 epistula
579 1348 667 1381 sua
714 1333 774 1381 de
822 1332 1115 1397 quibusdam
1156 1334 1294 1383 dicit:
1349 1334 1432 1382 Ex
1471 1334 1613 1382 nobis
1653 1335 1905 1394 exierunt,

224 1409 316 1457 sed
351 1422 450 1456 non
490 1413 641 1456 erant
671 1422 736 1456 ex
774 1408 942 1464 nobis;
982 1422 1099 1456 nam
1137 1410 1184 1455 si
1214 1406 1433 1468 fuissent
1471 1422 1536 1456 ex
1574 1408 1730 1472 nobis,
1769 1422 1908 1455 man-

224 1483 405 1530 sissent
441 1483 612 1541 utique
663 1482 933 1530 nobiscum.
1013 1480 1108 1529 Sed
1151 1479 1267 1544 quid
1307 1481 1361 1529 fit
1400 1480 1459 1529 de
1499 1477 1751 1545 parvulis?
1826 1479 1909 1529 Ni-

225 1556 378 1604 mium
419 1555 600 1619 quippe
648 1553 935 1603 incredibile
977 1560 1051 1603 est
1090 1553 1250 1603 nullos
1288 1556 1384 1603 iam
1424 1561 1564 1602 natos
1604 1560 1652 1603 et
1691 1553 1910 1603 nondum

225 1628 494 1692 baptizatos
543 1629 897 1692 praeoccupari
949 1627 1339 1677 Christianorum
1387 1627 1511 1676 filios
1558 1627 1639 1676 illo
1688 1635 1910 1692 tempore

227 1702 454 1764 infanteS,
494 1701 655 1751 nullos
689 1703 834 1750 etiam
867 1703 987 1766 ipsis
1020 1704 1154 1750 nasci
1188 1704 1283 1750 iam
1316 1701 1512 1768 diebus3
1552 1708 1635 1750 aut
1667 1703 1708 1750 si
1748 1708 1908 1767 erunt,
1939 1724 1944 1728 ·

226 1792 324 1824 non
379 1791 464 1824 eos
520 1791 545 1824 a
607 1775 894 1840 parentibus
950 1777 1053 1824 suis
1108 1775 1166 1823 ad
1220 1775 1466 1825 lavacrum
1520 1776 1908 1840 regenerationis

226 1849 370 1898 modo
404 1865 717 1913 quocumque
750 1849 969 1914 perduci.
1049 1848 1189 1907 Quod
1222 1851 1263 1898 si
1295 1850 1393 1915 fiet,
1434 1865 1530 1914 quo
1561 1856 1704 1915 pacto
1745 1848 1906 1898 soluto

226 1925 322 1972 iam
369 1922 560 1972 diabolo
607 1938 719 1972 vasa
766 1925 857 1972 ista
906 1924 1202 1990 eripientur,
1251 1925 1300 1971 in
1342 1925 1483 1972 cuius
1524 1923 1724 1972 domum
1764 1938 1908 1971 nemo

225 1999 398 2063 intrat,
453 2003 508 2046 ut
554 2012 666 2045 vasa
713 1999 819 2046 eius
867 1998 1063 2062 eripiat,
1119 1999 1213 2046 nisi
1260 1999 1397 2062 prius
1446 1997 1713 2061 alligaverit
1762 1993 1911 2045 eum‘?

227 2070 380 2119 Immo
422 2086 536 2118 vero
584 2071 632 2118 id
680 2073 844 2135 potius
894 2077 969 2119 est
1009 2070 1331 2137 credendum,
1381 2086 1471 2119 nec
1512 2073 1595 2134 qui
1636 2070 1810 2118 cadant
1850 2070 1908 2119 de

229 2143 434 2192 ecclesia
468 2159 557 2192 nec
592 2146 676 2208 qui
709 2143 943 2192 accedant
976 2143 1210 2205 ecclesiae
1244 2144 1326 2192 illo
1366 2152 1587 2209 tempore
1631 2144 1911 2210 defuturos3

229 2217 314 2265 sed
365 2217 588 2281 profecto
638 2225 734 2266 tam
783 2217 936 2265 fortes
984 2224 1131 2266 erunt
1179 2224 1228 2266 et
1265 2224 1496 2282 parentes
1536 2233 1625 2282 pro
1665 2217 1911 2282 baptizan-

229 2289 303 2338 dis
341 2289 557 2355 parvulis
599 2292 700 2339 suis
742 2297 790 2339 et
829 2290 901 2350 hi,
950 2292 1034 2354 qui
1075 2298 1192 2338 tunc
1233 2292 1461 2354 primitus
1502 2290 1741 2339 credituri
1781 2297 1912 2356 sunt,

227 2370 283 2412 ut
322 2363 460 2412 illum
502 2364 678 2412 sortem
726 2365 921 2412 vincant
961 2365 1105 2412 etiam
1146 2379 1244 2412 non
1284 2363 1510 2430 ligatum,
1550 2363 1597 2411 id
1639 2371 1714 2412 est
1753 2365 1911 2412 omni-

227 2436 336 2502 bus,
376 2437 602 2501 qualibus
634 2445 774 2486 antca
815 2452 1097 2502 numquam,
1138 2437 1211 2485 vel
1251 2437 1440 2486 artibus
1480 2437 1791 2486 insidiantem
1834 2437 1908 2486 vel

227 2518 487 2573 urgentem
520 2510 706 2560 viribus
740 2518 788 2559 et
820 2509 1075 2574 vigilanter
1115 2510 1398 2575 intellegant
1438 2517 1486 2559 et
1525 2510 1793 2560 toleranter
1841 2511 1909 2559 fe-

229 2590 355 2650 rant,
395 2600 449 2632 ac
483 2586 553 2633 sic
586 2584 655 2633 illi
686 2586 832 2634 etiam
868 2598 965 2632 non
1000 2584 1143 2648 ligato
1171 2586 1456 2649 eripiantur.
1520 2583 1620 2633 Nee
1647 2584 1756 2633 ideo
1791 2583 1911 2632 falsa
1977 2640 1979 2642 ¹

349 2728 391 2781 7)
424 2726 504 2770 Mt.
543 2731 610 2782 12,
645 2731 714 2771 29.
780 2728 852 2783 17)
888 2731 926 2772 1.
959 2700 1022 2772 so.
1058 2731 1097 2781 2,
1133 2731 1202 2770 19.

348 2921 401 2961 17
435 2917 487 2960 fit
518 2930 629 2970 mss;
660 2917 741 2961 fiet
771 2931 797 2962 v
