2054 3152
572 159 639 191 DE
664 157 904 190 CIVITATE
929 159 1018 191 DEI
1041 160 1084 191 L.
1107 160 1210 192 xlv.
1237 160 1275 193 C.
1302 162 1354 193 16.
1380 161 1435 194 17.
1780 149 1852 203 39

159 272 242 320 ille
290 277 452 320 motus
498 275 733 334 poscente
782 270 938 336 nu110,
986 270 1244 335 aliquando
1292 278 1455 321 autem
1503 272 1726 322 destituit
1777 275 1848 322 in·

164 345 403 410 hiantem,
451 350 501 393 et
548 359 661 392 cum
708 345 758 392 in
799 345 959 392 animo
1001 347 1401 409 concupiscentia
1441 347 1647 411 ferveat,
1702 347 1850 411 friget

162 421 214 467 in
254 432 484 482 corpore3
524 423 670 481 atque
709 419 776 466 ita
815 419 996 466 mirum
1035 420 1086 467 in
1126 418 1326 468 modum
1366 435 1464 468 non
1505 419 1664 469 solum
1702 435 1847 484 gene-

158 491 304 540 randi
339 490 591 557 voluntati,
629 506 802 540 verum
834 493 981 540 ctiam
1013 491 1296 540 lasciviendi
1328 492 1520 541 libidini
1558 493 1708 542 libido
1749 509 1848 542 non

158 566 328 630 servit,
369 570 418 613 et
450 580 563 614 cum
594 571 698 614 tota
735 564 1028 630 plerumque
1061 567 1216 614 menti
1256 565 1506 615 cohibenti
1545 567 1848 633 adversetur,
1881 578 1909 616 5

161 653 532 702 nonnumquam
588 644 637 687 et
690 638 925 688 adversus
974 654 1025 687 se
1072 640 1178 703 ipsa
1228 639 1462 689 dividitur
1502 647 1847 705 commotoque

161 713 322 760 animo
362 713 412 760 in
454 711 806 761 commovendo
846 727 1054 777 corpore
1097 728 1149 761 se
1188 714 1294 778 ipsa
1334 729 1432 762 non
1474 715 1712 777 sequitur.

798 869 994 924 CAPUT
1034 870 1207 924 XVII.

196 978 272 1026 Be
311 979 541 1026 nuditate
574 981 856 1040 primorum
894 980 1170 1038 hominum,
1211 993 1361 1038 quam
1394 984 1508 1040 post
1542 984 1810 1041 peccatum

545 1058 742 1114 turpem
774 1053 1166 1114 pudendamque
1206 1054 1453 1100 viderunt.
1882 1061 1937 1101 10

306 1153 481 1202 Merito
521 1153 669 1203 huius
708 1153 924 1202 libidinis
964 1156 1172 1203 maxime
1211 1153 1386 1219 pudet,
1436 1156 1612 1203 merito
1654 1160 1702 1202 et
1742 1156 1847 1218 ipsa

157 1226 392 1293 membra,
432 1242 555 1291 quae
589 1242 678 1276 suo
712 1227 937 1292 quodam,
977 1234 1032 1276 ut
1062 1229 1129 1276 ita
1161 1227 1384 1292 dixerim,
1415 1229 1542 1291 iure,
1583 1242 1680 1276 non
1714 1230 1848 1276 omni

158 1300 304 1350 modo
337 1301 396 1350 ad
430 1299 689 1350 arbitrium
720 1307 946 1350 nostrum
978 1308 1140 1350 movet
1180 1308 1263 1350 aut
1302 1316 1402 1349 non
1443 1308 1618 1366 movet,
1658 1301 1844 1365 puden-

155 1374 217 1422 da
268 1374 522 1439 dicuntur,
578 1374 708 1439 quod
756 1381 868 1423 ante
915 1380 1174 1438 peccatum
1221 1374 1433 1423 hominis
1482 1390 1580 1423 non
1629 1375 1845 1423 fuerunt.

156 1447 280 1496 Nam
312 1449 441 1497 sicut
472 1450 713 1513 scriptum
745 1455 846 1497 est:
887 1450 1026 1497 Nudi
1054 1454 1216 1509 erant,
1251 1454 1299 1498 et
1330 1463 1430 1497 non
1463 1447 1841 1509 confundeban-
1879 1457 1934 1497 15

157 1528 267 1582 tur,
308 1537 408 1571 non
440 1522 573 1586 quod
606 1523 678 1571 eis
718 1537 806 1571 sua
846 1522 1041 1579 nuditas
1082 1528 1214 1571 esset
1254 1523 1516 1587 incognita,
1557 1521 1643 1570 sed
1684 1523 1846 1586 turpis

157 1595 353 1644 nuditas
404 1595 623 1644 nondum
679 1602 805 1662 erat,
861 1597 975 1659 quia
1022 1595 1242 1645 nondum
1296 1595 1445 1644 libido
1494 1595 1713 1644 membra
1767 1595 1848 1644 illa

158 1675 355 1732 praeter
410 1669 670 1718 arbitrium
726 1668 1084 1735 commovebat,
1139 1669 1360 1718 nondum
1408 1668 1467 1717 ad
1514 1669 1727 1718 hominis
1774 1671 1846 1718 in·

155 1741 518 1791 oboedientiam
567 1742 957 1806 redarguendam
1006 1757 1093 1790 sua
1152 1742 1517 1792 inoboedientia
1564 1757 1678 1791 caro
1726 1758 1845 1806 quo·
1926 1797 1928 1801 ,

156 1815 264 1864 dam
322 1815 466 1864 modo
520 1817 858 1864 testimonium
912 1814 1214 1880 perhibebat.
1292 1815 1463 1880 Neque
1492 1804 1652 1864 'enim
1707 1817 1841 1864 caeci
1874 1825 1930 1865 20

157 1890 311 1938 creati
358 1896 519 1954 erant,
567 1895 622 1938 ut
667 1890 938 1954 inperitum
984 1888 1159 1952 vulgus
1200 1890 1452 1954 opinatum
1503 1888 1698 1953 quando
1738 1890 1844 1953 qui-

155 1962 268 2011 dem
308 1968 358 2011 et
396 1962 476 2011 ille
516 1962 637 2011 vidit
675 1962 924 2022 animalia,
966 1961 1146 2026 quibus
1186 1964 1383 2011 nomina
1422 1964 1655 2027 inposuit,
1696 1969 1744 2010 et
1783 1961 1843 2010 de

155 2035 234 2084 illa
279 2036 483 2100 legitur:
551 2036 684 2085 Vidit
727 2039 909 2085 mulier
955 2038 1076 2097 quia
1124 2037 1304 2084 bonum
1352 2039 1543 2097 lignum
1584 2039 1635 2084 in
1676 2051 1843 2085 escam

155 2115 205 2158 et
242 2113 363 2171 quia
396 2112 569 2172 placet
606 2113 765 2159 oculis
812 2112 885 2159 ad
920 2112 1201 2159 videndum.
1279 2109 1517 2158 Patebant
1556 2121 1673 2172 ergo
1714 2109 1843 2158 oculi

122 2175 344 2249 ‘eorum,
383 2182 470 2232 sed
503 2183 561 2232 ad
593 2182 687 2231 hoc
727 2198 826 2232 non
865 2189 1007 2232 erant
1045 2184 1217 2248 aperti,
1255 2182 1348 2231 hoc
1389 2188 1465 2231 cst
1503 2198 1603 2231 non
1643 2182 1842 2247 adtenti,
1878 2191 1934 2232 25

157 2262 212 2304 ut
252 2263 610 2320 cognoscerent
656 2257 774 2320 quid
822 2258 893 2306 eis
939 2257 1228 2306 indumento
1269 2258 1452 2320 gratiae
1491 2262 1844 2321 praestaretur,

157 2329 351 2393 quando
409 2329 629 2378 membra
691 2344 864 2379 eorum
918 2330 1157 2379 voluntati
1210 2345 1488 2394 repugnare
1544 2329 1842 2378 nesciebant.

158 2402 264 2459 Qua
302 2404 458 2467 gratia
498 2409 708 2468 remota,
756 2409 812 2451 ut
849 2419 1007 2468 poena
1045 2405 1301 2468 reciproca
1340 2402 1703 2452 inoboedientia
1742 2402 1842 2467 ple-

157 2482 391 2540 cteretur,
430 2477 592 2526 extitit
621 2478 673 2525 in
706 2482 843 2526 motu
883 2478 1106 2541 corporis
1147 2477 1386 2540 quaedam
1423 2476 1669 2540 inpudens
1710 2476 1842 2525 novi-

156 2556 252 2615 taS,
302 2550 432 2598 unde
473 2557 603 2599 esset
641 2549 876 2599 indecens
916 2550 1126 2614 nuditaS‚
1166 2556 1214 2599 et
1255 2550 1370 2599 fecit
1410 2551 1634 2599 adtentos
1674 2548 1834 2598 reddi·
1871 2559 1930 2599 30

280 2664 351 2717 16)
386 2661 498 2706 Gen.
533 2667 573 2717 2,
607 2664 724 2717 25(3‚
761 2665 816 2718 1).
881 2654 955 2717 24>
987 2662 1053 2704 lb.
1086 2666 1126 2716 3,
1161 2667 1205 2726 6.,

277 2829 302 2866 6
334 2823 436 2879 ipsa
477 2823 587 2876 VA;
618 2824 767 2880 ipsam
800 2837 826 2867 v
866 2825 880 2879 Ιί
923 2828 973 2866 13
1008 2798 1251 2866 mouentur
1283 2824 1364 2866 aut
1395 2837 1487 2866 non
1518 2825 1764 2866 mouent-ur
1794 2834 1845 2875 e;

153 2882 233 2945 aed
263 2883 320 2935 cf.
353 2886 438 2935 17;
469 2885 542 2935 43,
575 2886 636 2926 12
668 2895 731 2938 sq.
