2044 3146
604 146 674 177 DE
697 142 935 177 CIVITATE
959 144 1047 176 Dm
1072 144 1112 176 L.
1137 144 1260 176 xvn.
1286 144 1323 178 c.
1348 146 1380 178 7.
1726 134 1831 185 221

142 267 266 320 >tum
305 266 360 309 ut
391 259 484 308 hoc
517 256 831 322 intellegatur
864 259 927 307 de
958 271 1110 306 manu
1144 261 1248 323 tua,
1288 257 1419 321 quod
1452 263 1527 306 est
1559 259 1623 307 ab
1659 259 1836 308 Israel.

142 333 322 399 Populi
368 348 485 398 ergo
541 330 692 380 Israel
729 345 994 396 personam
1032 331 1239 395 figurate
1279 331 1482 395 gerebat
1534 331 1680 381 homo
1728 333 1839 399 iste,

139 410 235 473 -qui
264 406 476 473 populus
508 420 719 470 regnum
750 405 912 455 fuerat
944 406 1232 471 amissurus,
1265 403 1460 455 Christo
1485 405 1599 455 Iesu
1629 405 1838 455 Domino

148 487 319 530 nostro
358 496 449 546 per
487 494 669 529 novum
709 485 1058 528 testamentum
1098 493 1197 527 non
1238 479 1526 545 carnaliter,
1567 478 1653 529 sed
1694 481 1835 545 spiri-

147 554 310 604 taliter
364 560 647 619 regnaturo.
726 552 792 601 De
849 567 946 617 quo
995 567 1109 602 cum
1155 552 1358 602 dicitur:
1415 555 1480 603 Et
1525 555 1668 603 dabit
1713 556 1841 604 illud
1869 561 1896 602 5

136 631 381 692 *proximo
422 635 521 690 tu0,
562 627 622 676 ad
655 628 817 675 carnis
850 628 1193 692 cognationem
1231 626 1280 675 id
1315 627 1554 693 refertur3
1595 642 1655 676 ex
1686 627 1838 678 Israel

148 704 280 752 enim
329 701 555 752 Christus
606 700 881 750 secundum
929 715 1152 767 carnem,
1207 700 1337 749 unde
1385 707 1435 751 et
1487 700 1618 750 Saul.
1696 701 1838 759 Quod

148 791 264 826 vero
304 775 525 826 additum
565 781 663 824 est:
704 776 830 825 bono
869 790 1025 837 super
1064 782 1136 835 te,
1176 781 1342 840 potest
1381 775 1578 839 quidem
1619 774 1839 839 intellegi

135 850 375 918 „meliori
429 845 536 915 te“;
592 864 705 899 narn
752 855 802 898 et
846 850 1046 913 quidam
1093 850 1164 898 sic
1212 855 1328 898 sunt
1376 850 1710 915 interpretati3
1751 848 1836 899 sed

147 923 322 973 melius
370 925 441 973 sic
489 925 730 988 accipitur
776 924 903 973 bono
950 938 1105 987 super
1151 929 1220 984 te,
1275 929 1348 988 ut,
1394 925 1507 987 quia
1551 922 1632 972 ille
1673 922 1833 973 bonus

147 1004 248 1064 est,
299 997 411 1047 ideo
467 999 530 1047 sit
589 1012 741 1063 super
794 1003 864 1063 te,
926 999 1062 1046 iuxta
1114 996 1236 1046 illud
1286 996 1416 1045 aliud
1472 996 1839 1061 propheticum:

146 1073 319 1122 Donec
363 1086 551 1135 ponam
600 1085 768 1121 omnes
815 1074 1043 1122 inimicos
1090 1078 1201 1121 tuos
1238 1073 1331 1121 sub
1365 1072 1582 1134 pedibus
1623 1074 1750 1129 tuis;
1788 1073 1839 1120 in

147 1144 329 1210 quibus
369 1151 445 1195 est
483 1152 532 1195 et
575 1144 749 1210 Israel,
790 1147 871 1194 cui
909 1160 999 1195 suo
1037 1145 1350 1210 persecutori
1389 1159 1599 1209 regnum
1639 1144 1841 1194 abstulit

146 1218 395 1285 Christus;
460 1219 683 1283 quamvis
735 1219 885 1268 fuerit
937 1219 1037 1269 illic
1094 1225 1143 1268 et
1203 1216 1377 1284 Israel,
1437 1220 1487 1267 in
1543 1234 1640 1283 quo
1695 1217 1837 1268 dolus

146 1307 243 1341 non
292 1299 418 1359 erat,
476 1292 724 1357 quoddam
771 1294 910 1356 quasi
964 1293 1269 1342 frumentum
1323 1292 1519 1341 illarum
1565 1291 1839 1358 palearum,

144 1381 260 1415 nam
310 1368 484 1431 utique
530 1366 645 1415 inde
693 1373 833 1416 erant
871 1367 1101 1433 apostoli,
1147 1366 1261 1415 inde
1301 1372 1376 1416 tot
1413 1372 1679 1433 martyreS,
1719 1381 1838 1431 quo-

146 1454 257 1489 rum
303 1441 442 1505 prior
490 1439 792 1507 Stephanus3
838 1441 953 1489 inde
1002 1447 1075 1490 tot
1114 1440 1376 1506 ecclesiae,
1430 1455 1550 1505 quas
1590 1439 1840 1505 apostolus

151 1512 333 1563 Paulus
389 1520 768 1580 commemorat,
823 1516 874 1563 in
930 1516 1253 1564 conversione
1309 1516 1416 1565 eius
1471 1515 1839 1579 magnificantes

149 1586 322 1637 Deum.

306 1661 374 1711 De
424 1676 519 1726 qua
564 1676 619 1710 re
665 1676 765 1710 non
811 1661 981 1712 dubito
1019 1662 1404 1728 intellegendum
1444 1677 1552 1712 esse
1593 1662 1724 1727 quod
1765 1677 1839 1711 se-

141 1734 347 1799 quitur:
385 1736 454 1784 Et
490 1737 745 1786 dividetur
777 1737 946 1786 Israel
982 1739 1032 1786 in
1074 1738 1172 1786 duo
1182 1755 1201 1795 ;
1239 1739 1295 1816 ig
1330 1736 1480 1786 Israel
1521 1737 1709 1786 scilicet.
1748 1738 1837 1785 ini-

143 1810 331 1859 micum
383 1808 578 1858 Christo
605 1808 681 1858 ‘et
726 1808 876 1858 Israel
924 1809 1271 1860 adhaerentem
1322 1809 1540 1876 Christ03
1591 1812 1642 1858 in
1687 1809 1839 1859 Israel

150 1882 209 1931 ad
249 1882 471 1932 ancillam
519 1889 568 1932 et
606 1882 757 1951 Israel
803 1883 862 1932 ad
907 1883 1113 1933 liberam
1160 1885 1507 1949 pertinentem.
1583 1882 1706 1932 Nam
1745 1885 1837 1932 ista

148 1955 246 2005 duo
294 1971 476 2021 genera
523 1949 738 2021 primum
790 1957 936 2006 simul
983 1965 1150 2023 erant,
1205 1957 1338 2007 velut
1384 1957 1627 2006 Abraham
1678 1957 1837 2006 adhuc

153 2029 443 2079 adhaereret
483 2030 706 2096 ancillae,
753 2030 909 2080 donec
950 2031 1132 2080 sterilis
1170 2046 1262 2096 per
1301 2030 1485 2080 Christi
1524 2033 1730 2096 gratiam
1770 2032 1836 2079 fe-

149 2103 364 2153 cundata
403 2103 657 2154 clamaret:
706 2105 829 2154 Eice
868 2108 1105 2155 ancillam
1145 2111 1195 2155 et
1226 2108 1389 2166 filium
1428 2108 1550 2155 eius,
1627 2105 1839 2170 Propter

146 2183 405 2242 peccatum
458 2178 660 2242 quidem
709 2177 983 2228 Salomonis
1031 2186 1268 2244 regnante
1314 2178 1414 2228 filio
1466 2181 1573 2228 eius
1619 2178 1838 2228 Roboam

154 2253 338 2300 scimus
378 2251 529 2300 Israel
560 2253 610 2301 in
643 2252 740 2301 duo
774 2252 925 2301 fuisse
959 2253 1169 2302 divisum
1202 2260 1348 2318 atque
1381 2254 1447 2302 ita
1478 2267 1837 2319 perseverasse,

148 2324 446 2374 habentibus
498 2325 704 2390 singulis
749 2325 973 2391 partibus
1020 2342 1164 2392 reges
1211 2342 1349 2393 SuOS,
1401 2326 1557 2376 donec
1596 2326 1678 2376 illa
1716 2342 1837 2392 gens

151 2404 251 2447 tota
298 2414 323 2447 a
372 2398 626 2448 Chaldaeis
673 2406 806 2449 esset
851 2402 1040 2464 ingenti
1086 2402 1356 2450 vastatione
1407 2400 1643 2450 subversa
1690 2407 1835 2465 atque

150 2472 401 2522 translata.
481 2472 577 2522 Sed
617 2473 710 2522 hoc
751 2473 868 2538 quid
908 2473 967 2523 ad
1008 2474 1230 2541 Saulem,
1271 2490 1400 2540 cum,
1439 2476 1481 2522 si
1519 2473 1612 2523 tale
1654 2473 1836 2538 aliquid

157 2545 554 2595 comminandum
606 2553 763 2613 esset,
812 2549 908 2612 ipsi
947 2547 1096 2597 David
1143 2549 1294 2597 fuerit
1332 2549 1497 2613 potius
1538 2549 1835 2596 comminan-

151 2618 286 2678 dum,
327 2621 482 2682 cuius,
510 2627 616 2669 erat
653 2620 783 2670 filius
817 2618 1083 2670 Salomon?
1143 2621 1400 2670 Postremo
1441 2636 1574 2670 nunc
1612 2623 1743 2671 inter
1781 2637 1835 2670 se

155 2707 276 2756 gens
307 2691 529 2742 Hebraea
567 2694 720 2743 divisa
758 2709 857 2743 non
897 2702 987 2762 est,
1027 2694 1112 2744 sed
1145 2694 1485 2744 indifferenter
1523 2696 1576 2743 in
1614 2694 1836 2744 eiusdem

272 2820 343 2874 12)
375 2819 448 2862 Ps.
484 2824 591 2875 109,
638 2826 674 2866 1.
740 2823 811 2877 15)
842 2822 905 2867 10.
941 2827 991 2875 1,
1023 2826 1093 2866 47.
1159 2823 1231 2878 19)
1264 2821 1364 2865 Gal.
1401 2826 1447 2878 1,
1481 2827 1549 2866 24.
1614 2823 1687 2877 26)
1721 2821 1834 2867 Gen.

151 2880 222 2931 21,
258 2883 326 2922 10.
389 2880 461 2935 28)
497 2883 534 2923 1.
567 2879 680 2936 Reg.
715 2885 783 2924 12.

1872 932 1927 974 10

1874 1299 1927 1343 15

1874 1670 1932 1711 20

1870 2040 1926 2079 25

1868 2409 1926 2449 30
