2004 3140
559 142 626 174 DE
650 139 889 174 cIVI'rA'rE
914 141 1003 173 DEI
1026 141 1068 172 L.
1093 141 1195 173 XIX.
1219 140 1256 173 c.
1282 143 1336 174 17.
1674 130 1782 183 385

90 256 395 307 commodata
442 261 583 319 sunt,
630 252 972 318 obtemperare
1023 269 1122 303 non
1161 253 1374 320 dubitat,
1420 262 1503 321 ut,
1550 257 1780 320 quoniam

91 332 366 381 communis
415 335 491 378 est
537 330 646 393 ipsa
694 327 988 393 mortalitem,
1028 336 1254 378 servetur
1292 331 1342 378 in
1383 328 1535 378 rebus
1575 328 1634 378 ἃᾶ
1675 344 1783 379 eam

88 402 454 471 pertinentibus
493 403 624 451 inter
664 403 910 451 civitatem
950 409 1211 467 utramque
1252 403 1528 453 concordia.
1599 402 1782 452 Verum

93 480 207 543 quia
246 485 444 527 terrena
483 478 655 526 civitas
694 475 867 525 habuit
907 476 1146 540 quosdam
1187 492 1304 526 suos
1344 479 1614 542 sapienteS‚
1656 492 1781 542 quos

91 552 254 602 divina
293 550 538 616 improbat
578 550 850 616 disciplina,
889 552 975 614 qui
1014 550 1089 599 vel
1129 553 1364 615 suspicati
1402 551 1479 600 vel
1519 551 1714 616 decepti
1754 567 1781 600 a
1813 562 1839 602 5

91 624 414 676 daemonibus
445 624 709 674 crederent
741 624 923 674 multos
955 625 1073 673 deos
1107 625 1439 674 conciliandos
1481 641 1589 674 esse
1630 625 1782 674 rebus

92 700 319 750 humanis
374 706 520 764 atque
576 699 635 748 ad
691 713 862 748 eorum
919 698 1111 747 diversa
1161 699 1372 763 quodam
1423 699 1569 748 modo
1622 699 1783 748 officia

92 775 286 824 diversa
325 773 520 823 subdita
558 775 828 838 pertinere,
870 773 930 822 ad
968 772 1117 822 alium
1156 788 1353 840 corpuS‚
1394 773 1453 822 ad
1493 773 1642 823 alium
1681 776 1781 822 ani-

92 864 250 914 mum,
296 849 446 913 inque
486 850 593 912 ipso
634 862 843 912 corpore
883 847 943 896 ad
983 847 1131 896 alium
1172 855 1340 913 caput,
1388 847 1447 896 ad
1487 847 1636 896 alium
1677 863 1782 897 cer-

93 925 249 973 vicem
300 929 348 971 et
381 928 564 992 'cetera
615 920 806 986 singula
852 921 911 970 ad
959 921 1200 987 singulos;
1253 921 1480 971 similiter
1525 924 1577 970 in
1617 923 1778 971 animo
1815 932 1869 972 10

92 997 153 1046 ad
185 996 334 1046 alium
364 998 631 1061 ingenium,
672 995 731 1044 ad
763 995 911 1044 alium
942 995 1232 1061 doctrinam,
1272 995 1331 1044 ad
1364 995 1512 1045 alium
1544 997 1682 1063 iram,
1722 996 1782 1045 ad

93 1071 242 1120 alium
282 1071 754 1135 concupiscentiam3
803 1071 951 1134 inque
1000 1071 1120 1134 ipsis
1160 1069 1311 1118 rebus
1351 1071 1477 1119 vitae
1518 1069 1780 1119 adiacenti-

93 1144 188 1194 bus
227 1144 287 1193 ad
327 1144 475 1193 alium
512 1159 667 1208 pecus
679 1183 693 1210 ,
734 1143 794 1192 ad
834 1143 983 1193 alium
1022 1145 1270 1210 triticum,
1310 1144 1369 1192 ad
1409 1144 1558 1192 alium
1597 1146 1782 1209 vinum7

93 1218 155 1267 ἃᾶ
194 1218 343 1268 alium
382 1218 571 1284 oleum,
622 1217 681 1266 ad
723 1217 871 1266 alium
911 1217 1054 1266 silvas
1067 1257 1081 1283 ‚
1132 1217 1190 1266 ad
1231 1217 1380 1266 alium
1421 1233 1672 1285 nummoS,
1721 1218 1780 1267 ad

93 1292 243 1342 alium
297 1293 683 1358 navigationem,
739 1292 798 1340 ad
853 1291 1002 1340 alium
1049 1291 1175 1340 bella
1221 1298 1367 1356 atque
1415 1294 1667 1359 victoriaS,
1723 1292 1783 1341 ἃᾶ
1818 1301 1871 1341 15

94 1366 242 1416 alium
294 1367 541 1432 coniugia,
597 1366 656 1415 ad
708 1365 856 1416 alium
901 1373 1098 1431 partum
1147 1381 1202 1415 ac
1243 1366 1597 1415 fecunditatem
1636 1373 1686 1415 et
1725 1367 1785 1415 ad

93 1441 214 1490 alios
254 1440 345 1489 alia
383 1446 570 1506 cetera;
619 1439 844 1489 caelestis
891 1446 1056 1490 autem
1107 1442 1277 1490 civitas
1317 1456 1474 1490 unum
1512 1439 1669 1490 Deum
1708 1455 1784 1490 so-

94 1515 196 1564 lum
228 1514 490 1564 colendum
522 1522 692 1564 nosset
725 1516 867 1579 cique
909 1521 1101 1564 tantum
1140 1514 1285 1564 modo
1327 1514 1642 1564 serviendum
1682 1530 1784 1563 ser-

94 1590 248 1638 vitute
294 1588 397 1654 illa,
444 1603 568 1653 quae
617 1587 802 1638 Graece
851 1589 1041 1652 λατρεία
1087 1589 1269 1639 dicitur
1320 1595 1370 1638 et
1409 1604 1508 1638 non
1549 1590 1644 1637 nisi
1682 1588 1783 1638 Deo

95 1662 325 1727 debetur,
373 1662 504 1712 fideli
542 1664 725 1727 pietate
765 1670 1017 1711 censeret:
1065 1663 1250 1712 factum
1290 1669 1385 1727 est,
1434 1670 1491 1712 ut
1529 1662 1783 1727 religionis
1817 1672 1874 1712 20

94 1736 228 1802 leges
277 1752 390 1786 cum
438 1743 637 1785 terrena
685 1737 878 1785 civitate
926 1751 1027 1784 non
1065 1744 1235 1801 posset
1274 1736 1457 1785 habere
1497 1751 1784 1785 communes

95 1825 286 1876 proque
338 1810 414 1858 his
462 1809 520 1858 ab
569 1825 626 1858 ea
666 1809 928 1859 dissentire
968 1809 1174 1859 haberet
1212 1825 1415 1859 necesse
1457 1817 1602 1874 atque
1645 1812 1786 1859 oneri

97 1899 205 1932 esse
258 1883 449 1932 diversa
497 1882 825 1933 sentientibus
879 1899 1151 1948 eorumque
1203 1886 1302 1933 iras
1349 1891 1398 1933 et
1438 1883 1548 1932 odia
1588 1891 1636 1933 et
1674 1899 1784 1948 per-

96 1959 409 2007 secutionum
442 1959 657 2022 impetus
698 1958 966 2023 sustinere,
1006 1959 1102 2007 nisi
1143 1968 1256 2007 cum
1296 1959 1484 2007 animos
1524 1957 1781 2006 adversan-

96 2033 222 2080 tium
255 2031 513 2096 aliquando
547 2038 739 2081 terrore
774 2046 890 2080 suae
924 2031 1253 2081 multitudinis
1293 2038 1344 2080 et
1383 2046 1580 2096 semper
1620 2031 1783 2080 divino
1819 2040 1874 2080 25

97 2104 341 2154 adiutorio
395 2105 723 2170 propulsaret.
801 2105 932 2154 Haec
988 2121 1105 2170 ergo
1162 2105 1388 2155 caelestis
1443 2106 1613 2154 civitas
1668 2104 1787 2154 dum

97 2181 443 2244 peregrinatur
490 2181 540 2228 in
588 2186 744 2245 terra,
793 2194 853 2228 ex
899 2179 1127 2229 omnihus
1175 2179 1405 2244 gentibus
1446 2180 1577 2228 cives
1618 2186 1788 2228 evocat

99 2259 245 2318 atque
291 2255 343 2301 in
391 2253 619 2303 omnibus
665 2253 846 2317 linguis
894 2255 1207 2318 peregrinam
1256 2253 1438 2318 colligit
1485 2254 1787 2319 societatem,

99 2341 198 2375 non
239 2342 417 2376 curans
458 2327 696 2392 quidquid
744 2329 795 2376 in
842 2326 1065 2377 moribus
1102 2327 1674 2392 legibusinstitutisque
1715 2327 1784 2375 di-

99 2414 298 2449 versum
338 2409 412 2450 est
424 2441 438 2468 7
479 2401 659 2466 quibus
698 2416 791 2465 pax
831 2408 1029 2450 terrena
1068 2401 1144 2450 vel
1184 2403 1496 2466 conquiritur
1534 2400 1610 2449 vel
1649 2407 1784 2449 tene·
1819 2411 1875 2450 30

100 2478 208 2540 tur,
258 2474 380 2523 nihil
427 2490 602 2525 eorum
648 2474 937 2524 rescindens
984 2475 1060 2524 vel
1109 2475 1395 2541 destruenS,
1441 2476 1591 2523 immo
1640 2475 1787 2524 etiam

221 2649 245 2688 7
288 2648 427 2701 atque
469 2646 529 2690 ad
569 2660 731 2691 eorum
761 2646 830 2701 R;
870 2646 930 2691 ad
962 2661 1159 2702 quorum
1190 2646 1262 2690 Ao
1307 2648 1323 2702 11
1370 2651 1395 2690 8
1427 2644 1660 2702 pertinere
1691 2644 1786 2700 R1;

101 2702 388 2758 pertinerent
411 2705 483 2749 Av
508 2707 525 2762 Η
547 2710 573 2750 8
604 2719 693 2762 sqq.
728 2709 780 2749 ut
810 2706 962 2750 editur
991 2719 1100 2759 mss3
1134 2706 1314 2749 animus
1347 2741 1354 2749 .
1388 2740 1396 2749 .
1432 2704 1587 2748 cervix
1619 2739 1628 2748 .
1664 2740 1673 2749 .
1707 2704 1787 2748 do-

104 2761 255 2806 ctrina
287 2797 297 2808 .
334 2796 342 2805 .
374 2762 446 2807 ira
486 2799 494 2808 .
538 2798 548 2808 .
590 2763 966 2821 concupiscentia
1007 2800 1016 2809 .
1051 2800 1061 2809 .
1095 2764 1238 2808 silvae
1274 2800 1283 2808 .
1318 2799 1328 2808 .
1361 2762 1540 2807 nummi
1572 2798 1581 2807 .
1616 2796 1626 2805 .
1658 2763 1786 2806 navi-

104 2820 231 2876 gatio
267 2855 276 2864 .
311 2855 320 2864 .
351 2821 577 2867 victoriae
610 2857 620 2867 .
654 2859 662 2868 .
696 2825 856 2880 partus
891 2860 900 2869 .
936 2857 945 2868 .
978 2823 1238 2868 fecunditas
1269 2837 1295 2867 v
1320 2824 1335 2879 ΙΙ
1362 2827 1413 2866 18
1446 2822 1623 2877 nosset,
1654 2823 1788 2878 quasi

97 2881 392 2933 praecesserit
424 2894 543 2937 cum,
575 2895 669 2926 non
699 2882 810 2938 quia
832 2884 847 2940 ΙΙ
873 2887 926 2926 31
960 2882 1037 2926 uel
1068 2882 1204 2930 destr.
1236 2881 1351 2936 1η,-
1382 2895 1467 2926 nec
1500 2881 1637 2926 destr.
1669 2881 1741 2925 Av

193 2966 287 2994 Auo.
311 2969 364 2993 m:
389 2969 465 2996 ctv.
490 2971 568 2997 DEI.
615 2964 666 2996 ΙΙ.
1375 2960 1430 2998 25
