2054 3152
584 132 650 164 DE
673 129 908 164 civssA'i-ii
934 130 1019 162 DEI
1043 131 1085 162 L.
1110 130 1211 163 xvi.
1238 129 1274 163 c.
1301 132 1331 163 7.
1356 132 1387 163 3.
1729 119 1834 172 135

151 245 513 310 figurandarum
561 244 804 292 variarum
859 232 1079 307 gentium
1134 249 1339 307 propter
1387 241 1621 292 ecclesiae
1674 258 1832 292 sacra-

153 325 372 368 mentum
415 319 467 366 in
513 331 625 365 arca
671 317 824 366 fuisse
872 318 1035 365 omnia
1074 331 1276 381 genera,
1329 318 1371 366 si
1410 318 1459 366 in
1499 316 1694 381 insuliS,
1736 332 1833 381 quo

152 393 360 442 transire
400 406 498 440 non
536 397 754 455 possent,
794 389 946 439 multa
985 390 1207 439 animalia
1246 398 1379 439 terra
1416 390 1663 455 produxit.

810 547 1002 603 CAPUT
1036 548 1183 602 VIII.

194 657 274 706 An
313 673 378 707 ex
411 659 783 720 propaqatz'one
821 658 986 706 Adam
1024 659 1103 706 vel
1132 658 1357 716 filiorum
1398 658 1502 705 Noe
1540 658 1788 717 quaedam
1868 666 1894 706 5

419 746 613 792 genera
652 732 904 780 hominum
944 735 1224 779 monstrosa
1259 732 1559 792 prodierint.

300 834 565 892 Quaeritur
612 836 783 899 etiam,
829 839 998 882 utrum
1038 848 1097 882 ex
1137 832 1248 882 filiis
1288 833 1391 882 Noe
1439 833 1515 882 vel
1553 835 1719 899 potius
1777 849 1835 883 ex

147 908 231 957 illo
287 923 386 958 uno
440 907 662 973 homine,
716 906 846 956 unde
895 909 1042 956 etiam
1088 909 1183 971 ipsi
1231 909 1524 973 extiterunt,
1570 915 1836 973 propagata

149 997 258 1031 esse
300 981 603 1031 credendum
642 983 706 1030 sit
745 981 983 1046 quaedam
1029 987 1307 1030 monstrosa
1344 981 1599 1030 hominum
1639 997 1834 1046 genera,

149 1070 275 1120 quae
324 1057 546 1120 gentium
593 1062 760 1104 narrat
805 1053 1032 1122 historia,
1085 1055 1211 1103 sicut
1259 1054 1586 1120 perhibentur
1636 1055 1836 1120 quidam
1871 1062 1926 1102 10

151 1144 307 1178 unum
346 1128 526 1178 habere
568 1128 767 1177 oculum
806 1130 856 1177 in
896 1129 1058 1177 fronte
1099 1128 1273 1194 media,
1313 1127 1607 1192 quibusdam
1646 1128 1836 1193 plantas

151 1218 315 1252 versas
366 1218 475 1252 esse
522 1209 634 1266 post
683 1217 850 1267 crura,
902 1201 1195 1266 quibusdam
1236 1203 1498 1266 utriusque
1539 1217 1686 1251 sexus
1727 1218 1835 1251 esse

150 1283 375 1325 naturam
431 1283 480 1326 et
527 1276 749 1325 dextram
798 1290 1054 1324 mammam
1102 1275 1314 1340 virilem,
1363 1277 1615 1325 sinistram
1666 1276 1836 1325 mulie-

147 1349 312 1417 brem,
363 1349 651 1414 vicibusque
691 1351 821 1398 inter
861 1365 913 1399 se
954 1349 1178 1400 coeundo
1220 1356 1268 1398 et
1307 1351 1508 1415 gignere
1550 1356 1597 1399 et
1637 1365 1836 1415 parere;

148 1423 256 1472 aliis
295 1439 382 1473 ora
422 1430 527 1473 ‘non
574 1438 683 1473 esse
736 1438 919 1488 eosque
974 1439 1064 1488 per
1118 1438 1262 1472 nares
1302 1423 1642 1473 tantummodo
1682 1423 1836 1473 halitu
1873 1431 1925 1470 15

149 1498 328 1564 vivere,
367 1497 487 1547 alios
513 1503 701 1547 statura
733 1512 841 1546 esse
875 1496 1129 1563 cubitaleS,
1162 1512 1286 1562 quos
1310 1497 1578 1563 Pygmaeos
1610 1513 1637 1546 a
1670 1497 1836 1547 cubito

148 1570 326 1620 Graeci
374 1579 578 1637 vocant,
633 1570 747 1620 alibi
806 1573 1152 1636 quinquennes
1207 1573 1468 1637 concipere
1532 1572 1738 1620 feminas
1790 1579 1838 1620 et

148 1652 377 1695 octavum
423 1648 549 1695 vitae
597 1659 778 1694 annum
841 1660 938 1694 non
994 1645 1247 1694 excedere.
1346 1645 1470 1694 Item
1516 1645 1682 1694 serunt
1729 1661 1837 1694 esse

151 1725 363 1786 gentem,
403 1718 489 1768 ubi
520 1717 711 1783 singula
743 1733 888 1767 crura
920 1721 971 1767 in
1002 1718 1211 1783 pedibus
1250 1718 1434 1768 habent
1471 1734 1563 1768 nec
1602 1718 1839 1785 poplitem

151 1791 384 1858 flectunt,
425 1799 473 1842 et
513 1799 628 1842 sunt
667 1791 903 1841 mirabilis
944 1792 1236 1856 celeritatis3
1284 1807 1407 1856 quos
1451 1792 1716 1856 Sciopodas
1756 1807 1835 1841 vo·
1871 1801 1929 1840 20

151 1874 287 1932 cant,
335 1866 466 1930 quod
513 1881 603 1931 per
650 1872 841 1914 aestum
879 1867 930 1915 in
971 1873 1103 1915 terra
1141 1868 1358 1915 iacentes
1397 1867 1622 1930 resupini
1661 1865 1836 1915 umbra

150 1955 204 1988 se
244 1939 427 2004 pedum
465 1946 748 2004 protegant3
788 1939 1026 2003 quosdam
1066 1941 1170 1988 sine
1212 1941 1402 1988 cervice
1443 1938 1614 1989 oculos
1652 1939 1834 1988 haben-

150 2020 226 2062 tes
280 2015 332 2062 in
385 2016 598 2079 iimeriS,
652 2020 702 2062 et
749 2019 913 2062 cetera
963 2013 1218 2062 hominum
1266 2013 1341 2062 vel
1390 2015 1530 2078 quasi
1580 2012 1836 2063 hominum

151 2102 356 2154 genera,
397 2102 519 2152 quae
559 2089 609 2136 in
651 2089 892 2135 maritima
931 2087 1090 2152 platea
1129 2086 1436 2151 Carthaginis
1478 2089 1665 2136 musivo
1704 2089 1836 2152 picta

151 2167 283 2227 sunt,
325 2177 384 2210 ex
414 2161 553 2210 libris
586 2160 875 2226 deprompta
908 2160 1040 2210 velut
1071 2162 1359 2210 curiosioris
1397 2161 1648 2210 historiae.
1707 2160 1836 2218 Quid
1870 2169 1925 2208 25

153 2234 310 2283 dicam
361 2235 420 2284 de
462 2233 836 2300 CynocephaliS,
885 2250 1096 2299 quorum
1136 2237 1308 2284 canina
1348 2236 1506 2299 capita
1546 2241 1691 2299 atque
1731 2237 1835 2299 ipse

153 2307 360 2357 latratus
415 2309 568 2373 magis
631 2307 815 2357 bestias
879 2323 1025 2372 quam
1077 2308 1303 2357 homines
1359 2305 1659 2357 confitetur?
1740 2307 1838 2356 Sed

153 2384 316 2431 omnia
355 2397 536 2446 genera
574 2381 851 2447 hominum,
890 2397 1014 2446 quae
1055 2382 1290 2431 dicuntur
1329 2397 1455 2448 esse,
1495 2381 1698 2430 credere
1739 2397 1838 2430 non

154 2462 230 2505 est
268 2471 486 2505 necesse.
564 2455 746 2504 Verum
796 2457 1019 2520 quisquis
1066 2457 1255 2520 uspiam
1303 2458 1524 2505 nascitur
1573 2455 1742 2520 hom0,
1788 2454 1836 2503 id

153 2537 230 2578 est
269 2529 446 2578 animal
486 2529 720 2578 rationale
763 2529 988 2594 mortale,
1030 2528 1296 2594 quamlibet
1334 2531 1517 2578 nostris
1555 2530 1837 2578 inusitatam
1871 2538 1927 2578 30

156 2602 383 2652 sensibus
423 2610 559 2667 gerat
599 2605 822 2668 corporis
874 2603 1079 2651 formam
1119 2618 1207 2652 seu
1249 2602 1465 2652 colorem
1504 2603 1604 2650 sive
1644 2609 1835 2651 motum

276 2747 302 2787 5
332 2744 670 2802 propagatione
703 2744 775 2810 .F’'
814 2744 1069 2801 propagine
1101 2757 1127 2788 v
1153 2747 1206 2810 ‘ss-
1238 2749 1291 2788 14
1330 2743 1603 2811 uicibusque
1635 2744 1756 2788 inter
1790 2758 1837 2788 se

151 2814 244 2845 mss
275 2803 322 2858 (l.
354 2807 412 2848 19
443 2816 480 2848 c.
512 2807 544 2849 2
576 2805 642 2849 in.
673 2803 852 2847 vicibus
885 2803 1078 2860 agilam->3
1117 2803 1389 2858 vicibusque
1422 2803 1616 2847 alternis
1646 2817 1672 2847 v
1718 2805 1734 2858 ΙΙ
1784 2808 1837 2847 16

156 2873 272 2915 quos
304 2874 385 2904 om.
428 2860 506 2917 Vn
531 2867 583 2906 17
617 2861 921 2907 concumbere
961 2861 1004 2905 V
