2044 3146
267 141 376 194 202
934 152 973 188 S.
996 153 1271 189 AUGUS'rmI

264 266 389 332 illic,
437 267 569 331 quod
609 266 667 316 ad
706 265 1013 317 Hierusalem
1063 274 1313 318 terrenam
1352 275 1544 318 tantum
1582 269 1849 335 pertineat,
1898 271 1956 336 si,

266 340 507 405 quidquid
547 340 615 390 ibi
655 340 714 390 de
754 340 834 390 illa
885 341 961 390 vel
999 347 1207 407 propter
1244 341 1376 392 illam
1416 343 1598 392 dicitur
1637 349 1784 407 atque
1824 357 1956 393 com-

263 413 452 480 pletur,
501 415 743 479 significat
790 415 995 481 aliquid,
1043 415 1174 480 qnod
1215 418 1361 466 etiam
1403 416 1462 466 ad
1501 415 1810 466 Hierusalem
1851 431 1956 467 cae-

263 487 439 538 lestem
479 487 1198 555 allegoricapraefiguratione
1234 491 1502 556 reseratur3
1541 489 1628 540 sed
1668 497 1816 540 erunt
1855 491 1958 540 sola

206 568 232 609 5
266 561 363 611 duo
402 577 606 630 genera,
658 578 812 613 unum
853 564 985 628 quod
1025 563 1084 613 ad
1124 564 1433 614 Hierusalem
1472 563 1698 625 liberam,
1740 564 1958 615 'alterum

251 635 399 700 >quod
448 636 508 686 ad
556 644 822 702 utramque
870 640 1130 702 pertineat.
1208 638 1326 688 Mihi
1374 644 1539 688 autem
1578 640 1707 689 sicut
1746 638 1958 689 multum

264 710 495 760 videntur
543 727 735 777 errare,
783 714 867 776 qui
914 711 1072 762 nullas
1119 728 1201 762 res
1249 718 1412 782 gestas
1458 714 1511 761 in
1558 727 1617 761 eo
1657 727 1839 777 genere
1877 712 1955 762 lit-

263 790 486 834 terarum
540 785 723 851 aliquid
774 785 903 835 aliud
952 792 1150 851 praeter
1195 786 1271 852 id,
1327 785 1457 850 quod
1507 801 1565 835 eo
1605 786 1750 836 modo
1789 793 1953 851 gestae

261 864 394 924 sunt,
435 860 712 924 significare
746 859 1065 926 arbitrantur,
1103 862 1170 909 ita
1203 859 1413 910 multum
1453 861 1651 927 audere,
1691 862 1777 925 qui
1814 875 1954 926 pror-

175 939 230 981 10
263 946 349 981 sus
405 932 478 982 ibi
528 935 691 983 omnia
746 933 1187 998 significationibus
1241 933 1516 999 allegoricis
1570 933 1788 984 involuta
1843 949 1952 983 esse

265 1005 586 1057 contendunt.
648 1006 764 1056 Ideo
804 1009 1066 1074 tripertita,
1105 1023 1205 1057 non
1243 1007 1476 1073 bipertita
1516 1023 1625 1058 esse
1665 1008 1778 1058 dixi.
1848 1007 1953 1057 Hoc

263 1081 398 1128 enim
431 1082 674 1147 existim0,
713 1096 812 1131 non
846 1088 1012 1131 tamen
1052 1081 1256 1148 culpans
1295 1097 1396 1149 eoS,
1437 1084 1522 1146 qui
1559 1083 1815 1147 potuerint
1853 1081 1951 1131 illic

261 1153 321 1202 de
377 1169 689 1220 quacumque
743 1171 799 1205 re
854 1163 992 1221 gesta
1047 1170 1250 1206 sensum
1303 1156 1667 1221 intellegentiae
1718 1155 1951 1221 spiritalis

261 1227 575 1293 exsculpere,
629 1236 818 1279 servata
870 1229 1123 1279 dumtaxat
1167 1231 1396 1295 primitus
1443 1229 1678 1279 historiae
1726 1232 1951 1279 veritate.
2006 1293 2009 1296 .

173 1309 228 1351 15
261 1299 495 1351 Ceterum
535 1318 658 1367 quae
699 1305 767 1352 ita
806 1304 1055 1370 dicuntur,
1094 1311 1150 1353 ut
1188 1303 1339 1353 rebus
1378 1303 1662 1353 humanitus
1701 1319 1791 1354 seu
1830 1303 1950 1353 divi-

261 1376 395 1425 nitus
450 1378 602 1440 gestis
658 1378 758 1426 sive
813 1378 1044 1442 gerendis
1100 1380 1363 1427 convenire
1416 1393 1514 1427 non
1568 1378 1785 1445 possint,
1837 1379 1950 1443 quis

259 1448 416 1498 fidelis
457 1449 649 1500 dubitet
697 1466 796 1499 non
843 1466 953 1501 esse
993 1453 1205 1501 inaniter
1245 1448 1408 1501 dicta?
1493 1451 1614 1510 Quis
1654 1467 1711 1500 ea
1750 1466 1850 1501 non
1889 1451 1950 1500 ad

257 1522 642 1589 intellegentiam
681 1525 951 1590 spiritalem
991 1532 1204 1592 revocet,
1245 1527 1285 1576 si
1326 1527 1497 1594 possit,
1537 1532 1621 1575 aut
1661 1525 1719 1574 ab
1759 1541 1818 1576 eo
1859 1527 1947 1590 qui

257 1603 422 1661 potest
461 1599 734 1648 revocanda
774 1614 883 1650 esse
922 1596 1169 1650 fateatur?

163 1813 223 1853 20
938 1801 1128 1857 CAPUT
1168 1803 1261 1857 IV.

256 1907 332 1956 De
366 1911 727 1970 praeftqurata
765 1913 1152 1960 commutatione
1185 1912 1462 1961 Israeliticz'
1500 1913 1651 1973 reqm‘
1688 1916 1738 1960 et
1773 1925 1943 1961 sacer-

286 1983 413 2030 dotia·
449 1988 499 2031 et
536 1985 599 2032 de
637 1985 728 2045 his,
768 1998 900 2045 quae
938 1985 1102 2044 Arma,
1143 1991 1306 2034 mater
1345 1986 1606 2045 Samuelis‘,
1639 1999 1918 2047 personam·

680 2072 866 2119 yerens
905 2061 1151 2107 ecclesiae
1183 2060 1519 2120 prophetavit.

406 2173 684 2224 Procursus
723 2176 875 2239 igitur
915 2176 1124 2224 civitatis
1156 2174 1244 2224 Dei
1283 2174 1368 2224 ubi
1406 2177 1632 2241 pervenit
1670 2176 1729 2226 ad
1769 2191 1943 2241 regum

162 2255 222 2296 25
256 2252 500 2312 tempora,
548 2248 741 2312 quando
789 2247 936 2297 David
981 2247 1126 2297 Saule
1173 2248 1435 2313 reprobato
1482 2251 1550 2299 ita
1597 2265 1804 2315 regnum
1843 2251 1941 2316 pri-

253 2336 364 2370 mus
397 2321 625 2387 obtinuit,
664 2329 720 2371 ut
751 2323 859 2370 eius
892 2321 1067 2371 deinde
1101 2325 1289 2387 posteri
1319 2325 1370 2372 in
1402 2330 1602 2373 terrena
1633 2323 1942 2374 Hierusalem

253 2394 486 2444 diuturna
538 2396 851 2444 successione
903 2402 1194 2462 regnarent,
1245 2396 1380 2446 dedit
1426 2397 1654 2465 figuram,
1700 2413 1754 2447 re
1805 2404 1941 2462 gesta

252 2469 535 2533 significans
575 2475 721 2534 atque
761 2471 1138 2536 praenuntians,
1189 2470 1320 2534 quod
1362 2486 1461 2520 non
1499 2479 1575 2521 est
1619 2478 1939 2536 praetereun-

251 2541 370 2591 dum
410 2542 627 2609 silenti0,
676 2542 736 2591 de
776 2558 946 2591 rerum
987 2545 1256 2593 mutatione
1297 2545 1598 2611 futurarum,
1647 2544 1778 2609 quod
1818 2545 1938 2594 adti-

163 2624 219 2663 30
253 2622 337 2664 net
377 2616 434 2664 ad
476 2616 572 2666 duo
614 2622 927 2682 testamenta,
967 2623 1107 2666 vetus
1148 2624 1197 2666 et
1236 2633 1442 2685 novum,
1483 2618 1568 2668 ubi
1608 2618 1938 2668 sacerdotium

251 2704 558 2754 regnumque
583 2696 827 2740 mutatum
851 2697 927 2740 est
962 2706 1051 2755 per
1083 2690 1391 2741 sacerdotem
1423 2692 1732 2757 eundemque
1766 2706 1936 2756 regem

370 2894 425 2933 29
459 2889 516 2934 de
548 2904 629 2935 mn.
663 2890 708 2934 R
