<?xml version="1.0" encoding="UTF-8"?>
<!DOCTYPE html PUBLIC "-//W3C//DTD XHTML 1.0 Transitional//EN"
    "http://www.w3.org/TR/xhtml1/DTD/xhtml1-transitional.dtd">
<html xmlns="http://www.w3.org/1999/xhtml" xml:lang="en" lang="en">
 <head>
  <title>
</title>
<meta http-equiv="Content-Type" content="text/html;charset=utf-8" />
  <meta name='ocr-system' content='tesseract 3.04.00' />
  <meta name='ocr-capabilities' content='ocr_page ocr_carea ocr_par ocr_line ocrx_word'/>
</head>
<body>
  <div class='ocr_page' id='page_1' title='image "./decivitatedeilib02auguuoft_0228.png"; bbox 0 0 2044 3146; ppageno 0'>
   <div class='ocr_carea' id='block_1_1' title="bbox 247 144 1271 196">
    <p class='ocr_par' dir='ltr' id='par_1_1' title="bbox 247 144 1271 196">
     <span class='ocr_line' id='line_1_1' title="bbox 247 144 1271 196; baseline -0.012 1"><span class='ocrx_word' id='word_1_1' title='bbox 247 144 359 196; x_wconf 78' lang='lat'><em>224</em></span> <span class='ocrx_word' id='word_1_2' title='bbox 934 153 968 187; x_wconf 83' lang='lat' dir='ltr'><em>s.</em></span> <span class='ocrx_word' id='word_1_3' title='bbox 994 153 1271 188; x_wconf 55' lang='lat' dir='ltr'><em>mensim</em></span> 
     </span>
    </p>
   </div>
   <div class='ocr_carea' id='block_1_2' title="bbox 152 268 1937 2621">
    <p class='ocr_par' dir='ltr' id='par_1_2' title="bbox 152 268 1937 2621">
     <span class='ocr_line' id='line_1_2' title="bbox 250 268 1935 331; baseline -0.001 -13"><span class='ocrx_word' id='word_1_4' title='bbox 250 284 362 318; x_wconf 89' lang='lat' dir='ltr'><em>ram</em></span> <span class='ocrx_word' id='word_1_5' title='bbox 372 287 391 327; x_wconf 90' lang='lat'><em>,·</em></span> <span class='ocrx_word' id='word_1_6' title='bbox 445 275 494 318; x_wconf 88' lang='lat' dir='ltr'><em>et</em></span> <span class='ocrx_word' id='word_1_7' title='bbox 532 281 719 331; x_wconf 83' lang='lat' dir='ltr'><em>ponam</em></span> <span class='ocrx_word' id='word_1_8' title='bbox 767 269 930 316; x_wconf 88' lang='lat' dir='ltr'><em>locum</em></span> <span class='ocrx_word' id='word_1_9' title='bbox 970 270 1155 330; x_wconf 83' lang='lat' dir='ltr'><em>populo</em></span> <span class='ocrx_word' id='word_1_10' title='bbox 1201 281 1309 318; x_wconf 89' lang='lat' dir='ltr'><em>meo</em></span> <span class='ocrx_word' id='word_1_11' title='bbox 1350 268 1540 327; x_wconf 84' lang='lat' dir='ltr'><em>Israel,</em></span> <span class='ocrx_word' id='word_1_12' title='bbox 1595 272 1645 316; x_wconf 88' lang='lat' dir='ltr'><em>et</em></span> <span class='ocrx_word' id='word_1_13' title='bbox 1690 268 1935 329; x_wconf 78' lang='lat' dir='ltr'><em>plantabo</em></span> 
     </span>
     <span class='ocr_line' id='line_1_3' title="bbox 251 342 1937 403; baseline -0.001 -10"><span class='ocrx_word' id='word_1_14' title='bbox 251 347 402 403; x_wconf 86' lang='lat' dir='ltr'><em>illum,</em></span> <span class='ocrx_word' id='word_1_15' title='bbox 443 347 492 392; x_wconf 88' lang='lat' dir='ltr'><em>et</em></span> <span class='ocrx_word' id='word_1_16' title='bbox 522 342 827 392; x_wconf 78' lang='lat' dir='ltr'><em>inhabitabit</em></span> <span class='ocrx_word' id='word_1_17' title='bbox 854 355 1093 402; x_wconf 88' lang='lat' dir='ltr'><em>seorsum,</em></span> <span class='ocrx_word' id='word_1_18' title='bbox 1135 347 1186 390; x_wconf 92' lang='lat' dir='ltr'><em>et</em></span> <span class='ocrx_word' id='word_1_19' title='bbox 1212 356 1313 391; x_wconf 88' lang='lat' dir='ltr'><em>non</em></span> <span class='ocrx_word' id='word_1_20' title='bbox 1351 343 1594 391; x_wconf 84' lang='lat' dir='ltr'><em>sollicitus</em></span> <span class='ocrx_word' id='word_1_21' title='bbox 1633 343 1735 390; x_wconf 85' lang='lat' dir='ltr'><em>erit</em></span> <span class='ocrx_word' id='word_1_22' title='bbox 1770 344 1937 399; x_wconf 60' lang='lat' dir='ltr'><em>ultra,-</em></span> 
     </span>
     <span class='ocr_line' id='line_1_4' title="bbox 250 416 1936 478; baseline -0.002 -11"><span class='ocrx_word' id='word_1_23' title='bbox 250 424 301 467; x_wconf 86' lang='lat' dir='ltr'><em>et</em></span> <span class='ocrx_word' id='word_1_24' title='bbox 337 431 438 466; x_wconf 87' lang='lat' dir='ltr'><em>non</em></span> <span class='ocrx_word' id='word_1_25' title='bbox 479 419 697 478; x_wconf 80' lang='lat' dir='ltr'><em>apponet</em></span> <span class='ocrx_word' id='word_1_26' title='bbox 728 417 868 474; x_wconf 80' lang='lat' dir='ltr'><em>silius</em></span> <span class='ocrx_word' id='word_1_27' title='bbox 908 417 1189 476; x_wconf 81' lang='lat' dir='ltr'><em>iniquitatis</em></span> <span class='ocrx_word' id='word_1_28' title='bbox 1226 417 1498 464; x_wconf 86' lang='lat' dir='ltr'><em>humiliare</em></span> <span class='ocrx_word' id='word_1_29' title='bbox 1537 428 1662 474; x_wconf 91' lang='lat' dir='ltr'><em>eum,</em></span> <span class='ocrx_word' id='word_1_30' title='bbox 1701 417 1833 464; x_wconf 87' lang='lat' dir='ltr'><em>sicut</em></span> <span class='ocrx_word' id='word_1_31' title='bbox 1871 416 1936 469; x_wconf 88' lang='lat' dir='ltr'><em>ab</em></span> 
     </span>
     <span class='ocr_line' id='line_1_5' title="bbox 251 490 1936 552; baseline -0.001 -12"><span class='ocrx_word' id='word_1_32' title='bbox 251 494 394 540; x_wconf 84' lang='lat' dir='ltr'><em>initio</em></span> <span class='ocrx_word' id='word_1_33' title='bbox 441 505 474 539; x_wconf 94' lang='lat' dir='ltr'><em>a</em></span> <span class='ocrx_word' id='word_1_34' title='bbox 521 490 716 549; x_wconf 85' lang='lat' dir='ltr'><em>diebus,</em></span> <span class='ocrx_word' id='word_1_35' title='bbox 764 490 944 550; x_wconf 80' lang='lat' dir='ltr'><em>quibus</em></span> <span class='ocrx_word' id='word_1_36' title='bbox 990 491 1233 539; x_wconf 85' lang='lat' dir='ltr'><em>constitui</em></span> <span class='ocrx_word' id='word_1_37' title='bbox 1277 491 1470 539; x_wconf 80' lang='lat' dir='ltr'><em>iudices</em></span> <span class='ocrx_word' id='word_1_38' title='bbox 1508 504 1663 552; x_wconf 83' lang='lat' dir='ltr'><em>super</em></span> <span class='ocrx_word' id='word_1_39' title='bbox 1696 492 1936 551; x_wconf 80' lang='lat' dir='ltr'><em>populum</em></span> 
     </span>
     <span class='ocr_line' id='line_1_6' title="bbox 191 564 1936 624; baseline -0.001 -11"><span class='ocrx_word' id='word_1_40' title='bbox 191 572 217 613; x_wconf 83' lang='lat'>5</span> <span class='ocrx_word' id='word_1_41' title='bbox 250 579 412 615; x_wconf 85' lang='lat' dir='ltr'><em>meum</em></span> <span class='ocrx_word' id='word_1_42' title='bbox 452 564 643 622; x_wconf 85' lang='lat' dir='ltr'><em>Israel;</em></span> <span class='ocrx_word' id='word_1_43' title='bbox 691 568 740 612; x_wconf 89' lang='lat' dir='ltr'><em>et</em></span> <span class='ocrx_word' id='word_1_44' title='bbox 784 565 1009 624; x_wconf 80' lang='lat' dir='ltr'><em>requiem</em></span> <span class='ocrx_word' id='word_1_45' title='bbox 1049 565 1142 612; x_wconf 86' lang='lat' dir='ltr'><em>tibi</em></span> <span class='ocrx_word' id='word_1_46' title='bbox 1179 565 1310 613; x_wconf 85' lang='lat' dir='ltr'><em>dabo</em></span> <span class='ocrx_word' id='word_1_47' title='bbox 1351 565 1415 612; x_wconf 87' lang='lat' dir='ltr'><em>ab</em></span> <span class='ocrx_word' id='word_1_48' title='bbox 1454 564 1681 613; x_wconf 81' lang='lat' dir='ltr'><em>omnibus</em></span> <span class='ocrx_word' id='word_1_49' title='bbox 1720 565 1936 613; x_wconf 82' lang='lat' dir='ltr'><em>inimici-s</em></span> 
     </span>
     <span class='ocr_line' id='line_1_7' title="bbox 249 611 1934 699; baseline -0.002 -11"><span class='ocrx_word' id='word_1_50' title='bbox 249 642 371 699; x_wconf 88' lang='lat' dir='ltr'><em>tuis,</em></span> <span class='ocrx_word' id='word_1_51' title='bbox 421 643 470 687; x_wconf 94' lang='lat' dir='ltr'><em>et</em></span> <span class='ocrx_word' id='word_1_52' title='bbox 507 639 761 687; x_wconf 77' lang='lat' dir='ltr'><em>nuntiabit</em></span> <span class='ocrx_word' id='word_1_53' title='bbox 790 611 893 686; x_wconf 56' lang='lat' dir='ltr'><em>Jibi</em></span> <span class='ocrx_word' id='word_1_54' title='bbox 930 637 1194 698; x_wconf 82' lang='lat' dir='ltr'><em>Dominus,</em></span> <span class='ocrx_word' id='word_1_55' title='bbox 1245 639 1482 698; x_wconf 77' lang='lat' dir='ltr'><em>quoniam</em></span> <span class='ocrx_word' id='word_1_56' title='bbox 1523 639 1720 687; x_wconf 83' lang='lat' dir='ltr'><em>domum</em></span> <span class='ocrx_word' id='word_1_57' title='bbox 1760 639 1934 696; x_wconf 72' lang='lat' dir='ltr'><em>aedifi-</em></span> 
     </span>
     <span class='ocr_line' id='line_1_8' title="bbox 249 710 1934 775; baseline -0.002 -13"><span class='ocrx_word' id='word_1_58' title='bbox 249 715 393 762; x_wconf 80' lang='lat' dir='ltr'><em>cabis</em></span> <span class='ocrx_word' id='word_1_59' title='bbox 425 714 532 775; x_wconf 87' lang='lat' dir='ltr'><em>ipsi.</em></span> <span class='ocrx_word' id='word_1_60' title='bbox 609 712 676 760; x_wconf 91' lang='lat' dir='ltr'><em>Et</em></span> <span class='ocrx_word' id='word_1_61' title='bbox 708 713 819 772; x_wconf 83' lang='lat' dir='ltr'><em>erit,</em></span> <span class='ocrx_word' id='word_1_62' title='bbox 860 725 974 761; x_wconf 88' lang='lat' dir='ltr'><em>cum</em></span> <span class='ocrx_word' id='word_1_63' title='bbox 1007 714 1187 774; x_wconf 80' lang='lat' dir='ltr'><em>repleti</em></span> <span class='ocrx_word' id='word_1_64' title='bbox 1219 710 1419 772; x_wconf 84' lang='lat' dir='ltr'><em>fuerint</em></span> <span class='ocrx_word' id='word_1_65' title='bbox 1457 712 1563 760; x_wconf 85' lang='lat' dir='ltr'><em>dies</em></span> <span class='ocrx_word' id='word_1_66' title='bbox 1603 713 1690 770; x_wconf 89' lang='lat' dir='ltr'><em>tui,</em></span> <span class='ocrx_word' id='word_1_67' title='bbox 1731 716 1781 760; x_wconf 91' lang='lat' dir='ltr'><em>et</em></span> <span class='ocrx_word' id='word_1_68' title='bbox 1819 712 1934 760; x_wconf 79' lang='lat' dir='ltr'><em>dor·</em></span> 
     </span>
     <span class='ocr_line' id='line_1_9' title="bbox 248 786 1935 848; baseline -0.001 -12"><span class='ocrx_word' id='word_1_69' title='bbox 248 789 370 837; x_wconf 88' lang='lat' dir='ltr'><em>mies</em></span> <span class='ocrx_word' id='word_1_70' title='bbox 402 801 515 836; x_wconf 91' lang='lat' dir='ltr'><em>cum</em></span> <span class='ocrx_word' id='word_1_71' title='bbox 541 786 779 848; x_wconf 86' lang='lat' dir='ltr'><em>patribus</em></span> <span class='ocrx_word' id='word_1_72' title='bbox 811 787 923 847; x_wconf 88' lang='lat' dir='ltr'><em>tuis,</em></span> <span class='ocrx_word' id='word_1_73' title='bbox 965 790 1014 834; x_wconf 91' lang='lat' dir='ltr'><em>et</em></span> <span class='ocrx_word' id='word_1_74' title='bbox 1050 786 1303 835; x_wconf 77' lang='lat' dir='ltr'><em>suscitabo</em></span> <span class='ocrx_word' id='word_1_75' title='bbox 1342 798 1509 834; x_wconf 92' lang='lat' dir='ltr'><em>semen</em></span> <span class='ocrx_word' id='word_1_76' title='bbox 1548 789 1687 834; x_wconf 90' lang='lat' dir='ltr'><em>tuum</em></span> <span class='ocrx_word' id='word_1_77' title='bbox 1721 790 1837 847; x_wconf 86' lang='lat' dir='ltr'><em>post</em></span> <span class='ocrx_word' id='word_1_78' title='bbox 1874 790 1935 846; x_wconf 84' lang='lat' dir='ltr'><em>te,</em></span> 
     </span>
     <span class='ocr_line' id='line_1_10' title="bbox 248 859 1936 922; baseline -0.002 -12"><span class='ocrx_word' id='word_1_79' title='bbox 248 863 339 922; x_wconf 82' lang='lat' dir='ltr'><em>qui</em></span> <span class='ocrx_word' id='word_1_80' title='bbox 375 862 475 910; x_wconf 89' lang='lat' dir='ltr'><em>erit</em></span> <span class='ocrx_word' id='word_1_81' title='bbox 505 862 567 909; x_wconf 83' lang='lat' dir='ltr'><em>de</em></span> <span class='ocrx_word' id='word_1_82' title='bbox 598 864 772 908; x_wconf 83' lang='lat' dir='ltr'><em>ventre</em></span> <span class='ocrx_word' id='word_1_83' title='bbox 812 863 910 919; x_wconf 88' lang='lat' dir='ltr'><em>tu0,</em></span> <span class='ocrx_word' id='word_1_84' title='bbox 951 864 1000 908; x_wconf 93' lang='lat' dir='ltr'><em>et</em></span> <span class='ocrx_word' id='word_1_85' title='bbox 1029 859 1361 922; x_wconf 78' lang='lat' dir='ltr'><em>praeparabo</em></span> <span class='ocrx_word' id='word_1_86' title='bbox 1401 872 1614 920; x_wconf 64' lang='lat' dir='ltr'><em>reanum</em></span> <span class='ocrx_word' id='word_1_87' title='bbox 1653 861 1776 908; x_wconf 88' lang='lat' dir='ltr'><em>eius.</em></span> <span class='ocrx_word' id='word_1_88' title='bbox 1837 859 1936 907; x_wconf 88' lang='lat' dir='ltr'><em>Hic</em></span> 
     </span>
     <span class='ocr_line' id='line_1_11' title="bbox 163 934 1935 998; baseline 0 -17"><span class='ocrx_word' id='word_1_89' title='bbox 163 942 217 983; x_wconf 87' lang='lat'><em>10</em></span> <span class='ocrx_word' id='word_1_90' title='bbox 250 935 546 994; x_wconf 77' lang='lat' dir='ltr'><em>aedificabit</em></span> <span class='ocrx_word' id='word_1_91' title='bbox 575 934 699 982; x_wconf 88' lang='lat' dir='ltr'><em>mihi</em></span> <span class='ocrx_word' id='word_1_92' title='bbox 729 935 926 982; x_wconf 80' lang='lat' dir='ltr'><em>domum</em></span> <span class='ocrx_word' id='word_1_93' title='bbox 965 935 1157 982; x_wconf 85' lang='lat' dir='ltr'><em>nomini</em></span> <span class='ocrx_word' id='word_1_94' title='bbox 1194 947 1315 998; x_wconf 80' lang='lat' dir='ltr'><em>meo,</em></span> <span class='ocrx_word' id='word_1_95' title='bbox 1355 938 1404 982; x_wconf 92' lang='lat' dir='ltr'><em>et</em></span> <span class='ocrx_word' id='word_1_96' title='bbox 1441 934 1662 993; x_wconf 70' lang='lat' dir='ltr'><em>diriqam</em></span> <span class='ocrx_word' id='word_1_97' title='bbox 1702 934 1935 981; x_wconf 75' lang='lat' dir='ltr'><em>thronum</em></span> 
     </span>
     <span class='ocr_line' id='line_1_12' title="bbox 206 1007 1936 1069; baseline -0.001 -12"><span class='ocrx_word' id='word_1_98' title='bbox 206 1034 209 1035; x_wconf 25' lang='grc' dir='ltr'><em>ν</em></span> <span class='ocrx_word' id='word_1_99' title='bbox 247 1011 380 1057; x_wconf 83' lang='lat' dir='ltr'><em>illius</em></span> <span class='ocrx_word' id='word_1_100' title='bbox 411 1022 568 1068; x_wconf 80' lang='lat' dir='ltr'><em>usque</em></span> <span class='ocrx_word' id='word_1_101' title='bbox 599 1010 651 1056; x_wconf 90' lang='lat' dir='ltr'><em>in</em></span> <span class='ocrx_word' id='word_1_102' title='bbox 683 1011 959 1056; x_wconf 85' lang='lat' dir='ltr'><em>aeternum.</em></span> <span class='ocrx_word' id='word_1_103' title='bbox 1036 1007 1145 1068; x_wconf 70' lang='lat' dir='ltr'><em>Eyo</em></span> <span class='ocrx_word' id='word_1_104' title='bbox 1185 1021 1272 1056; x_wconf 84' lang='lat' dir='ltr'><em>ero</em></span> <span class='ocrx_word' id='word_1_105' title='bbox 1314 1009 1388 1055; x_wconf 87' lang='lat' dir='ltr'><em>illi</em></span> <span class='ocrx_word' id='word_1_106' title='bbox 1424 1009 1476 1055; x_wconf 91' lang='lat' dir='ltr'><em>in</em></span> <span class='ocrx_word' id='word_1_107' title='bbox 1509 1012 1723 1069; x_wconf 83' lang='lat' dir='ltr'><em>patrem,</em></span> <span class='ocrx_word' id='word_1_108' title='bbox 1764 1011 1814 1055; x_wconf 93' lang='lat' dir='ltr'><em>et</em></span> <span class='ocrx_word' id='word_1_109' title='bbox 1851 1008 1936 1056; x_wconf 83' lang='lat' dir='ltr'><em>ille</em></span> 
     </span>
     <span class='ocr_line' id='line_1_13' title="bbox 247 1081 1932 1142; baseline -0.002 -11"><span class='ocrx_word' id='word_1_110' title='bbox 247 1085 347 1131; x_wconf 86' lang='lat' dir='ltr'><em>erit</em></span> <span class='ocrx_word' id='word_1_111' title='bbox 383 1083 507 1130; x_wconf 87' lang='lat' dir='ltr'><em>mihi</em></span> <span class='ocrx_word' id='word_1_112' title='bbox 552 1084 603 1130; x_wconf 88' lang='lat' dir='ltr'><em>in</em></span> <span class='ocrx_word' id='word_1_113' title='bbox 638 1083 812 1142; x_wconf 74' lang='lat' dir='ltr'><em>filium.</em></span> <span class='ocrx_word' id='word_1_114' title='bbox 891 1081 957 1130; x_wconf 87' lang='lat' dir='ltr'><em>Et</em></span> <span class='ocrx_word' id='word_1_115' title='bbox 993 1083 1039 1129; x_wconf 88' lang='lat' dir='ltr'><em>si</em></span> <span class='ocrx_word' id='word_1_116' title='bbox 1074 1083 1272 1130; x_wconf 83' lang='lat' dir='ltr'><em>venerit</em></span> <span class='ocrx_word' id='word_1_117' title='bbox 1309 1082 1551 1142; x_wconf 82' lang='lat' dir='ltr'><em>iniquitas</em></span> <span class='ocrx_word' id='word_1_118' title='bbox 1590 1082 1711 1140; x_wconf 85' lang='lat' dir='ltr'><em>eius,</em></span> <span class='ocrx_word' id='word_1_119' title='bbox 1752 1082 1932 1129; x_wconf 85' lang='lat' dir='ltr'><em>redar-</em></span> 
     </span>
     <span class='ocr_line' id='line_1_14' title="bbox 243 1155 1935 1217; baseline -0.002 -12"><span class='ocrx_word' id='word_1_120' title='bbox 243 1170 400 1217; x_wconf 70' lang='lat' dir='ltr'><em>quam</em></span> <span class='ocrx_word' id='word_1_121' title='bbox 455 1158 593 1205; x_wconf 87' lang='lat' dir='ltr'><em>illum</em></span> <span class='ocrx_word' id='word_1_122' title='bbox 641 1158 692 1203; x_wconf 84' lang='lat' dir='ltr'><em>in</em></span> <span class='ocrx_word' id='word_1_123' title='bbox 747 1157 896 1216; x_wconf 68' lang='lat' dir='ltr'><em>virya</em></span> <span class='ocrx_word' id='word_1_124' title='bbox 950 1157 1177 1204; x_wconf 83' lang='lat' dir='ltr'><em>virorum</em></span> <span class='ocrx_word' id='word_1_125' title='bbox 1231 1159 1282 1204; x_wconf 91' lang='lat' dir='ltr'><em>et</em></span> <span class='ocrx_word' id='word_1_126' title='bbox 1335 1157 1389 1204; x_wconf 89' lang='lat' dir='ltr'><em>in</em></span> <span class='ocrx_word' id='word_1_127' title='bbox 1443 1155 1661 1204; x_wconf 89' lang='lat' dir='ltr'><em>tactibus</em></span> <span class='ocrx_word' id='word_1_128' title='bbox 1709 1155 1935 1213; x_wconf 78' lang='lat' dir='ltr'><em>filiorum</em></span> 
     </span>
     <span class='ocr_line' id='line_1_15' title="bbox 246 1229 1934 1287; baseline -0.001 -9"><span class='ocrx_word' id='word_1_129' title='bbox 246 1231 498 1278; x_wconf 87' lang='lat' dir='ltr'><em>hominum</em></span> <span class='ocrx_word' id='word_1_130' title='bbox 508 1246 527 1287; x_wconf 88' lang='grc'><em>;</em></span> <span class='ocrx_word' id='word_1_131' title='bbox 572 1230 976 1278; x_wconf 81' lang='lat' dir='ltr'><em>misericordiam</em></span> <span class='ocrx_word' id='word_1_132' title='bbox 1024 1234 1191 1278; x_wconf 89' lang='lat' dir='ltr'><em>autem</em></span> <span class='ocrx_word' id='word_1_133' title='bbox 1237 1243 1396 1277; x_wconf 90' lang='lat' dir='ltr'><em>meam</em></span> <span class='ocrx_word' id='word_1_134' title='bbox 1435 1242 1535 1277; x_wconf 89' lang='lat' dir='ltr'><em>non</em></span> <span class='ocrx_word' id='word_1_135' title='bbox 1575 1241 1829 1277; x_wconf 78' lang='lat' dir='ltr'><em>amoveam</em></span> <span class='ocrx_word' id='word_1_136' title='bbox 1869 1229 1934 1276; x_wconf 90' lang='lat' dir='ltr'><em>ab</em></span> 
     </span>
     <span class='ocr_line' id='line_1_16' title="bbox 159 1301 1934 1370; baseline -0.002 -17"><span class='ocrx_word' id='word_1_137' title='bbox 159 1311 214 1352; x_wconf 84' lang='lat'><em>15</em></span> <span class='ocrx_word' id='word_1_138' title='bbox 248 1318 319 1370; x_wconf 81' lang='lat' dir='ltr'><em>eo,</em></span> <span class='ocrx_word' id='word_1_139' title='bbox 357 1305 491 1352; x_wconf 87' lang='lat' dir='ltr'><em>sicut</em></span> <span class='ocrx_word' id='word_1_140' title='bbox 529 1304 711 1361; x_wconf 83' lang='lat' dir='ltr'><em>amovi,</em></span> <span class='ocrx_word' id='word_1_141' title='bbox 760 1317 793 1351; x_wconf 96' lang='lat' dir='ltr'><em>a</em></span> <span class='ocrx_word' id='word_1_142' title='bbox 832 1304 1014 1363; x_wconf 80' lang='lat' dir='ltr'><em>quibus</em></span> <span class='ocrx_word' id='word_1_143' title='bbox 1053 1305 1219 1351; x_wconf 83' lang='lat' dir='ltr'><em>amovi</em></span> <span class='ocrx_word' id='word_1_144' title='bbox 1254 1317 1287 1351; x_wconf 93' lang='lat' dir='ltr'><em>a</em></span> <span class='ocrx_word' id='word_1_145' title='bbox 1321 1301 1463 1363; x_wconf 79' lang='lat' dir='ltr'><em>facie</em></span> <span class='ocrx_word' id='word_1_146' title='bbox 1502 1316 1611 1351; x_wconf 91' lang='lat' dir='ltr'><em>mea</em></span> <span class='ocrx_word' id='word_1_147' title='bbox 1621 1319 1640 1359; x_wconf 90' lang='lat'><em>;</em></span> <span class='ocrx_word' id='word_1_148' title='bbox 1686 1306 1736 1350; x_wconf 92' lang='lat' dir='ltr'><em>et</em></span> <span class='ocrx_word' id='word_1_149' title='bbox 1767 1303 1934 1360; x_wconf 75' lang='lat' dir='ltr'><em>fidelis</em></span> 
     </span>
     <span class='ocr_line' id='line_1_17' title="bbox 247 1378 1933 1437; baseline -0.001 -11"><span class='ocrx_word' id='word_1_150' title='bbox 247 1379 347 1426; x_wconf 86' lang='lat' dir='ltr'><em>erit</em></span> <span class='ocrx_word' id='word_1_151' title='bbox 378 1378 551 1426; x_wconf 80' lang='lat' dir='ltr'><em>domus</em></span> <span class='ocrx_word' id='word_1_152' title='bbox 584 1379 692 1426; x_wconf 86' lang='lat' dir='ltr'><em>eius</em></span> <span class='ocrx_word' id='word_1_153' title='bbox 724 1382 773 1425; x_wconf 91' lang='lat' dir='ltr'><em>et</em></span> <span class='ocrx_word' id='word_1_154' title='bbox 803 1390 1016 1437; x_wconf 61' lang='lat' dir='ltr'><em>reanum</em></span> <span class='ocrx_word' id='word_1_155' title='bbox 1049 1379 1156 1426; x_wconf 90' lang='lat' dir='ltr'><em>eius</em></span> <span class='ocrx_word' id='word_1_156' title='bbox 1187 1391 1346 1437; x_wconf 84' lang='lat' dir='ltr'><em>usque</em></span> <span class='ocrx_word' id='word_1_157' title='bbox 1378 1379 1430 1425; x_wconf 89' lang='lat' dir='ltr'><em>in</em></span> <span class='ocrx_word' id='word_1_158' title='bbox 1463 1381 1726 1425; x_wconf 87' lang='lat' dir='ltr'><em>aeternum</em></span> <span class='ocrx_word' id='word_1_159' title='bbox 1759 1388 1933 1425; x_wconf 87' lang='lat' dir='ltr'><em>coram</em></span> 
     </span>
     <span class='ocr_line' id='line_1_18' title="bbox 246 1452 1805 1513; baseline -0.002 -12"><span class='ocrx_word' id='word_1_160' title='bbox 246 1465 336 1513; x_wconf 81' lang='lat' dir='ltr'><em>me,</em></span> <span class='ocrx_word' id='word_1_161' title='bbox 377 1456 426 1500; x_wconf 90' lang='lat' dir='ltr'><em>et</em></span> <span class='ocrx_word' id='word_1_162' title='bbox 464 1452 675 1500; x_wconf 81' lang='lat' dir='ltr'><em>thronus</em></span> <span class='ocrx_word' id='word_1_163' title='bbox 716 1453 825 1499; x_wconf 86' lang='lat' dir='ltr'><em>eius</em></span> <span class='ocrx_word' id='word_1_164' title='bbox 864 1453 965 1499; x_wconf 87' lang='lat' dir='ltr'><em>erit</em></span> <span class='ocrx_word' id='word_1_165' title='bbox 1002 1456 1202 1500; x_wconf 86' lang='lat' dir='ltr'><em>erectus</em></span> <span class='ocrx_word' id='word_1_166' title='bbox 1242 1465 1398 1511; x_wconf 79' lang='lat' dir='ltr'><em>usque</em></span> <span class='ocrx_word' id='word_1_167' title='bbox 1437 1452 1488 1498; x_wconf 86' lang='lat' dir='ltr'><em>in</em></span> <span class='ocrx_word' id='word_1_168' title='bbox 1530 1455 1805 1499; x_wconf 87' lang='lat' dir='ltr'><em>aeternum.</em></span> 
     </span>
     <span class='ocr_line' id='line_1_19' title="bbox 393 1522 1932 1589; baseline -0.001 -17"><span class='ocrx_word' id='word_1_169' title='bbox 393 1523 530 1573; x_wconf 88' lang='lat' dir='ltr'><em>Hanc</em></span> <span class='ocrx_word' id='word_1_170' title='bbox 570 1531 669 1573; x_wconf 88' lang='lat' dir='ltr'><em>tam</em></span> <span class='ocrx_word' id='word_1_171' title='bbox 708 1523 944 1589; x_wconf 81' lang='lat' dir='ltr'><em>grandem</em></span> <span class='ocrx_word' id='word_1_172' title='bbox 983 1525 1364 1588; x_wconf 81' lang='lat' dir='ltr'><em>promissionem</em></span> <span class='ocrx_word' id='word_1_173' title='bbox 1405 1525 1490 1588; x_wconf 90' lang='lat' dir='ltr'><em>qui</em></span> <span class='ocrx_word' id='word_1_174' title='bbox 1528 1529 1668 1588; x_wconf 87' lang='lat' dir='ltr'><em>putat</em></span> <span class='ocrx_word' id='word_1_175' title='bbox 1707 1525 1757 1572; x_wconf 91' lang='lat' dir='ltr'><em>in</em></span> <span class='ocrx_word' id='word_1_176' title='bbox 1799 1522 1932 1571; x_wconf 89' lang='lat' dir='ltr'><em>Salo-</em></span> 
     </span>
     <span class='ocr_line' id='line_1_20' title="bbox 244 1596 1933 1664; baseline -0.001 -17"><span class='ocrx_word' id='word_1_177' title='bbox 244 1613 389 1647; x_wconf 83' lang='lat' dir='ltr'><em>mone</em></span> <span class='ocrx_word' id='word_1_178' title='bbox 416 1598 569 1647; x_wconf 84' lang='lat' dir='ltr'><em>fuisse</em></span> <span class='ocrx_word' id='word_1_179' title='bbox 595 1598 901 1664; x_wconf 81' lang='lat' dir='ltr'><em>completam,</em></span> <span class='ocrx_word' id='word_1_180' title='bbox 934 1597 1146 1647; x_wconf 87' lang='lat' dir='ltr'><em>multum</em></span> <span class='ocrx_word' id='word_1_181' title='bbox 1169 1604 1316 1647; x_wconf 87' lang='lat' dir='ltr'><em>errat.</em></span> <span class='ocrx_word' id='word_1_182' title='bbox 1375 1597 1609 1646; x_wconf 86' lang='lat' dir='ltr'><em>Adtendit</em></span> <span class='ocrx_word' id='word_1_183' title='bbox 1639 1598 1770 1646; x_wconf 91' lang='lat' dir='ltr'><em>enim</em></span> <span class='ocrx_word' id='word_1_184' title='bbox 1803 1596 1933 1661; x_wconf 86' lang='lat' dir='ltr'><em>quod</em></span> 
     </span>
     <span class='ocr_line' id='line_1_21' title="bbox 154 1669 1931 1736; baseline -0.001 -16"><span class='ocrx_word' id='word_1_185' title='bbox 154 1681 213 1722; x_wconf 81' lang='lat'><em>20</em></span> <span class='ocrx_word' id='word_1_186' title='bbox 245 1672 433 1721; x_wconf 82' lang='lat' dir='ltr'><em>(lictum</em></span> <span class='ocrx_word' id='word_1_187' title='bbox 484 1679 581 1721; x_wconf 85' lang='lat' dir='ltr'><em>est:</em></span> <span class='ocrx_word' id='word_1_188' title='bbox 627 1672 725 1722; x_wconf 89' lang='lat' dir='ltr'><em>Hic</em></span> <span class='ocrx_word' id='word_1_189' title='bbox 766 1673 1061 1732; x_wconf 77' lang='lat' dir='ltr'><em>aedificabit</em></span> <span class='ocrx_word' id='word_1_190' title='bbox 1097 1673 1222 1720; x_wconf 90' lang='lat' dir='ltr'><em>mihi</em></span> <span class='ocrx_word' id='word_1_191' title='bbox 1259 1674 1478 1733; x_wconf 84' lang='lat' dir='ltr'><em>domum,</em></span> <span class='ocrx_word' id='word_1_192' title='bbox 1527 1672 1759 1736; x_wconf 87' lang='lat' dir='ltr'><em>quoniam</em></span> <span class='ocrx_word' id='word_1_193' title='bbox 1799 1669 1931 1719; x_wconf 88' lang='lat' dir='ltr'><em>Salo-</em></span> 
     </span>
     <span class='ocr_line' id='line_1_22' title="bbox 245 1744 1934 1812; baseline 0 -18"><span class='ocrx_word' id='word_1_194' title='bbox 245 1761 360 1795; x_wconf 90' lang='lat' dir='ltr'><em>mon</em></span> <span class='ocrx_word' id='word_1_195' title='bbox 394 1745 633 1810; x_wconf 90' lang='lat' dir='ltr'><em>templum</em></span> <span class='ocrx_word' id='word_1_196' title='bbox 665 1745 785 1795; x_wconf 88' lang='lat' dir='ltr'><em>illud</em></span> <span class='ocrx_word' id='word_1_197' title='bbox 817 1745 1178 1795; x_wconf 89' lang='lat' dir='ltr'><em>nobilissimum</em></span> <span class='ocrx_word' id='word_1_198' title='bbox 1210 1747 1442 1812; x_wconf 85' lang='lat' dir='ltr'><em>extruxit,</em></span> <span class='ocrx_word' id='word_1_199' title='bbox 1481 1751 1531 1795; x_wconf 89' lang='lat' dir='ltr'><em>et</em></span> <span class='ocrx_word' id='word_1_200' title='bbox 1562 1759 1661 1794; x_wconf 90' lang='lat' dir='ltr'><em>non</em></span> <span class='ocrx_word' id='word_1_201' title='bbox 1693 1744 1934 1794; x_wconf 81' lang='lat' dir='ltr'><em>adtendit:</em></span> 
     </span>
     <span class='ocr_line' id='line_1_23' title="bbox 244 1821 1931 1881; baseline -0.001 -13"><span class='ocrx_word' id='word_1_202' title='bbox 244 1822 434 1870; x_wconf 83' lang='lat' dir='ltr'><em>Fidelis</em></span> <span class='ocrx_word' id='word_1_203' title='bbox 480 1822 580 1869; x_wconf 90' lang='lat' dir='ltr'><em>erit</em></span> <span class='ocrx_word' id='word_1_204' title='bbox 627 1821 802 1870; x_wconf 83' lang='lat' dir='ltr'><em>domus</em></span> <span class='ocrx_word' id='word_1_205' title='bbox 850 1823 958 1870; x_wconf 89' lang='lat' dir='ltr'><em>eius</em></span> <span class='ocrx_word' id='word_1_206' title='bbox 998 1825 1047 1869; x_wconf 91' lang='lat' dir='ltr'><em>et</em></span> <span class='ocrx_word' id='word_1_207' title='bbox 1083 1833 1296 1881; x_wconf 62' lang='lat' dir='ltr'><em>reanum</em></span> <span class='ocrx_word' id='word_1_208' title='bbox 1335 1822 1443 1869; x_wconf 85' lang='lat' dir='ltr'><em>eius</em></span> <span class='ocrx_word' id='word_1_209' title='bbox 1481 1834 1638 1881; x_wconf 82' lang='lat' dir='ltr'><em>usque</em></span> <span class='ocrx_word' id='word_1_210' title='bbox 1677 1821 1730 1868; x_wconf 87' lang='lat' dir='ltr'><em>in</em></span> <span class='ocrx_word' id='word_1_211' title='bbox 1769 1824 1931 1868; x_wconf 87' lang='lat' dir='ltr'><em>aeter-</em></span> 
     </span>
     <span class='ocr_line' id='line_1_24' title="bbox 246 1892 1930 1958; baseline -0.002 -15"><span class='ocrx_word' id='word_1_212' title='bbox 246 1909 365 1943; x_wconf 89' lang='lat' dir='ltr'><em>num</em></span> <span class='ocrx_word' id='word_1_213' title='bbox 416 1908 590 1944; x_wconf 91' lang='lat' dir='ltr'><em>coram</em></span> <span class='ocrx_word' id='word_1_214' title='bbox 639 1908 730 1943; x_wconf 88' lang='lat' dir='ltr'><em>me.</em></span> <span class='ocrx_word' id='word_1_215' title='bbox 823 1893 1066 1943; x_wconf 86' lang='lat' dir='ltr'><em>Adtendat</em></span> <span class='ocrx_word' id='word_1_216' title='bbox 1123 1908 1240 1958; x_wconf 85' lang='lat' dir='ltr'><em>ergo</em></span> <span class='ocrx_word' id='word_1_217' title='bbox 1302 1899 1351 1942; x_wconf 85' lang='lat' dir='ltr'><em>et</em></span> <span class='ocrx_word' id='word_1_218' title='bbox 1401 1894 1605 1958; x_wconf 82' lang='lat' dir='ltr'><em>aspiciat</em></span> <span class='ocrx_word' id='word_1_219' title='bbox 1656 1892 1930 1952; x_wconf 86' lang='lat' dir='ltr'><em>Salomonis</em></span> 
     </span>
     <span class='ocr_line' id='line_1_25' title="bbox 245 1965 1932 2032; baseline -0.001 -16"><span class='ocrx_word' id='word_1_220' title='bbox 245 1967 445 2017; x_wconf 86' lang='lat' dir='ltr'><em>domum</em></span> <span class='ocrx_word' id='word_1_221' title='bbox 483 1967 676 2032; x_wconf 81' lang='lat' dir='ltr'><em>plenam</em></span> <span class='ocrx_word' id='word_1_222' title='bbox 716 1966 1008 2017; x_wconf 88' lang='lat' dir='ltr'><em>mulieribus</em></span> <span class='ocrx_word' id='word_1_223' title='bbox 1048 1967 1333 2031; x_wconf 84' lang='lat' dir='ltr'><em>alienigenis</em></span> <span class='ocrx_word' id='word_1_224' title='bbox 1373 1966 1648 2016; x_wconf 88' lang='lat' dir='ltr'><em>colentibus</em></span> <span class='ocrx_word' id='word_1_225' title='bbox 1687 1965 1806 2015; x_wconf 88' lang='lat' dir='ltr'><em>deos</em></span> <span class='ocrx_word' id='word_1_226' title='bbox 1847 1965 1932 2014; x_wconf 83' lang='lat' dir='ltr'><em>fal-</em></span> 
     </span>
     <span class='ocr_line' id='line_1_26' title="bbox 154 2040 1930 2105; baseline -0.001 -17"><span class='ocrx_word' id='word_1_227' title='bbox 154 2048 212 2088; x_wconf 80' lang='lat'><em>25</em></span> <span class='ocrx_word' id='word_1_228' title='bbox 247 2056 328 2090; x_wconf 84' lang='lat' dir='ltr'><em>sos</em></span> <span class='ocrx_word' id='word_1_229' title='bbox 376 2047 425 2090; x_wconf 89' lang='lat' dir='ltr'><em>et</em></span> <span class='ocrx_word' id='word_1_230' title='bbox 470 2043 634 2105; x_wconf 88' lang='lat' dir='ltr'><em>ipsum</em></span> <span class='ocrx_word' id='word_1_231' title='bbox 681 2040 739 2090; x_wconf 89' lang='lat' dir='ltr'><em>ab</em></span> <span class='ocrx_word' id='word_1_232' title='bbox 789 2043 859 2090; x_wconf 88' lang='lat' dir='ltr'><em>eis</em></span> <span class='ocrx_word' id='word_1_233' title='bbox 909 2056 1078 2105; x_wconf 86' lang='lat' dir='ltr'><em>regem</em></span> <span class='ocrx_word' id='word_1_234' title='bbox 1118 2040 1377 2105; x_wconf 89' lang='lat' dir='ltr'><em>aliquando</em></span> <span class='ocrx_word' id='word_1_235' title='bbox 1419 2042 1690 2105; x_wconf 86' lang='lat' dir='ltr'><em>sapientem</em></span> <span class='ocrx_word' id='word_1_236' title='bbox 1727 2042 1778 2087; x_wconf 90' lang='lat' dir='ltr'><em>in</em></span> <span class='ocrx_word' id='word_1_237' title='bbox 1820 2054 1930 2088; x_wconf 88' lang='lat' dir='ltr'><em>ean·</em></span> 
     </span>
     <span class='ocr_line' id='line_1_27' title="bbox 245 2113 1932 2179; baseline 0.001 -17"><span class='ocrx_word' id='word_1_238' title='bbox 245 2115 357 2163; x_wconf 88' lang='lat' dir='ltr'><em>dem</em></span> <span class='ocrx_word' id='word_1_239' title='bbox 403 2113 679 2163; x_wconf 87' lang='lat' dir='ltr'><em>idolatriam</em></span> <span class='ocrx_word' id='word_1_240' title='bbox 727 2114 988 2163; x_wconf 85' lang='lat' dir='ltr'><em>seductum</em></span> <span class='ocrx_word' id='word_1_241' title='bbox 1034 2121 1180 2179; x_wconf 86' lang='lat' dir='ltr'><em>atque</em></span> <span class='ocrx_word' id='word_1_242' title='bbox 1221 2114 1488 2179; x_wconf 83' lang='lat' dir='ltr'><em>deiectum3</em></span> <span class='ocrx_word' id='word_1_243' title='bbox 1529 2119 1578 2162; x_wconf 88' lang='lat' dir='ltr'><em>et</em></span> <span class='ocrx_word' id='word_1_244' title='bbox 1617 2127 1715 2162; x_wconf 88' lang='lat' dir='ltr'><em>non</em></span> <span class='ocrx_word' id='word_1_245' title='bbox 1755 2113 1932 2163; x_wconf 84' lang='lat' dir='ltr'><em>audeat</em></span> 
     </span>
     <span class='ocr_line' id='line_1_28' title="bbox 245 2186 1931 2252; baseline -0.001 -16"><span class='ocrx_word' id='word_1_246' title='bbox 245 2189 525 2237; x_wconf 84' lang='lat' dir='ltr'><em>existimare</em></span> <span class='ocrx_word' id='word_1_247' title='bbox 566 2187 721 2237; x_wconf 90' lang='lat' dir='ltr'><em>Deum</em></span> <span class='ocrx_word' id='word_1_248' title='bbox 762 2187 838 2236; x_wconf 88' lang='lat' dir='ltr'><em>vel</em></span> <span class='ocrx_word' id='word_1_249' title='bbox 876 2187 969 2237; x_wconf 90' lang='lat' dir='ltr'><em>hoc</em></span> <span class='ocrx_word' id='word_1_250' title='bbox 1001 2189 1288 2252; x_wconf 85' lang='lat' dir='ltr'><em>promisisse</em></span> <span class='ocrx_word' id='word_1_251' title='bbox 1329 2187 1631 2236; x_wconf 84' lang='lat' dir='ltr'><em>mendaciter</em></span> <span class='ocrx_word' id='word_1_252' title='bbox 1669 2186 1745 2236; x_wconf 87' lang='lat' dir='ltr'><em>vel</em></span> <span class='ocrx_word' id='word_1_253' title='bbox 1784 2186 1931 2236; x_wconf 88' lang='lat' dir='ltr'><em>talem</em></span> 
     </span>
     <span class='ocr_line' id='line_1_29' title="bbox 246 2260 1928 2326; baseline -0.001 -16"><span class='ocrx_word' id='word_1_254' title='bbox 246 2260 557 2310; x_wconf 88' lang='lat' dir='ltr'><em>Salomonem</em></span> <span class='ocrx_word' id='word_1_255' title='bbox 603 2260 902 2326; x_wconf 89' lang='lat' dir='ltr'><em>domumque</em></span> <span class='ocrx_word' id='word_1_256' title='bbox 951 2263 1056 2310; x_wconf 87' lang='lat' dir='ltr'><em>eius</em></span> <span class='ocrx_word' id='word_1_257' title='bbox 1104 2262 1322 2310; x_wconf 82' lang='lat' dir='ltr'><em>futuram</em></span> <span class='ocrx_word' id='word_1_258' title='bbox 1371 2275 1471 2310; x_wconf 91' lang='lat' dir='ltr'><em>non</em></span> <span class='ocrx_word' id='word_1_259' title='bbox 1518 2262 1738 2326; x_wconf 87' lang='lat' dir='ltr'><em>potuisse</em></span> <span class='ocrx_word' id='word_1_260' title='bbox 1789 2276 1928 2325; x_wconf 89' lang='lat' dir='ltr'><em>prae·</em></span> 
     </span>
     <span class='ocr_line' id='line_1_30' title="bbox 244 2333 1929 2401; baseline -0.001 -17"><span class='ocrx_word' id='word_1_261' title='bbox 244 2337 388 2385; x_wconf 84' lang='lat' dir='ltr'><em>scire.</em></span> <span class='ocrx_word' id='word_1_262' title='bbox 463 2333 573 2384; x_wconf 91' lang='lat' dir='ltr'><em>Non</em></span> <span class='ocrx_word' id='word_1_263' title='bbox 611 2334 726 2384; x_wconf 88' lang='lat' dir='ltr'><em>hinc</em></span> <span class='ocrx_word' id='word_1_264' title='bbox 765 2342 930 2385; x_wconf 88' lang='lat' dir='ltr'><em>autem</em></span> <span class='ocrx_word' id='word_1_265' title='bbox 970 2334 1264 2384; x_wconf 82' lang='lat' dir='ltr'><em>deberemus</em></span> <span class='ocrx_word' id='word_1_266' title='bbox 1304 2334 1577 2401; x_wconf 82' lang='lat' dir='ltr'><em>ambigere,</em></span> <span class='ocrx_word' id='word_1_267' title='bbox 1617 2349 1708 2383; x_wconf 86' lang='lat' dir='ltr'><em>nec</em></span> <span class='ocrx_word' id='word_1_268' title='bbox 1750 2336 1791 2383; x_wconf 87' lang='lat' dir='ltr'><em>si</em></span> <span class='ocrx_word' id='word_1_269' title='bbox 1830 2349 1929 2383; x_wconf 91' lang='lat' dir='ltr'><em>non</em></span> 
     </span>
     <span class='ocr_line' id='line_1_31' title="bbox 152 2407 1926 2475; baseline -0.001 -17"><span class='ocrx_word' id='word_1_270' title='bbox 152 2417 212 2458; x_wconf 83' lang='lat'><em>30</em></span> <span class='ocrx_word' id='word_1_271' title='bbox 242 2410 293 2457; x_wconf 90' lang='lat' dir='ltr'><em>in</em></span> <span class='ocrx_word' id='word_1_272' title='bbox 326 2407 522 2458; x_wconf 86' lang='lat' dir='ltr'><em>Christo</em></span> <span class='ocrx_word' id='word_1_273' title='bbox 555 2408 762 2458; x_wconf 91' lang='lat' dir='ltr'><em>Domino</em></span> <span class='ocrx_word' id='word_1_274' title='bbox 795 2415 982 2475; x_wconf 76' lang='lat' dir='ltr'><em>nostro,</em></span> <span class='ocrx_word' id='word_1_275' title='bbox 1022 2410 1107 2472; x_wconf 89' lang='lat' dir='ltr'><em>qui</em></span> <span class='ocrx_word' id='word_1_276' title='bbox 1146 2409 1304 2458; x_wconf 80' lang='lat' dir='ltr'><em>factus</em></span> <span class='ocrx_word' id='word_1_277' title='bbox 1345 2417 1421 2458; x_wconf 87' lang='lat' dir='ltr'><em>est</em></span> <span class='ocrx_word' id='word_1_278' title='bbox 1459 2424 1517 2458; x_wconf 89' lang='lat' dir='ltr'><em>ex</em></span> <span class='ocrx_word' id='word_1_279' title='bbox 1558 2410 1744 2457; x_wconf 89' lang='lat' dir='ltr'><em>semine</em></span> <span class='ocrx_word' id='word_1_280' title='bbox 1777 2407 1926 2457; x_wconf 87' lang='lat' dir='ltr'><em>David</em></span> 
     </span>
     <span class='ocr_line' id='line_1_32' title="bbox 244 2482 1932 2549; baseline -0.001 -18"><span class='ocrx_word' id='word_1_281' title='bbox 244 2482 518 2532; x_wconf 85' lang='lat' dir='ltr'><em>secundum</em></span> <span class='ocrx_word' id='word_1_282' title='bbox 558 2498 778 2549; x_wconf 83' lang='lat' dir='ltr'><em>carnem,</em></span> <span class='ocrx_word' id='word_1_283' title='bbox 818 2484 914 2531; x_wconf 88' lang='lat' dir='ltr'><em>iam</em></span> <span class='ocrx_word' id='word_1_284' title='bbox 952 2482 1231 2532; x_wconf 84' lang='lat' dir='ltr'><em>videremus</em></span> <span class='ocrx_word' id='word_1_285' title='bbox 1270 2485 1364 2531; x_wconf 88' lang='lat' dir='ltr'><em>ista</em></span> <span class='ocrx_word' id='word_1_286' title='bbox 1404 2482 1666 2548; x_wconf 85' lang='lat' dir='ltr'><em>compleri,</em></span> <span class='ocrx_word' id='word_1_287' title='bbox 1705 2497 1766 2530; x_wconf 90' lang='lat' dir='ltr'><em>ne</em></span> <span class='ocrx_word' id='word_1_288' title='bbox 1806 2496 1932 2530; x_wconf 81' lang='lat' dir='ltr'><em>vane·</em></span> 
     </span>
     <span class='ocr_line' id='line_1_33' title="bbox 243 2556 1926 2621; baseline -0.001 -16"><span class='ocrx_word' id='word_1_289' title='bbox 243 2563 389 2621; x_wconf 87' lang='lat' dir='ltr'><em>atque</em></span> <span class='ocrx_word' id='word_1_290' title='bbox 437 2558 648 2606; x_wconf 89' lang='lat' dir='ltr'><em>inaniter</em></span> <span class='ocrx_word' id='word_1_291' title='bbox 693 2556 773 2605; x_wconf 89' lang='lat' dir='ltr'><em>hic</em></span> <span class='ocrx_word' id='word_1_292' title='bbox 821 2556 968 2606; x_wconf 87' lang='lat' dir='ltr'><em>alium</em></span> <span class='ocrx_word' id='word_1_293' title='bbox 1015 2556 1227 2620; x_wconf 87' lang='lat' dir='ltr'><em>aliquem</em></span> <span class='ocrx_word' id='word_1_294' title='bbox 1275 2558 1608 2621; x_wconf 78' lang='lat' dir='ltr'><em>requiramus,‚</em></span> <span class='ocrx_word' id='word_1_295' title='bbox 1656 2557 1784 2605; x_wconf 85' lang='lat' dir='ltr'><em>sicut</em></span> <span class='ocrx_word' id='word_1_296' title='bbox 1822 2570 1926 2604; x_wconf 85' lang='lat' dir='ltr'><em>car-</em></span> 
     </span>
    </p>
   </div>
   <div class='ocr_carea' id='block_1_3' title="bbox 364 2654 1379 2710">
    <p class='ocr_par' dir='ltr' id='par_1_3' title="bbox 364 2654 1379 2710">
     <span class='ocr_line' id='line_1_34' title="bbox 364 2654 1379 2710; baseline 0.001 -13"><span class='ocrx_word' id='word_1_297' title='bbox 364 2657 435 2709; x_wconf 82' lang='lat'><em>17)</em></span> <span class='ocrx_word' id='word_1_298' title='bbox 468 2658 507 2699; x_wconf 79' lang='lat'><em>2.</em></span> <span class='ocrx_word' id='word_1_299' title='bbox 544 2655 663 2699; x_wconf 80' lang='lat' dir='ltr'><em>Sam.</em></span> <span class='ocrx_word' id='word_1_300' title='bbox 700 2660 738 2710; x_wconf 74' lang='lat'><em>7,</em></span> <span class='ocrx_word' id='word_1_301' title='bbox 772 2657 797 2698; x_wconf 89' lang='grc'>8</span> <span class='ocrx_word' id='word_1_302' title='bbox 833 2668 929 2709; x_wconf 81' lang='lat' dir='ltr'><em>sqq.</em></span> <span class='ocrx_word' id='word_1_303' title='bbox 993 2655 1066 2710; x_wconf 90' lang='lat'><em>31)</em></span> <span class='ocrx_word' id='word_1_304' title='bbox 1099 2654 1231 2699; x_wconf 79' lang='lat' dir='ltr'><em>Rom.</em></span> <span class='ocrx_word' id='word_1_305' title='bbox 1267 2659 1305 2709; x_wconf 90' lang='lat'><em>1,</em></span> <span class='ocrx_word' id='word_1_306' title='bbox 1339 2659 1379 2698; x_wconf 88' lang='lat'><em>3.</em></span> 
     </span>
    </p>
   </div>
   <div class='ocr_carea' id='block_1_4' title="bbox 353 2738 599 2745">
    <p class='ocr_par' dir='ltr' id='par_1_4' title="bbox 353 2738 599 2745">
     <span class='ocr_line' id='line_1_35' title="bbox 353 2738 599 2745; baseline 0 0"><span class='ocrx_word' id='word_1_307' title='bbox 353 2738 599 2745; x_wconf 95' lang='lat' dir='ltr'><em> </em></span> 
     </span>
    </p>
   </div>
   <div class='ocr_carea' id='block_1_5' title="bbox 242 2769 1926 2946">
    <p class='ocr_par' dir='ltr' id='par_1_5' title="bbox 242 2769 1926 2946">
     <span class='ocr_line' id='line_1_36' title="bbox 363 2769 1926 2828; baseline 0 -14"><span class='ocrx_word' id='word_1_308' title='bbox 363 2775 415 2814; x_wconf 80' lang='lat'><em>12</em></span> <span class='ocrx_word' id='word_1_309' title='bbox 448 2770 486 2814; x_wconf 86' lang='lat' dir='ltr'><em>si</em></span> <span class='ocrx_word' id='word_1_310' title='bbox 515 2771 663 2825; x_wconf 79' lang='lat' dir='ltr'><strong><em>RFv,·</em></strong></span> <span class='ocrx_word' id='word_1_311' title='bbox 696 2786 799 2816; x_wconf 88' lang='lat' dir='ltr'><em>cum</em></span> <span class='ocrx_word' id='word_1_312' title='bbox 832 2772 876 2815; x_wconf 83' lang='lat' dir='ltr'><strong><em>A</em></strong></span> <span class='ocrx_word' id='word_1_313' title='bbox 897 2771 1036 2816; x_wconf 84' lang='lat' dir='ltr'><em>Parr.</em></span> <span class='ocrx_word' id='word_1_314' title='bbox 1061 2773 1076 2828; x_wconf 82' lang='grc' dir='ltr'><em>ΙΙ</em></span> <span class='ocrx_word' id='word_1_315' title='bbox 1105 2776 1155 2815; x_wconf 83' lang='grc'><em>15</em></span> <span class='ocrx_word' id='word_1_316' title='bbox 1190 2786 1216 2815; x_wconf 83' lang='lat' dir='ltr'><em>a</em></span> <span class='ocrx_word' id='word_1_317' title='bbox 1247 2771 1366 2815; x_wconf 82' lang='lat' dir='ltr'><em>facie</em></span> <span class='ocrx_word' id='word_1_318' title='bbox 1398 2786 1503 2816; x_wconf 81' lang='lat' dir='ltr'><em>mea</em></span> <span class='ocrx_word' id='word_1_319' title='bbox 1519 2771 1668 2825; x_wconf 85' lang='lat' dir='ltr'><strong><em>RFv‚·</em></strong></span> <span class='ocrx_word' id='word_1_320' title='bbox 1700 2784 1729 2815; x_wconf 74' lang='lat' dir='ltr'><em>a.</em></span> <span class='ocrx_word' id='word_1_321' title='bbox 1757 2769 1926 2815; x_wconf 84' lang='lat' dir='ltr'><em>faciem</em></span> 
     </span>
     <span class='ocr_line' id='line_1_37' title="bbox 242 2828 1925 2887; baseline 0 -14"><span class='ocrx_word' id='word_1_322' title='bbox 242 2843 396 2883; x_wconf 76' lang='lat' dir='ltr'><em>meam</em></span> <span class='ocrx_word' id='word_1_323' title='bbox 427 2830 513 2882; x_wconf 78' lang='lat' dir='ltr'><em>A¹3</em></span> <span class='ocrx_word' id='word_1_324' title='bbox 544 2830 713 2875; x_wconf 85' lang='lat' dir='ltr'><em>faciem</em></span> <span class='ocrx_word' id='word_1_325' title='bbox 744 2844 897 2874; x_wconf 83' lang='lat' dir='ltr'><em>meam</em></span> <span class='ocrx_word' id='word_1_326' title='bbox 928 2830 1167 2887; x_wconf 72' lang='lat' dir='ltr'><em>A²abey.11</em></span> <span class='ocrx_word' id='word_1_327' title='bbox 1213 2836 1267 2874; x_wconf 78' lang='lat'><em>21</em></span> <span class='ocrx_word' id='word_1_328' title='bbox 1301 2829 1639 2875; x_wconf 81' lang='lat' dir='ltr'><em>nobilissimum</em></span> <span class='ocrx_word' id='word_1_329' title='bbox 1669 2829 1740 2884; x_wconf 81' lang='lat' dir='ltr'><em>R‚·</em></span> <span class='ocrx_word' id='word_1_330' title='bbox 1771 2828 1925 2874; x_wconf 86' lang='lat' dir='ltr'><em>nobile</em></span> 
     </span>
     <span class='ocr_line' id='line_1_38' title="bbox 242 2887 1463 2946; baseline 0.003 -16"><span class='ocrx_word' id='word_1_331' title='bbox 242 2901 267 2930; x_wconf 74' lang='lat'><em>2·</em></span> <span class='ocrx_word' id='word_1_332' title='bbox 292 2889 307 2943; x_wconf 76' lang='grc' dir='ltr'>Η</span> <span class='ocrx_word' id='word_1_333' title='bbox 329 2887 518 2932; x_wconf 72' lang='lat' dir='ltr'><em>instmx.</em></span> <span class='ocrx_word' id='word_1_334' title='bbox 553 2890 596 2932; x_wconf 82' lang='lat' dir='ltr'><strong><em>A</em></strong></span> <span class='ocrx_word' id='word_1_335' title='bbox 620 2890 635 2946; x_wconf 76' lang='grc' dir='ltr'><em>ΙΙ</em></span> <span class='ocrx_word' id='word_1_336' title='bbox 660 2892 714 2933; x_wconf 77' lang='lat'><em>26</em></span> <span class='ocrx_word' id='word_1_337' title='bbox 748 2889 1063 2934; x_wconf 67' lang='lat' dir='ltr'><em>idololatriam</em></span> <span class='ocrx_word' id='word_1_338' title='bbox 1094 2903 1119 2933; x_wconf 81' lang='lat' dir='ltr'><em>v</em></span> <span class='ocrx_word' id='word_1_339' title='bbox 1456 2911 1463 2917; x_wconf 84' lang='lat'><em>·</em></span> 
     </span>
    </p>
   </div>
  </div>
 </body>
</html>
