2054 3152
222 166 293 218 56
896 175 930 208 s,
954 174 1230 210 AUGUSTINI

225 290 382 340 cendo
429 290 663 340 recedere
711 303 808 337 non
856 287 1067 337 habebat
1103 290 1156 337 in
1192 295 1450 353 potestate.
1529 288 1650 338 Nam
1692 290 1821 339 sicut
1858 291 1910 339 in

224 365 316 413 hac
349 379 494 413 carne
528 365 690 412 vivere
724 363 830 411 sine
863 362 1159 412 adiumentis
1191 362 1537 411 alimentorum
1575 364 1626 411 in
1665 369 1910 428 potestate

224 453 323 486 non
364 444 460 503 est,
507 452 606 485 non
653 442 818 485 autem
863 437 912 484 in
955 451 1011 485 ea
1049 437 1212 485 vivere
1251 438 1302 485 in
1340 442 1584 500 potestate
1625 443 1723 502 est,
1779 436 1911 501 quod

226 512 412 560 faciunt
444 512 529 574 qui
562 526 614 559 se
645 511 780 574 ipsos
812 516 1013 559 necant:
1052 511 1119 558 ita
1150 509 1277 559 hene
1316 510 1480 558 vivere
1522 511 1627 558 sine
1667 510 1911 559 adiutorio

166 593 191 631 5
225 584 313 632 Dei
352 585 500 632 etiam
546 586 597 633 in
642 583 869 649 paradiso
916 599 1015 632 non
1064 591 1169 632 erat
1206 585 1257 631 in
1295 590 1564 650 potestate3
1604 590 1709 633 erat
1747 591 1912 633 autem

225 660 275 706 in
314 664 558 722 potestate
599 656 723 706 male
764 658 941 718 vivere,
983 657 1070 706 sed
1109 655 1413 706 beatitudine
1452 671 1551 705 non
1589 672 1912 722 permansura

226 739 275 780 et
327 746 486 796 poena
535 732 804 780 iustissima
856 737 1100 780 secutura.
1181 729 1303 780 Cum
1354 731 1504 795 igitur
1555 729 1704 780 huius
1758 731 1915 780 futuri

227 819 371 854 casus
395 804 597 854 humani
621 804 754 854 Deus
786 819 886 853 non
917 810 1050 853 esset
1079 806 1296 869 ignaruS,
1337 819 1427 853 cur
1458 819 1572 854 eum
1603 819 1703 853 non
1728 806 1914 853 sineret

230 879 382 928 invidi
437 877 596 943 angeli
650 877 948 942 malignitate
1005 874 1272 942 temptari?
1325 877 1460 927 nullo
1515 878 1659 927 modo
1715 877 1914 942 quidem

142 962 197 1000 10
230 952 361 1016 quod
394 953 676 1004 vinceretur
707 953 943 1017 incermS‚
984 951 1070 1000 sed
1103 950 1254 1000 nihilo
1286 953 1450 1001 minus
1488 953 1744 1016 praescius
1783 950 1915 1016 quod

229 1025 287 1074 ab
322 1027 429 1074 eius
461 1026 648 1074 semine
682 1025 847 1074 adiuto
881 1040 968 1074 sua
992 1027 1154 1089 *gratia
1185 1025 1316 1074 idem
1347 1027 1453 1090 ipse
1494 1024 1717 1074 diabolus
1756 1025 1919 1074 fuerat

232 1106 516 1148 sanctorum
567 1098 720 1163 gloria
767 1100 950 1147 maiore
998 1098 1282 1148 vincendus,
1360 1098 1432 1148 Ita
1478 1099 1662 1148 factum
1711 1105 1810 1164 est,
1862 1105 1918 1147 ut

232 1187 325 1221 nec
380 1171 537 1221 Deum
591 1171 773 1236 aliquid
836 1165 1119 1221 futurorum
1182 1171 1388 1238 lateret,
1449 1187 1540 1221 nec
1594 1171 1916 1237 praesciendo

233 1260 530 1310 quemquam
579 1261 787 1310 peccare
839 1245 1141 1310 conpelleret
1192 1252 1268 1311 et,
1320 1245 1435 1310 quid
1483 1247 1749 1294 interesset
1787 1248 1917 1294 inter

144 1327 197 1367 15
231 1321 483 1384 propriam
538 1321 778 1383 cuiusque
840 1321 1293 1384 praesumptionem
1349 1326 1398 1368 et
1451 1334 1589 1368 suam
1643 1321 1918 1384 tuitionem,

234 1392 479 1457 angelicae
530 1399 579 1441 et
623 1392 864 1442 humanae
912 1393 1138 1442 rationali
1177 1399 1431 1442 creaturae
1472 1394 1798 1457 consequenti
1837 1408 1917 1441 ex·

232 1467 475 1531 perientia
537 1466 913 1518 demonstraret.
999 1466 1119 1525 Quis
1171 1468 1304 1516 enim
1354 1465 1530 1515 audeat
1580 1466 1784 1515 credere
1836 1473 1920 1515 aut

236 1540 430 1605 dicere,
484 1546 540 1588 ut
590 1555 752 1604 neque
799 1540 1002 1604 angelus
1049 1555 1210 1604 neque
1258 1539 1404 1589 homo
1452 1541 1676 1606 caderet,
1729 1541 1781 1588 in
1831 1538 1919 1588 Dei

234 1620 478 1678 potestate
534 1628 633 1662 non
684 1611 875 1663 fuisse?
951 1613 1046 1663 Sed
1097 1614 1192 1663 hoc
1243 1629 1418 1663 eorum
1465 1615 1700 1679 potestati
1749 1612 1920 1662 maluit

144 1697 201 1736 20
235 1701 334 1735 non
383 1687 577 1735 auferre
627 1694 771 1751 atque
820 1689 909 1752 ita,
957 1694 1006 1736 et
1046 1694 1285 1751 quantum
1323 1687 1437 1736 mali
1477 1702 1650 1736 eorum
1689 1685 1919 1751 superbia

232 1767 281 1809 et
320 1767 557 1824 quantum
595 1759 713 1809 boni
752 1776 840 1809 sua
879 1763 1033 1825 gratia
1071 1761 1270 1828 valeret,
1309 1761 1584 1811 ostendere.

831 1917 1024 1973 CAPUT
1062 1918 1314 1973 XXVIII.

233 2012 309 2060 De
348 2012 593 2071 qualitate
633 2012 852 2059 duarum
891 2014 1165 2071 civitatum,
1207 2017 1445 2060 terrenae
1484 2017 1634 2071 atque
1674 2015 1920 2061 caelestis.

388 2111 635 2160 Fecerunt
665 2114 831 2176 itaque
865 2114 1087 2162 civitates
1127 2113 1247 2162 duas
1288 2127 1480 2162 amores
1520 2113 1632 2180 dim,
1672 2120 1921 2163 terrenam

75 2182 80 2187 ’
151 2196 206 2235 25
241 2186 429 2235 scilicet
482 2200 618 2234 amor
668 2187 744 2234 sui
795 2201 953 2250 usque
1001 2185 1058 2234 ad
1107 2192 1442 2250 contemptum
1492 2185 1604 2252 Dei,
1660 2187 1920 2236 caelestem

236 2275 352 2308 vero
402 2273 538 2308 amor
584 2257 673 2307 Dei
720 2274 877 2323 usque
926 2259 984 2307 ad
1034 2265 1371 2323 contemptum
1412 2261 1501 2308 sui.
1578 2259 1799 2325 Denique
1838 2260 1921 2309 illa

235 2335 287 2381 in
328 2347 380 2381 se
419 2333 548 2398 ipsa,
593 2331 714 2381 haec
767 2334 819 2380 in
858 2331 1065 2381 Domino
1105 2332 1356 2396 gloriatur.
1433 2332 1518 2381 Illa
1558 2335 1689 2382 enim
1729 2335 1922 2398 quaerit

238 2406 296 2455 ab
328 2405 610 2454 hominibus
642 2405 867 2471 gloriam3
905 2405 1022 2454 huic
1054 2413 1217 2455 autem
1248 2405 1380 2455 Deus
1413 2408 1740 2456 conscientiae
1779 2409 1921 2456 testis

241 2481 451 2529 maxima
484 2486 558 2528 est
591 2478 757 2543 gloria.
820 2478 905 2527 Illa
943 2481 994 2528 in
1034 2479 1187 2543 gloria
1225 2494 1313 2528 sua
1352 2479 1529 2529 exaltat
1569 2487 1715 2545 caput
1753 2495 1921 2546 suum3

150 2563 208 2603 30
239 2553 360 2602 haec
393 2551 513 2602 dicit
544 2551 644 2601 Deo
679 2568 790 2602 suo:
835 2553 1009 2602 Gloria
1048 2567 1158 2602 mea
1199 2559 1249 2602 et
1284 2556 1517 2603 exaltans
1557 2559 1710 2616 eaput
1747 2567 1920 2602 meum.

239 2626 313 2676 Illi
345 2628 396 2674 in
428 2625 738 2691 principibus
771 2627 877 2675 eius
909 2625 985 2674 vel
1017 2627 1067 2674 in
1100 2627 1171 2674 eis
1211 2641 1331 2690 quas
1373 2625 1601 2690 subiugat
1639 2626 1921 2675 nationibus

356 2740 432 2794 30)
464 2739 537 2781 Ps.
571 2743 611 2791 3,
645 2743 685 2782 4.

358 2904 415 2944 30
447 2899 622 2943 exaltas
653 2899 751 2942 AF
