2004 3140
540 181 606 213 DE
631 179 869 214 o1vrrA⁷rE
894 180 983 212 DEI
1007 180 1048 213 L.
1073 181 1215 214 xvm.
1240 181 1278 214 c.
1301 182 1356 215 41.
1680 171 1786 223 317

761 314 958 386 CAPU'r
998 332 1134 386 XLI.

106 443 182 492 De
222 442 686 505 philosophicarum
734 442 1021 503 opinionum
1061 443 1452 492 dissensionibus
1492 449 1542 492 et
1578 446 1786 492 canoni-

239 529 418 565 carum
457 516 598 577 apud
634 516 899 564 ecclesiam
939 518 1217 564 concordia
1256 519 1646 578 seripturarum.

252 617 316 666 Ut
356 623 520 667 autem
558 619 656 666 iam
696 619 1023 682 cognitionem
1065 620 1348 668 omittamus
1386 619 1645 686 historiae,
1695 622 1791 685 ipsi

109 691 401 758 philosophi,
441 707 467 739 a
501 691 680 755 quibus
713 692 771 740 ad
811 693 904 741 ista
943 694 1192 756 progressi
1234 708 1420 759 sumUS,
1460 696 1546 758 qui
1585 710 1684 742 non
1724 696 1789 742 vi·
1823 704 1849 743 5

108 766 288 815 dentur
334 764 581 814 laborasse
630 767 681 814 in
730 765 905 815 studiis
954 767 1055 815 suis
1068 805 1081 830 ,
1133 767 1228 815 nisi
1274 773 1330 816 ut
1374 769 1654 816 invenirent
1694 783 1790 831 quo

106 840 251 889 modo
299 839 560 888 vivendum
610 846 740 889 esset
787 839 1153 888 adcommodate
1201 839 1259 888 ad
1308 840 1662 892 beatitudinem
1715 856 1790 889 ca-

106 913 426 979 pessendam,
473 929 562 962 cur
610 913 954 962 dissenserunt
1002 920 1050 962 et
1090 929 1116 961 a
1155 916 1401 978 magistris
1451 914 1704 981 discipuli,
1745 922 1794 964 et

109 989 239 1036 inter
271 1002 323 1036 se
357 987 695 1052 condiscipuli,
735 988 831 1036 nisi
863 989 976 1051 quia
1016 994 1070 1036 ut
1108 987 1333 1037 homines
1372 988 1599 1037 humanis
1639 991 1792 1037 sensi-

110 1061 204 1110 bus
252 1068 301 1110 et
346 1060 572 1110 humanis
620 1060 1077 1110 ratiocinationibus
1123 1063 1217 1111 ista
1268 1059 1624 1126 quaesierunt?
1701 1061 1794 1111 Ubi
1829 1073 1883 1112 10

110 1136 332 1199 quamvis
379 1150 486 1184 esse
536 1136 754 1200 potuerit
792 1142 841 1184 et
879 1135 1096 1185 studium
1136 1135 1399 1202 gloriandi,
1447 1151 1544 1200 quo
1586 1135 1794 1200 quisque

112 1209 204 1258 alio
245 1210 513 1273 sapientior
550 1215 598 1257 et
630 1211 820 1257 acutior
860 1208 1015 1258 videri
1054 1210 1191 1273 cupit
1229 1225 1321 1258 nec
1362 1211 1634 1258 sententiae
1676 1225 1795 1273 quo-

110 1282 221 1332 dam
260 1283 404 1331 modo
438 1281 660 1332 addictus
697 1282 896 1348 alienae,
938 1282 1024 1331 sed
1065 1284 1143 1331 sui
1182 1283 1422 1347 dogmatis
1463 1290 1513 1332 et
1551 1285 1796 1348 opinionis

110 1358 358 1416 inventor,
406 1362 569 1404 tamen
620 1362 676 1405 ut
726 1355 989 1405 nonnullos
1040 1356 1115 1404 vel
1156 1359 1302 1406 etiam
1341 1357 1582 1422 plurimos
1624 1371 1797 1406 eorum

110 1430 262 1479 fuisse
303 1429 591 1496 concedam,
639 1445 764 1494 quos
804 1445 830 1478 a
869 1431 972 1479 suis
1020 1430 1306 1480 doctoribus
1346 1430 1422 1480 vel
1461 1429 1683 1480 discendi
1722 1445 1797 1479 so-
1834 1440 1885 1480 15

109 1505 198 1552 ciis
238 1518 373 1552 amor
427 1505 646 1552 veritatis
687 1502 965 1568 abruperit,
1014 1511 1068 1552 ut
1106 1519 1197 1568 pro
1238 1519 1295 1553 ea
1333 1512 1605 1570 certarent,
1652 1519 1798 1569 quam

112 1579 368 1627 veritatem
415 1584 668 1643 putarent,
716 1578 817 1626 sive
864 1577 945 1626 illa
997 1586 1150 1644 esset,
1198 1580 1298 1627 sive
1339 1594 1438 1627 non
1479 1586 1632 1628 esset:
1680 1577 1798 1643 quid

111 1652 209 1715 agit
264 1658 347 1700 aut
398 1667 494 1716 quo
542 1651 618 1700 vel
666 1666 783 1718 qua,
838 1659 894 1700 ut
944 1650 1003 1700 ad
1059 1650 1414 1701 beatitudinem
1467 1654 1798 1716 perveniatur,

113 1724 321 1774 humana
357 1741 408 1774 se
439 1726 650 1790 porrigit
680 1724 957 1791 infelicitaS,
998 1727 1040 1774 si
1071 1725 1232 1774 divina
1271 1742 1370 1774 non
1411 1726 1547 1775 ducit
1587 1727 1797 1775 auctori-

112 1795 222 1848 tas?
283 1798 506 1863 Denique
546 1806 774 1848 auctores
816 1801 997 1864 nostri,
1043 1801 1094 1847 in
1142 1798 1321 1863 quibus
1361 1815 1460 1848 non
1501 1799 1686 1848 frustra
1725 1814 1797 1847 sa·
1831 1808 1888 1848 20

114 1887 310 1921 crarum
356 1872 633 1921 litterarum
679 1873 847 1936 figitur
894 1880 944 1921 et
990 1874 1283 1922 terminatur
1341 1888 1527 1939 canon,
1574 1872 1700 1921 absit
1746 1879 1802 1922 ut

111 1947 241 1995 inter
289 1961 340 1995 se
390 1945 551 2010 aliqua
598 1948 786 1995 ratione
836 1945 1142 1996 dissentiant.
1220 1946 1358 1995 Unde
1407 1962 1506 1995 non
1554 1948 1801 2006 inmerit0‚

116 2034 226 2068 cum
275 2019 356 2068 illa
403 2019 701 2087 scriberent,
742 2022 813 2068 eis
853 2019 1010 2068 Deum
1049 2020 1124 2068 vel
1162 2036 1254 2085 per
1294 2035 1378 2069 eos
1416 2020 1662 2084 locutum,
1702 2035 1802 2068 non

113 2095 256 2157 pauci
295 2095 346 2142 in
394 2093 572 2142 scholis
619 2100 764 2158 atque
815 2095 1080 2158 gymnasiis
1119 2093 1346 2159 litigiosis
1386 2093 1801 2158 disputationibus

119 2165 324 2232 garruli,
373 2167 457 2215 sed
506 2170 556 2216 in
608 2169 735 2231 agris
778 2174 924 2231 atque
963 2169 1014 2216 in
1052 2166 1261 2217 urbibus
1304 2183 1417 2216 cum
1457 2167 1800 2230 doctis·atque
1836 2176 1890 2215 25

119 2240 329 2289 indoctis
370 2248 442 2290 tot
481 2243 703 2307 tantique
742 2241 912 2306 populi
952 2240 1285 2291 crediderunt.
1362 2241 1462 2305 Ipsi
1503 2256 1619 2290 sane
1658 2242 1804 2305 pauci

116 2329 226 2362 esse
266 2313 568 2381 debuerunt,
615 2329 676 2364 ne
717 2314 1032 2364 multitudine
1072 2314 1355 2380 vilesceret,
1394 2314 1525 2378 quod
1566 2314 1802 2378 religione

116 2401 285 2436 carum
318 2403 425 2436 esse
459 2395 733 2454 oporteret3
774 2403 866 2437 nec
899 2395 1063 2438 tamen
1094 2390 1161 2437 ita
1201 2391 1359 2454 pauci,
1398 2395 1454 2436 ut
1493 2403 1665 2437 eorum
1704 2402 1804 2436 non

118 2461 182 2508 sit
217 2460 437 2510 miranda
469 2463 743 2531 consensio.
820 2461 990 2526 Neque
1032 2463 1162 2510 enim
1202 2463 1254 2510 in
1293 2460 1607 2511 multitudine
1646 2460 1801 2525 philo-

119 2533 401 2601 sophorum,
444 2537 529 2599 qui
567 2533 733 2584 labore
776 2537 922 2584 etiam
960 2535 1200 2584 litterario
1241 2541 1558 2584 monumenta
1598 2548 1803 2583 suorum
1836 2542 1891 2580 30

119 2605 400 2670 dogmatum
449 2608 786 2674 reliquerunt,
841 2608 979 2657 facile
1034 2610 1144 2673 quis
1190 2610 1460 2674 invenerit,
1510 2609 1641 2656 inter
1680 2621 1805 2671 quos

121 2686 297 2728 cuncta
329 2696 452 2744 quae
486 2697 686 2731 sensere
720 2684 1033 2748 conveniant3
1067 2681 1198 2746 quod
1232 2681 1493 2731 ostendere
1525 2679 1619 2729 hoc
1654 2695 1804 2745 opere

120 2751 318 2816 longum
358 2760 445 2802 est.

271 2826 391 2883 Quis
439 2834 602 2878 autem
651 2834 813 2877 sectae
862 2827 1125 2877 cuiuslibet
1173 2834 1345 2877 auctor
1393 2829 1464 2875 sic
1511 2832 1587 2876 est
1624 2828 1675 2875 in
1714 2825 1805 2875 hac

123 2895 455 2949 daemonicola
501 2902 694 2951 civitate
741 2900 1062 2966 adprobatUS,
1112 2907 1168 2950 ut
1217 2902 1371 2950 ceteri
1410 2899 1808 2965 inprobarentur,
