2054 3152
149 947 202 986 10

147 1314 199 1353 15

143 1681 198 1722 20

141 2108 197 2147 25

138 2533 195 2572 30

244 151 350 203 120
914 161 947 194 s,
972 160 1248 195 Auousrrm

240 277 454 324 moniam
507 276 817 340 praeparavit
870 281 919 323 et
967 271 1221 324 condidit?
1284 274 1411 333 Quid
1459 282 1535 324 est
1581 281 1771 340 autem,
1827 289 1925 338 quo

239 351 372 399 vesci
411 364 508 397 non
550 354 750 413 cogeret
790 345 980 398 fames?
1020 355 1104 397 aut
1143 348 1259 412 quid
1298 363 1399 398 non
1439 363 1584 398 suave
1625 363 1680 397 ac
1728 347 1925 397 salubre

240 423 401 472 facere
440 429 609 486 posset
648 421 801 488 Deus,
842 423 926 486 qui
965 424 1134 487 etiam,
1180 428 1236 471 ut
1275 423 1395 471 sine-
1421 422 1529 471 cibo
1569 424 1812 487 viverent,
1852 421 1924 470 di·

238 499 348 545 vina
388 495 618 544 facilitate
659 495 886 561 donaret,
940 497 1036 544 nisi
1074 502 1130 545 ut
1167 502 1492 560 pascerentur
1531 497 1678 545 etiam
1716 495 1811 544 hoc
1850 497 1923 543 in-

237 569 444 635 plendae
484 569 668 634 figurae
709 571 834 618 tanti
873 570 1095 634 mysterii
1135 566 1457 618 conveniret?
1510 569 1620 618 Non
1659 575 1824 618 autem
1863 568 1923 617 ad

236 643 660 708 praefigurandam
702 642 960 692 ecclesiam
999 645 1250 707 pertinere
1290 650 1390 691 tam
1428 642 1716 707 multiplicia
1754 657 1924 691 rerum

237 719 375 781 signa
413 723 677 783 gestarum,
716 717 812 765 nisi
850 717 1002 765 fuerit
1040 718 1394 782 contentios11S‚
1432 731 1577 765 nemo
1616 717 1925 781 permittitur

236 792 440 855 opinari.
539 790 640 839 Iam
702 791 833 838 enim
903 796 1075 854 gentes
1144 791 1211 838 ita
1272 789 1530 838 ecclesiam
1591 788 1927 855 repleverunt,

237 863 505 928 mundique
554 872 604 913 et
649 863 896 928 inmundi,
945 863 1101 912 donec
1149 870 1342 912 certum
1391 865 1614 912 veniatur
1660 862 1719 911 ad
1759 863 1926 929 finem,

234 939 300 986 ita
348 939 484 986 eius.
508 938 712 986 unitatis
769 936 976 1001 quadam
1025 938 1310 1001 compagine
1363 938 1707 1001 continentur,
1763 943 1818 985 ut
1864 951 1923 984 ex

235 1010 327 1059 hoc
368 1025 466 1059 uno
498 1011 907 1071 ‘manifestissimo
955 1012 1104 1059 etiam
1143 1009 1204 1059 de
1248 1012 1450 1076 ceteriS,
1498 1024 1622 1074 quae
1662 1008 1927 1058 obscurius

234 1083 483 1148 aliquanto
524 1083 651 1133 dicta
685 1091 802 1133 sunt
841 1091 890 1132 et
928 1083 1176 1132 difficilius
1215 1086 1414 1148 agnosci
1453 1090 1656 1149 queunt,
1696 1082 1922 1132 dubitare

234 1158 306 1206 sas
353 1172 452 1206 non
500 1159 577 1207 sit.
655 1157 789 1215 Quae
840 1172 952 1207 cum
1000 1159 1067 1206 ita
1115 1159 1234 1223 sint,
1284 1156 1372 1220 [si]
1426 1172 1517 1206 nec
1565 1158 1779 1206 inaniter
1826 1158 1920 1205 ista

234 1246 342 1280 esse
392 1233 671 1295 conscripta
724 1238 900 1296 putare
941 1232 1202 1295 quisquam
1241 1230 1317 1279 vel
1355 1231 1512 1280 durus
1551 1229 1775 1297 audebit,
1827 1245 1922 1278 nec

233 1303 355 1353 nihil
387 1304 662 1369 significare
697 1319 810 1353 cnm
849 1311 986 1370 gesta
1025 1306 1138 1370 sint,
1180 1319 1272 1353 nec
1313 1304 1413 1353 sola
1453 1304 1583 1353 dicta
1621 1318 1731 1352 esse
1772 1305 1921 1367 signi-

231 1378 422 1427 ficativa
460 1393 558 1426 non
599 1378 740 1444 facta,
778 1393 871 1426 nec
910 1377 1066 1426 aliena
1106 1393 1214 1427 esse
1255 1377 1314 1426 ab
1355 1377 1563 1427 ecclesia
1602 1377 1920 1442 significanda

231 1450 553 1516 probabiliter
592 1451 690 1500 dici
739 1457 924 1518 potest3
979 1451 1065 1500 sed
1106 1453 1259 1516 magis
1299 1451 1602 1500 credendum
1642 1457 1718 1499 est
1757 1456 1807 1500 et
1846 1465 1920 1499 sa·

230 1527 424 1590 pienter
464 1539 573 1573 esse
612 1526 876 1574 memoriae
916 1524 1194 1589 litterisque
1234 1525 1480 1586 mandata,
1531 1531 1581 1573 et
1619 1530 1756 1589 gesta
1797 1539 1924 1583 esse,

233 1599 598 1663 et‘significare
637 1598 847 1664 aliquid,
887 1605 936 1647 et
973 1599 1138 1663 ipsum
1176 1598 1358 1663 aliquid
1398 1598 1456 1647 ad
1495 1597 1923 1663 praefigurandam

232 1671 490 1721 ecclesiam
539 1674 805 1736 pertinere.
882 1671 983 1720 Iam
1032 1686 1191 1736 usque
1239 1672 1296 1721 ad
1337 1671 1470 1721 hunc
1510 1670 1771 1720 articulum
1810 1686 1922 1736 per-

231 1745 410 1795 ductus
456 1744 581 1794 liber
627 1747 721 1795 iste
773 1745 1075 1795 claudendus
1127 1752 1229 1812 est,
1276 1753 1332 1795 ut
1371 1745 1626 1795 ambarum
1665 1745 1919 1793 civitatum

231 1834 408 1868 cursus
421 1859 435 1885 ,
482 1825 710 1868 terrenae
760 1819 947 1868 scilicet
995 1819 1268 1868 secundum
1318 1819 1567 1868 hominem
1616 1820 1823 1867 viventis
1871 1824 1924 1867 et

231 1893 456 1942 caelestis
508 1893 782 1942 secundum
822 1892 1005 1959 Deum,
1059 1900 1172 1957 post
1223 1893 1459 1942 diluvium
1507 1899 1557 1942 et
1596 1891 1830 1956 deinceps
1868 1892 1921 1940 in

230 1966 380 2015 rebus
420 1966 840 2030 consequentibus
880 1968 1178 2030 requiratur.

823 2210 1102 2264 LIBER
1147 2211 1320 2264 XVI.

933 2356 1126 2411 CAPUT
1167 2357 1208 2410 I.

291 2450 369 2498 Αη
397 2454 518 2513 post
557 2451 797 2498 diluvium
837 2465 869 2498 a
909 2451 1015 2500 Noe
1053 2466 1209 2512 usque
1249 2452 1320 2500 aa
1355 2451 1616 2499 Abraham
1655 2452 1861 2511 aliquae

367 2522 598 2583 familiae
628 2525 904 2572 secundum
937 2524 1097 2572 Deum
1130 2527 1396 2574 viventium
1428 2525 1770 2586 reperiantur.

381 2609 501 2659 Post
547 2610 782 2659 diluvium
830 2613 1172 2675 procurrentis
1220 2618 1417 2661 sanctae
1465 2605 1667 2675 vestigia
1707 2611 1921 2659 civitatis

227 2691 394 2733 utrum
436 2685 720 2733 continuata
773 2685 871 2733 sint
918 2699 978 2732 an
1023 2684 1473 2733 intercurrentibus
1521 2685 1785 2748 impietatis
1839 2684 1915 2731 in·

349 2831 370 2869 1
403 2824 666 2870 recondidit
694 2839 720 2868 v
744 2826 759 2881 ss
784 2838 874 2880 quo
916 2825 1008 2878 Vv‚·
1047 2825 1174 2881 quod
1205 2825 1350 2868 RAF
1379 2826 1429 2880 (l.
1463 2829 1530 2870 22
1564 2839 1599 2869 c.
1632 2829 1694 2869 12
1728 2837 1918 2868 vescen-

225 2884 285 2927 tis
316 2885 520 2928 humana
549 2884 744 2939 viscera.)
769 2885 783 2939 ss
810 2889 862 2926 12
896 2859 1100 2927 dubitari
1129 2897 1155 2928 v
1179 2885 1195 2939 ss
1219 2889 1273 2928 13
1307 2883 1346 2927 si
1376 2884 1459 2928 dez.
1493 2884 1558 2927 ed.
1594 2883 1705 2927 Par.
