2054 3152
577 131 644 162 DE
669 130 917 164 CIVITATE
940 130 1030 163 DEI
1052 130 1094 162 L.
1119 130 1222 163 XVI.
1247 129 1284 162 C.
1310 131 1362 163 18.
1713 119 1815 170 147

784 325 977 380 CAPUT
1015 327 1163 380 XIII.

222 437 362 496 Quae
401 436 536 483 ratio
570 434 758 497 secisse
799 437 1051 496 videatur,
1091 441 1147 483 ut
1187 437 1237 483 in
1280 436 1727 495 transmioirate'one

309 508 530 570 TIzarae,
570 524 671 570 qua
719 510 999 558 Chaldaeos
1041 511 1277 558 deserens
1318 510 1369 556 -ἰη
1410 509 1636 570 Mesopo-

389 585 593 632 lamiam
634 586 851 643 transiit,
891 586 1032 631 nulla
1067 585 1167 642 filii
1205 583 1311 631 eius
1353 583 1556 631 Nachor

725 655 872 718 facta
912 659 978 705 sit
1014 659 1210 705 mentio.
1847 668 1872 707 5

273 759 458 810 Deinde
506 766 736 808 narratur
786 775 934 823 quem
988 760 1046 808 ad
1094 760 1296 809 modum
1336 759 1496 807 Thara
1546 774 1660 807 eum
1712 760 1815 807 suis

126 836 380 900 regionem
426 833 684 898 reliquerit
723 832 1077 883 Chaldaeorum
1125 841 1175 883 et
1222 835 1414 883 venerit
1451 835 1502 881 in
1541 832 1814 896 Mesopota-

128 911 277 958 miam
324 916 372 957 et
417 907 711 956 habitaverit
756 910 807 956 in
860 907 1057 958 Charra.
1135 909 1349 957 Taeetur
1396 915 1560 955 autem
1607 906 1666 955 de
1715 922 1815 955 uuo

126 986 235 1032 eius
268 982 382 1048 filio,
422 983 506 1045 qui
536 980 802 1031 vocabatur
834 981 1043 1048 Naehm‘,
1083 990 1331 1047 tamquam
1371 996 1486 1029 eum
1525 996 1624 1029 non
1664 981 1813 1029 duxe-

126 1058 194 1105 rit
232 1071 415 1105 seeum.
491 1054 614 1104 Nam
651 1057 719 1104 ita
757 1062 1008 1105 narratur:
1056 1057 1123 1105 Et
1159 1059 1368 1119 sumpsit
1412 1055 1582 1104 Thara
1621 1056 1814 1104 Abram
1849 1068 1903 1106 10

119 1133 281 1189 filium
326 1143 472 1178 suum
525 1135 574 1178 et
618 1129 746 1179 Loth
789 1133 951 1188 silium
999 1132 1200 1192 Arran,
1256 1132 1419 1190 filium
1465 1132 1565 1189 sila·
1601 1132 1710 1189 sui,
1767 1137 1815 1178 et

126 1204 311 1253 Saram
357 1217 542 1252 nurum
589 1218 732 1252 suam
779 1218 993 1253 uxorem
1031 1206 1225 1254 Abram
1259 1206 1359 1263 filii
1395 1206 1496 1264 sui,
1547 1209 1596 1251 et
1635 1205 1814 1252 eduxit

126 1280 232 1327 illos
281 1279 343 1327 de
388 1279 596 1338 reqione
649 1277 1021 1334 Chaldaeorum
1069 1281 1146 1328 ire
1192 1282 1244 1328 in
1292 1284 1484 1326 terram
1537 1277 1814 1335 Clzanaan;

125 1359 174 1400 et
206 1354 339 1400 venit
371 1354 422 1400 in
461 1351 700 1400 Clzarran
732 1358 780 1400 et
810 1353 1061 1401 habitavit
1091 1354 1174 1402 ibi.
1251 1352 1507 1415 Nusquam
1539 1352 1618 1399 hie
1658 1353 1812 1399 nomi—

126 1432 270 1474 natus
322 1431 398 1474 est
434 1424 629 1473 Naehor
685 1433 736 1474 et
782 1440 908 1474 uxor
956 1428 1062 1475 eius
1109 1426 1311 1475 Meleha.
1390 1425 1487 1474 Sed
1523 1427 1813 1484 ‚invenimus
1850 1436 1900 1476 15

125 1507 317 1564 postea,
356 1513 470 1548 eum
509 1513 705 1547 servum
746 1514 892 1548 suum
931 1501 1151 1549 mitteret
1189 1499 1433 1550 Abraham
1472 1499 1532 1547 ad
1571 1501 1812 1563 aecipien-

126 1573 234 1621 dam
290 1587 495 1621 uxorem
549 1572 648 1621 filio
706 1588 796 1622 suo
851 1572 1007 1640 isaiae,
1062 1576 1130 1624 ita
1184 1576 1448 1638 seriptum:
1502 1574 1569 1622 Et
1614 1576 1815 1635 accepit

120 1662 253 1708 puer
293 1649 464 1696 decem
512 1650 726 1696 camelos
779 1649 841 1696 de
880 1651 1084 1697 camelis
1124 1651 1316 1698 domini
1351 1650 1433 1696 sui
1471 1654 1519 1696 et
1557 1650 1619 1696 de
1658 1650 1811 1696 omni-

128 1723 217 1768 bus
258 1721 398 1769 bonis
450 1722 638 1768 domini
675 1723 758 1769 sui
794 1735 984 1782 secam,
1033 1728 1082 1771 et
1119 1737 1402 1783 exsurqens
1437 1721 1701 1783 profectas
1741 1728 1815 1770 est

132 1797 181 1842 ῐη
218 1794 631 1855 Mesopotamiam
679 1797 730 1842 in
770 1797 1022 1844 civitatem
1066 1797 1287 1845 Nachor.
1364 1794 1464 1843 Isto
1506 1803 1555 1844 et
1593 1795 1699 1843 aliis
1740 1810 1811 1843 sa·
1847 1807 1902 1846 ‘20

128 1882 238 1915 crae
286 1867 434 1916 huius
489 1867 724 1915 historiae
777 1870 1072 1917 testimoniis
1113 1869 1393 1918 ostenditur
1433 1870 1580 1916 etiam
1618 1868 1813 1916 Naehor

127 1941 278 1989 frater
332 1940 552 1989 Abrahae
600 1943 758 1989 exisse
807 1941 866 1990 de
918 1944 1118 2006 regione
1167 1942 1522 1992 Chaldaeorum
1570 1941 1812 2006 sedesque

127 2016 442 2064 constituisse
467 2016 518 2062 in
542 2014 906 2081 Mesopotamia,
945 2016 1030 2065 ubi
1063 2032 1177 2066 cum
1216 2024 1354 2082 patre
1388 2031 1478 2064 suo
1511 2015 1814 2087 habitaverat

126 2088 383 2137 Abraham.
468 2087 568 2136 Cur
615 2103 732 2153 ergo
789 2104 903 2138 eum
957 2092 1205 2155 scriptura
1251 2106 1351 2139 non
1398 2092 1833 2156 commemoravit„

128 2163 319 2226 quando
368 2177 428 2210 ex
475 2169 619 2226 gente
662 2161 900 2212 Chaldaea
947 2179 1060 2213 cum
1100 2167 1203 2214 suis
1242 2165 1497 2230 profectus
1538 2171 1613 2212 est
1652 2163 1811 2212 Thara
1844 2175 1899 2214 25

128 2244 178 2284 et
231 2235 465 2284 habitavit
519 2237 570 2284 in
623 2235 995 2303 Mesopotamia3
1061 2238 1147 2287 ubi
1200 2254 1300 2287 non
1354 2238 1514 2287 solum
1568 2237 1812 2286 Abraham

126 2309 254 2358 filius
294 2312 422 2375 eius',
471 2324 644 2358 verum
683 2312 830 2359 etiam
871 2310 1018 2360 Sarra
1057 2328 1214 2362 nurus
1254 2320 1304 2362 et
1342 2311 1469 2362 Loth
1509 2326 1663 2376 nepos
1704 2315 1810 2360 eius

128 2389 588 2449 commemorantur,
629 2384 760 2448 quod
801 2400 885 2432 eos
926 2385 1121 2434 duxerit
1160 2383 1366 2435 seeum?
1413 2385 1526 2452 Cur,
1565 2392 1812 2451 putamUS,

129 2458 222 2505 nisi
269 2457 394 2506 sorte
443 2457 573 2521 quod
621 2473 647 2505 a
693 2465 896 2522 paterna
943 2467 992 2508 et
1046 2460 1262 2508 fraterna
1309 2461 1491 2525 pietate
1539 2459 1812 2508 desciverat

128 2538 176 2578 et
231 2532 570 2594 superstitioni
625 2531 913 2580 adhaeserat
963 2532 1319 2582 Chaldaeorum
1371 2541 1421 2582 et
1469 2540 1641 2597 postea
1694 2532 1807 2580 inde
1842 2544 1898 2582 30

129 2604 227 2652 sive
259 2604 553 2668 paenitendo
587 2606 687 2653 sive
718 2608 1114 2670 persecutionem
1146 2622 1337 2674 passus,
1377 2607 1508 2671 quod
1549 2613 1808 2671 suspectus

250 2732 321 2784 14)
354 2729 466 2775 Gen.
502 2737 571 2788 11,
603 2737 671 2776 31.
737 2734 809 2789 20)
843 2732 955 2778 Gen.
989 2739 1060 2789 24,
1095 2738 1163 2777 10.

247 2868 302 2906 14
334 2863 529 2907 charran
561 2865 756 2921 (carran)
798 2865 909 2920 VR·
950 2865 1171 2911 Chartam
1202 2882 1228 2912 v
1252 2869 1267 2923 ΙΙ
1288 2866 1556 2911 nominatur
1585 2865 1631 2909 R

1365 2941 1454 2984 10*
