<?xml version="1.0" encoding="UTF-8"?>
<!DOCTYPE html PUBLIC "-//W3C//DTD XHTML 1.0 Transitional//EN"
    "http://www.w3.org/TR/xhtml1/DTD/xhtml1-transitional.dtd">
<html xmlns="http://www.w3.org/1999/xhtml" xml:lang="en" lang="en">
 <head>
  <title>
</title>
<meta http-equiv="Content-Type" content="text/html;charset=utf-8" />
  <meta name='ocr-system' content='tesseract 3.04.00' />
  <meta name='ocr-capabilities' content='ocr_page ocr_carea ocr_par ocr_line ocrx_word'/>
</head>
<body>
  <div class='ocr_page' id='page_1' title='image "./decivitatedeilib02auguuoft_0283.png"; bbox 0 0 2004 3140; ppageno 0'>
   <div class='ocr_carea' id='block_1_1' title="bbox 517 133 1764 185">
    <p class='ocr_par' dir='ltr' id='par_1_1' title="bbox 517 133 1764 185">
     <span class='ocr_line' id='line_1_1' title="bbox 517 133 1764 185; baseline 0.001 -7"><span class='ocrx_word' id='word_1_1' title='bbox 517 146 583 178; x_wconf 79' lang='lat' dir='ltr'>DE</span> <span class='ocrx_word' id='word_1_2' title='bbox 607 144 848 178; x_wconf 70' lang='lat' dir='ltr'>mvn-A&#39;rn</span> <span class='ocrx_word' id='word_1_3' title='bbox 870 144 959 177; x_wconf 82' lang='lat' dir='ltr'>DEI</span> <span class='ocrx_word' id='word_1_4' title='bbox 980 145 1023 178; x_wconf 80' lang='lat' dir='ltr'>L.</span> <span class='ocrx_word' id='word_1_5' title='bbox 1050 145 1196 179; x_wconf 81' lang='lat' dir='ltr'>xvm.</span> <span class='ocrx_word' id='word_1_6' title='bbox 1223 144 1260 178; x_wconf 87' lang='lat' dir='ltr'>c.</span> <span class='ocrx_word' id='word_1_7' title='bbox 1286 147 1339 179; x_wconf 85' lang='lat'>18.</span> <span class='ocrx_word' id='word_1_8' title='bbox 1654 133 1764 185; x_wconf 73' lang='grc'>279</span> 
     </span>
    </p>
   </div>
   <div class='ocr_carea' id='block_1_2' title="bbox 71 255 1859 2462">
    <p class='ocr_par' dir='ltr' id='par_1_2' title="bbox 71 255 1822 692">
     <span class='ocr_line' id='line_1_2' title="bbox 72 255 1759 324; baseline -0.001 -16"><span class='ocrx_word' id='word_1_9' title='bbox 72 262 140 310; x_wconf 83' lang='lat' dir='ltr'>ita</span> <span class='ocrx_word' id='word_1_10' title='bbox 172 267 226 310; x_wconf 90' lang='lat' dir='ltr'>ut</span> <span class='ocrx_word' id='word_1_11' title='bbox 258 273 463 324; x_wconf 87' lang='lat' dir='ltr'>corpora</span> <span class='ocrx_word' id='word_1_12' title='bbox 498 259 604 322; x_wconf 88' lang='lat' dir='ltr'>ipsa</span> <span class='ocrx_word' id='word_1_13' title='bbox 644 257 901 306; x_wconf 90' lang='lat' dir='ltr'>hominum</span> <span class='ocrx_word' id='word_1_14' title='bbox 940 255 1119 307; x_wconf 88' lang='lat' dir='ltr'>alicubi</span> <span class='ocrx_word' id='word_1_15' title='bbox 1157 258 1362 324; x_wconf 86' lang='lat' dir='ltr'>iaceant,</span> <span class='ocrx_word' id='word_1_16' title='bbox 1403 258 1613 307; x_wconf 84' lang='lat' dir='ltr'>viventia</span> <span class='ocrx_word' id='word_1_17' title='bbox 1654 261 1759 322; x_wconf 88' lang='lat' dir='ltr'>qui-</span> 
     </span>
     <span class='ocr_line' id='line_1_3' title="bbox 74 331 1760 401; baseline -0.002 -18"><span class='ocrx_word' id='word_1_18' title='bbox 74 333 209 401; x_wconf 90' lang='lat' dir='ltr'>dem,</span> <span class='ocrx_word' id='word_1_19' title='bbox 257 332 343 382; x_wconf 91' lang='lat' dir='ltr'>sed</span> <span class='ocrx_word' id='word_1_20' title='bbox 388 331 542 381; x_wconf 78' lang='lat' dir='ltr'>multo</span> <span class='ocrx_word' id='word_1_21' title='bbox 590 332 785 396; x_wconf 84' lang='lat' dir='ltr'>gravius</span> <span class='ocrx_word' id='word_1_22' title='bbox 833 337 979 396; x_wconf 92' lang='lat' dir='ltr'>atque</span> <span class='ocrx_word' id='word_1_23' title='bbox 1022 331 1360 381; x_wconf 87' lang='lat' dir='ltr'>vehementius</span> <span class='ocrx_word' id='word_1_24' title='bbox 1400 347 1546 396; x_wconf 90' lang='lat' dir='ltr'>quam</span> <span class='ocrx_word' id='word_1_25' title='bbox 1587 346 1760 381; x_wconf 90' lang='lat' dir='ltr'>somno</span> 
     </span>
     <span class='ocr_line' id='line_1_4' title="bbox 74 404 1759 471; baseline -0.001 -15"><span class='ocrx_word' id='word_1_26' title='bbox 74 410 179 456; x_wconf 91' lang='lat' dir='ltr'>suis</span> <span class='ocrx_word' id='word_1_27' title='bbox 227 405 454 456; x_wconf 84' lang='lat' dir='ltr'>sensibus</span> <span class='ocrx_word' id='word_1_28' title='bbox 502 405 764 471; x_wconf 79' lang='lat' dir='ltr'>obseratis3</span> <span class='ocrx_word' id='word_1_29' title='bbox 818 404 1180 470; x_wconf 86' lang='lat' dir='ltr'>phantasticum</span> <span class='ocrx_word' id='word_1_30' title='bbox 1227 412 1394 456; x_wconf 87' lang='lat' dir='ltr'>autem</span> <span class='ocrx_word' id='word_1_31' title='bbox 1439 405 1560 455; x_wconf 94' lang='lat' dir='ltr'>illud</span> <span class='ocrx_word' id='word_1_32' title='bbox 1608 405 1759 455; x_wconf 89' lang='lat' dir='ltr'>veluti</span> 
     </span>
     <span class='ocr_line' id='line_1_5' title="bbox 72 479 1761 546; baseline -0.001 -16"><span class='ocrx_word' id='word_1_33' title='bbox 72 486 388 546; x_wconf 86' lang='lat' dir='ltr'>corporatum</span> <span class='ocrx_word' id='word_1_34' title='bbox 434 481 485 528; x_wconf 89' lang='lat' dir='ltr'>in</span> <span class='ocrx_word' id='word_1_35' title='bbox 532 479 739 528; x_wconf 89' lang='lat' dir='ltr'>alicuius</span> <span class='ocrx_word' id='word_1_36' title='bbox 788 479 1008 528; x_wconf 87' lang='lat' dir='ltr'>animalis</span> <span class='ocrx_word' id='word_1_37' title='bbox 1059 479 1219 543; x_wconf 84' lang='lat' dir='ltr'>effigie</span> <span class='ocrx_word' id='word_1_38' title='bbox 1260 487 1492 544; x_wconf 83' lang='lat' dir='ltr'><strong>appareat</strong></span> <span class='ocrx_word' id='word_1_39' title='bbox 1532 479 1761 529; x_wconf 84' lang='lat' dir='ltr'>sensibus</span> 
     </span>
     <span class='ocr_line' id='line_1_6' title="bbox 73 552 1822 618; baseline -0.001 -15"><span class='ocrx_word' id='word_1_40' title='bbox 73 554 244 603; x_wconf 87' lang='lat' dir='ltr'>alienis</span> <span class='ocrx_word' id='word_1_41' title='bbox 282 554 492 618; x_wconf 90' lang='lat' dir='ltr'>talisque</span> <span class='ocrx_word' id='word_1_42' title='bbox 533 555 679 602; x_wconf 84' lang='lat' dir='ltr'>etiam</span> <span class='ocrx_word' id='word_1_43' title='bbox 719 552 814 602; x_wconf 91' lang='lat' dir='ltr'>sibi</span> <span class='ocrx_word' id='word_1_44' title='bbox 853 568 961 602; x_wconf 93' lang='lat' dir='ltr'>esse</span> <span class='ocrx_word' id='word_1_45' title='bbox 1002 553 1148 601; x_wconf 89' lang='lat' dir='ltr'>homo</span> <span class='ocrx_word' id='word_1_46' title='bbox 1189 553 1432 618; x_wconf 87' lang='lat' dir='ltr'>videatur,</span> <span class='ocrx_word' id='word_1_47' title='bbox 1483 555 1611 603; x_wconf 88' lang='lat' dir='ltr'>sicut</span> <span class='ocrx_word' id='word_1_48' title='bbox 1652 553 1760 606; x_wconf 80' lang='lat' dir='ltr'>talis</span> <span class='ocrx_word' id='word_1_49' title='bbox 1796 563 1822 602; x_wconf 89' lang='lat'>5</span> 
     </span>
     <span class='ocr_line' id='line_1_7' title="bbox 71 627 1760 692; baseline 0 -16"><span class='ocrx_word' id='word_1_50' title='bbox 71 627 168 677; x_wconf 86' lang='lat' dir='ltr'>sibi</span> <span class='ocrx_word' id='word_1_51' title='bbox 198 627 354 676; x_wconf 89' lang='lat' dir='ltr'>videri</span> <span class='ocrx_word' id='word_1_52' title='bbox 386 635 554 692; x_wconf 87' lang='lat' dir='ltr'>posset</span> <span class='ocrx_word' id='word_1_53' title='bbox 586 629 636 675; x_wconf 90' lang='lat' dir='ltr'>in</span> <span class='ocrx_word' id='word_1_54' title='bbox 670 629 869 692; x_wconf 79' lang='lat' dir='ltr'>somniS,</span> <span class='ocrx_word' id='word_1_55' title='bbox 909 633 958 675; x_wconf 92' lang='lat' dir='ltr'>et</span> <span class='ocrx_word' id='word_1_56' title='bbox 990 634 1188 691; x_wconf 85' lang='lat' dir='ltr'>portare</span> <span class='ocrx_word' id='word_1_57' title='bbox 1230 642 1401 692; x_wconf 82' lang='lat' dir='ltr'>onera;</span> <span class='ocrx_word' id='word_1_58' title='bbox 1443 642 1566 691; x_wconf 88' lang='lat' dir='ltr'>quae</span> <span class='ocrx_word' id='word_1_59' title='bbox 1608 642 1760 676; x_wconf 85' lang='lat' dir='ltr'>onera</span> 
     </span>
    </p>

    <p class='ocr_par' dir='ltr' id='par_1_3' title="bbox 73 700 1859 2167">
     <span class='ocr_line' id='line_1_8' title="bbox 73 700 1764 767; baseline 0 -17"><span class='ocrx_word' id='word_1_60' title='bbox 73 703 116 750; x_wconf 89' lang='lat' dir='ltr'>si</span> <span class='ocrx_word' id='word_1_61' title='bbox 154 716 269 750; x_wconf 87' lang='lat' dir='ltr'>vera</span> <span class='ocrx_word' id='word_1_62' title='bbox 309 708 426 750; x_wconf 85' lang='lat' dir='ltr'>sunt</span> <span class='ocrx_word' id='word_1_63' title='bbox 465 716 696 767; x_wconf 87' lang='lat' dir='ltr'>corpora,</span> <span class='ocrx_word' id='word_1_64' title='bbox 735 707 996 765; x_wconf 87' lang='lat' dir='ltr'>portantur</span> <span class='ocrx_word' id='word_1_65' title='bbox 1036 716 1062 750; x_wconf 91' lang='lat' dir='ltr'>a</span> <span class='ocrx_word' id='word_1_66' title='bbox 1101 700 1439 767; x_wconf 82' lang='lat' dir='ltr'>daemonibuS,</span> <span class='ocrx_word' id='word_1_67' title='bbox 1480 708 1535 750; x_wconf 90' lang='lat' dir='ltr'>ut</span> <span class='ocrx_word' id='word_1_68' title='bbox 1573 701 1764 750; x_wconf 87' lang='lat' dir='ltr'>inluda-</span> 
     </span>
     <span class='ocr_line' id='line_1_9' title="bbox 73 774 1766 841; baseline -0.001 -17"><span class='ocrx_word' id='word_1_69' title='bbox 73 783 156 824; x_wconf 90' lang='lat' dir='ltr'>tur</span> <span class='ocrx_word' id='word_1_70' title='bbox 202 774 506 835; x_wconf 82' lang='lat' dir='ltr'>hominibuS,</span> <span class='ocrx_word' id='word_1_71' title='bbox 557 777 737 840; x_wconf 87' lang='lat' dir='ltr'>partim</span> <span class='ocrx_word' id='word_1_72' title='bbox 782 790 897 823; x_wconf 85' lang='lat' dir='ltr'>vera</span> <span class='ocrx_word' id='word_1_73' title='bbox 946 790 1154 826; x_wconf 85' lang='lat' dir='ltr'>onerum</span> <span class='ocrx_word' id='word_1_74' title='bbox 1194 790 1428 841; x_wconf 84' lang='lat' dir='ltr'>corpora,</span> <span class='ocrx_word' id='word_1_75' title='bbox 1475 776 1654 839; x_wconf 87' lang='lat' dir='ltr'>partim</span> <span class='ocrx_word' id='word_1_76' title='bbox 1694 777 1766 823; x_wconf 92' lang='lat' dir='ltr'>iu-</span> 
     </span>
     <span class='ocr_line' id='line_1_10' title="bbox 75 847 1766 913; baseline -0.001 -15"><span class='ocrx_word' id='word_1_77' title='bbox 75 856 357 898; x_wconf 83' lang='lat' dir='ltr'><strong>mentorum</strong></span> <span class='ocrx_word' id='word_1_78' title='bbox 404 848 522 897; x_wconf 85' lang='lat' dir='ltr'>salsa</span> <span class='ocrx_word' id='word_1_79' title='bbox 570 847 902 898; x_wconf 75' lang='lat' dir='ltr'>cernentibus</span> <span class='ocrx_word' id='word_1_80' title='bbox 981 848 1102 897; x_wconf 86' lang='lat' dir='ltr'>Nam</span> <span class='ocrx_word' id='word_1_81' title='bbox 1142 849 1340 913; x_wconf 87' lang='lat' dir='ltr'>quidam</span> <span class='ocrx_word' id='word_1_82' title='bbox 1380 851 1578 897; x_wconf 89' lang='lat' dir='ltr'>nomine</span> <span class='ocrx_word' id='word_1_83' title='bbox 1618 848 1766 897; x_wconf 88' lang='lat' dir='ltr'>Prae—</span> 
     </span>
     <span class='ocr_line' id='line_1_11' title="bbox 75 922 1854 989; baseline 0.001 -18"><span class='ocrx_word' id='word_1_84' title='bbox 75 925 286 972; x_wconf 87' lang='lat' dir='ltr'>stantius</span> <span class='ocrx_word' id='word_1_85' title='bbox 325 925 454 988; x_wconf 89' lang='lat' dir='ltr'>patri</span> <span class='ocrx_word' id='word_1_86' title='bbox 501 938 590 972; x_wconf 91' lang='lat' dir='ltr'>suo</span> <span class='ocrx_word' id='word_1_87' title='bbox 643 924 907 986; x_wconf 82' lang='lat' dir='ltr'>contigisse</span> <span class='ocrx_word' id='word_1_88' title='bbox 947 922 1216 989; x_wconf 87' lang='lat' dir='ltr'>indicabat,</span> <span class='ocrx_word' id='word_1_89' title='bbox 1265 930 1319 971; x_wconf 89' lang='lat' dir='ltr'>ut</span> <span class='ocrx_word' id='word_1_90' title='bbox 1358 938 1604 972; x_wconf 89' lang='lat' dir='ltr'>venenum</span> <span class='ocrx_word' id='word_1_91' title='bbox 1642 922 1763 972; x_wconf 89' lang='lat' dir='ltr'>illud</span> <span class='ocrx_word' id='word_1_92' title='bbox 1799 933 1854 972; x_wconf 88' lang='grc'>10</span> 
     </span>
     <span class='ocr_line' id='line_1_12' title="bbox 76 996 1766 1061; baseline -0.001 -15"><span class='ocrx_word' id='word_1_93' title='bbox 76 1012 167 1061; x_wconf 90' lang='lat' dir='ltr'>per</span> <span class='ocrx_word' id='word_1_94' title='bbox 206 1011 404 1046; x_wconf 88' lang='lat' dir='ltr'>caseum</span> <span class='ocrx_word' id='word_1_95' title='bbox 444 998 495 1045; x_wconf 91' lang='lat' dir='ltr'>in</span> <span class='ocrx_word' id='word_1_96' title='bbox 535 996 679 1045; x_wconf 88' lang='lat' dir='ltr'>domo</span> <span class='ocrx_word' id='word_1_97' title='bbox 721 1011 809 1045; x_wconf 89' lang='lat' dir='ltr'>sua</span> <span class='ocrx_word' id='word_1_98' title='bbox 847 1004 1067 1045; x_wconf 80' lang='lat' dir='ltr'>sumeret</span> <span class='ocrx_word' id='word_1_99' title='bbox 1105 1003 1155 1045; x_wconf 94' lang='lat' dir='ltr'>et</span> <span class='ocrx_word' id='word_1_100' title='bbox 1194 999 1378 1045; x_wconf 80' lang='lat' dir='ltr'>iaceret</span> <span class='ocrx_word' id='word_1_101' title='bbox 1417 998 1467 1045; x_wconf 90' lang='lat' dir='ltr'>in</span> <span class='ocrx_word' id='word_1_102' title='bbox 1507 996 1634 1045; x_wconf 88' lang='lat' dir='ltr'>lecto</span> <span class='ocrx_word' id='word_1_103' title='bbox 1676 1012 1766 1045; x_wconf 91' lang='lat' dir='ltr'>suo</span> 
     </span>
     <span class='ocr_line' id='line_1_13' title="bbox 81 1069 1766 1136; baseline 0.001 -17"><span class='ocrx_word' id='word_1_104' title='bbox 81 1072 223 1134; x_wconf 88' lang='lat' dir='ltr'>quasi</span> <span class='ocrx_word' id='word_1_105' title='bbox 269 1070 544 1136; x_wconf 88' lang='lat' dir='ltr'>dormiens,</span> <span class='ocrx_word' id='word_1_106' title='bbox 594 1072 678 1134; x_wconf 90' lang='lat' dir='ltr'>qui</span> <span class='ocrx_word' id='word_1_107' title='bbox 724 1078 887 1119; x_wconf 88' lang='lat' dir='ltr'>tamen</span> <span class='ocrx_word' id='word_1_108' title='bbox 935 1069 1069 1119; x_wconf 91' lang='lat' dir='ltr'>nullo</span> <span class='ocrx_word' id='word_1_109' title='bbox 1118 1070 1262 1120; x_wconf 91' lang='lat' dir='ltr'>modo</span> <span class='ocrx_word' id='word_1_110' title='bbox 1314 1076 1507 1134; x_wconf 86' lang='lat' dir='ltr'>poterat</span> <span class='ocrx_word' id='word_1_111' title='bbox 1547 1073 1766 1120; x_wconf 86' lang='lat' dir='ltr'>excitari.</span> 
     </span>
     <span class='ocr_line' id='line_1_14' title="bbox 77 1143 1769 1208; baseline 0.001 -16"><span class='ocrx_word' id='word_1_112' title='bbox 77 1144 196 1194; x_wconf 82' lang='lat' dir='ltr'>Post</span> <span class='ocrx_word' id='word_1_113' title='bbox 247 1144 432 1208; x_wconf 80' lang='lat' dir='ltr'>aliquot</span> <span class='ocrx_word' id='word_1_114' title='bbox 478 1151 640 1193; x_wconf 86' lang='lat' dir='ltr'>antem</span> <span class='ocrx_word' id='word_1_115' title='bbox 690 1144 794 1193; x_wconf 91' lang='lat' dir='ltr'>dies</span> <span class='ocrx_word' id='word_1_116' title='bbox 842 1159 956 1193; x_wconf 91' lang='lat' dir='ltr'>eum</span> <span class='ocrx_word' id='word_1_117' title='bbox 1003 1144 1136 1193; x_wconf 87' lang='lat' dir='ltr'>velut</span> <span class='ocrx_word' id='word_1_118' title='bbox 1183 1144 1437 1208; x_wconf 84' lang='lat' dir='ltr'>evigilasse</span> <span class='ocrx_word' id='word_1_119' title='bbox 1484 1143 1678 1193; x_wconf 85' lang='lat' dir='ltr'>dicebat</span> <span class='ocrx_word' id='word_1_120' title='bbox 1719 1152 1769 1194; x_wconf 90' lang='lat' dir='ltr'>et</span> 
     </span>
     <span class='ocr_line' id='line_1_15' title="bbox 79 1217 1767 1284; baseline 0 -18"><span class='ocrx_word' id='word_1_121' title='bbox 79 1219 219 1282; x_wconf 88' lang='lat' dir='ltr'>quasi</span> <span class='ocrx_word' id='word_1_122' title='bbox 259 1219 447 1266; x_wconf 86' lang='lat' dir='ltr'>somnia</span> <span class='ocrx_word' id='word_1_123' title='bbox 494 1233 720 1266; x_wconf 85' lang='lat' dir='ltr'>narrasse</span> <span class='ocrx_word' id='word_1_124' title='bbox 774 1233 897 1282; x_wconf 90' lang='lat' dir='ltr'>quae</span> <span class='ocrx_word' id='word_1_125' title='bbox 937 1233 1111 1282; x_wconf 88' lang='lat' dir='ltr'>passus</span> <span class='ocrx_word' id='word_1_126' title='bbox 1152 1224 1249 1284; x_wconf 90' lang='lat' dir='ltr'>est,</span> <span class='ocrx_word' id='word_1_127' title='bbox 1301 1217 1543 1267; x_wconf 86' lang='lat' dir='ltr'>caballum</span> <span class='ocrx_word' id='word_1_128' title='bbox 1581 1234 1634 1266; x_wconf 91' lang='lat' dir='ltr'>se</span> <span class='ocrx_word' id='word_1_129' title='bbox 1675 1220 1767 1267; x_wconf 90' lang='lat' dir='ltr'>sci-</span> 
     </span>
     <span class='ocr_line' id='line_1_16' title="bbox 78 1291 1859 1341; baseline 0.001 -2"><span class='ocrx_word' id='word_1_130' title='bbox 78 1291 194 1341; x_wconf 88' lang='lat' dir='ltr'>licet</span> <span class='ocrx_word' id='word_1_131' title='bbox 233 1291 416 1341; x_wconf 88' lang='lat' dir='ltr'>factum</span> <span class='ocrx_word' id='word_1_132' title='bbox 464 1306 707 1340; x_wconf 87' lang='lat' dir='ltr'>annonam</span> <span class='ocrx_word' id='word_1_133' title='bbox 753 1293 885 1340; x_wconf 88' lang='lat' dir='ltr'>inter</span> <span class='ocrx_word' id='word_1_134' title='bbox 932 1291 1023 1340; x_wconf 88' lang='lat' dir='ltr'>alia</span> <span class='ocrx_word' id='word_1_135' title='bbox 1062 1293 1281 1341; x_wconf 88' lang='lat' dir='ltr'>iumenta</span> <span class='ocrx_word' id='word_1_136' title='bbox 1320 1291 1561 1341; x_wconf 90' lang='lat' dir='ltr'>baiulasse</span> <span class='ocrx_word' id='word_1_137' title='bbox 1603 1292 1766 1341; x_wconf 88' lang='lat' dir='ltr'>militi·</span> <span class='ocrx_word' id='word_1_138' title='bbox 1804 1300 1859 1340; x_wconf 87' lang='lat'>15</span> 
     </span>
     <span class='ocr_line' id='line_1_17' title="bbox 77 1364 1767 1432; baseline 0.001 -18"><span class='ocrx_word' id='word_1_139' title='bbox 77 1364 201 1432; x_wconf 83' lang='lat' dir='ltr'>buS,</span> <span class='ocrx_word' id='word_1_140' title='bbox 255 1380 378 1430; x_wconf 88' lang='lat' dir='ltr'>quae</span> <span class='ocrx_word' id='word_1_141' title='bbox 420 1364 601 1414; x_wconf 85' lang='lat' dir='ltr'>dicitur</span> <span class='ocrx_word' id='word_1_142' title='bbox 647 1365 843 1427; x_wconf 86' lang='lat' dir='ltr'>Retica,</span> <span class='ocrx_word' id='word_1_143' title='bbox 885 1367 1116 1430; x_wconf 89' lang='lat' dir='ltr'>quoniam</span> <span class='ocrx_word' id='word_1_144' title='bbox 1157 1365 1215 1414; x_wconf 87' lang='lat' dir='ltr'>ad</span> <span class='ocrx_word' id='word_1_145' title='bbox 1256 1365 1422 1415; x_wconf 88' lang='lat' dir='ltr'>Retias</span> <span class='ocrx_word' id='word_1_146' title='bbox 1463 1366 1767 1430; x_wconf 88' lang='lat' dir='ltr'>deportatur.</span> 
     </span>
     <span class='ocr_line' id='line_1_18' title="bbox 79 1439 1767 1506; baseline 0 -18"><span class='ocrx_word' id='word_1_147' title='bbox 79 1439 222 1496; x_wconf 86' lang='lat' dir='ltr'>Quod</span> <span class='ocrx_word' id='word_1_148' title='bbox 262 1441 342 1505; x_wconf 89' lang='lat' dir='ltr'>ita,</span> <span class='ocrx_word' id='word_1_149' title='bbox 385 1446 437 1488; x_wconf 94' lang='lat' dir='ltr'>ut</span> <span class='ocrx_word' id='word_1_150' title='bbox 468 1441 698 1506; x_wconf 87' lang='lat' dir='ltr'>narravit,</span> <span class='ocrx_word' id='word_1_151' title='bbox 738 1439 922 1488; x_wconf 85' lang='lat' dir='ltr'>factum</span> <span class='ocrx_word' id='word_1_152' title='bbox 961 1440 1113 1488; x_wconf 87' lang='lat' dir='ltr'>fuisse</span> <span class='ocrx_word' id='word_1_153' title='bbox 1155 1446 1464 1504; x_wconf 86' lang='lat' dir='ltr'>compertum</span> <span class='ocrx_word' id='word_1_154' title='bbox 1505 1447 1601 1506; x_wconf 85' lang='lat' dir='ltr'>est3</span> <span class='ocrx_word' id='word_1_155' title='bbox 1643 1455 1767 1504; x_wconf 90' lang='lat' dir='ltr'>quae</span> 
     </span>
     <span class='ocr_line' id='line_1_19' title="bbox 78 1513 1771 1563; baseline 0 -1"><span class='ocrx_word' id='word_1_156' title='bbox 78 1521 242 1562; x_wconf 88' lang='lat' dir='ltr'>tamen</span> <span class='ocrx_word' id='word_1_157' title='bbox 275 1514 321 1562; x_wconf 90' lang='lat' dir='ltr'>ei</span> <span class='ocrx_word' id='word_1_158' title='bbox 353 1528 441 1562; x_wconf 88' lang='lat' dir='ltr'>sua</span> <span class='ocrx_word' id='word_1_159' title='bbox 473 1515 662 1562; x_wconf 82' lang='lat' dir='ltr'>somnia</span> <span class='ocrx_word' id='word_1_160' title='bbox 693 1513 998 1562; x_wconf 88' lang='lat' dir='ltr'>videbantur.</span> <span class='ocrx_word' id='word_1_161' title='bbox 1061 1513 1297 1563; x_wconf 88' lang='lat' dir='ltr'>Indicavit</span> <span class='ocrx_word' id='word_1_162' title='bbox 1329 1521 1378 1562; x_wconf 88' lang='lat' dir='ltr'>et</span> <span class='ocrx_word' id='word_1_163' title='bbox 1411 1513 1534 1562; x_wconf 89' lang='lat' dir='ltr'>alius</span> <span class='ocrx_word' id='word_1_164' title='bbox 1560 1529 1611 1563; x_wconf 89' lang='lat' dir='ltr'>se</span> <span class='ocrx_word' id='word_1_165' title='bbox 1637 1514 1771 1562; x_wconf 92' lang='lat' dir='ltr'>domi</span> 
     </span>
     <span class='ocr_line' id='line_1_20' title="bbox 79 1587 1767 1654; baseline 0.001 -19"><span class='ocrx_word' id='word_1_166' title='bbox 79 1602 194 1635; x_wconf 89' lang='lat' dir='ltr'>suae</span> <span class='ocrx_word' id='word_1_167' title='bbox 227 1602 317 1652; x_wconf 89' lang='lat' dir='ltr'>per</span> <span class='ocrx_word' id='word_1_168' title='bbox 349 1594 561 1654; x_wconf 88' lang='lat' dir='ltr'>noctem,</span> <span class='ocrx_word' id='word_1_169' title='bbox 593 1594 855 1651; x_wconf 87' lang='lat' dir='ltr'>antequam</span> <span class='ocrx_word' id='word_1_170' title='bbox 888 1588 1240 1653; x_wconf 79' lang='lat' dir='ltr'>requiesceret,</span> <span class='ocrx_word' id='word_1_171' title='bbox 1274 1587 1453 1636; x_wconf 86' lang='lat' dir='ltr'>vidisse</span> <span class='ocrx_word' id='word_1_172' title='bbox 1486 1590 1767 1637; x_wconf 87' lang='lat' dir='ltr'>venientem</span> 
     </span>
     <span class='ocr_line' id='line_1_21' title="bbox 74 1660 1856 1726; baseline 0.001 -18"><span class='ocrx_word' id='word_1_173' title='bbox 74 1660 136 1708; x_wconf 86' lang='lat' dir='ltr'>ad</span> <span class='ocrx_word' id='word_1_174' title='bbox 183 1676 236 1709; x_wconf 92' lang='lat' dir='ltr'>se</span> <span class='ocrx_word' id='word_1_175' title='bbox 283 1660 631 1725; x_wconf 89' lang='lat' dir='ltr'>philosophum</span> <span class='ocrx_word' id='word_1_176' title='bbox 678 1661 924 1724; x_wconf 87' lang='lat' dir='ltr'>quendam</span> <span class='ocrx_word' id='word_1_177' title='bbox 963 1660 1057 1709; x_wconf 90' lang='lat' dir='ltr'>sibi</span> <span class='ocrx_word' id='word_1_178' title='bbox 1097 1663 1408 1710; x_wconf 88' lang='lat' dir='ltr'>notissimum</span> <span class='ocrx_word' id='word_1_179' title='bbox 1450 1661 1641 1726; x_wconf 87' lang='lat' dir='ltr'>sibique</span> <span class='ocrx_word' id='word_1_180' title='bbox 1683 1677 1764 1710; x_wconf 89' lang='lat' dir='ltr'>ex·</span> <span class='ocrx_word' id='word_1_181' title='bbox 1799 1671 1856 1710; x_wconf 79' lang='lat'>20</span> 
     </span>
     <span class='ocr_line' id='line_1_22' title="bbox 76 1733 1764 1800; baseline 0.001 -18"><span class='ocrx_word' id='word_1_182' title='bbox 76 1735 301 1799; x_wconf 92' lang='lat' dir='ltr'>posuisse</span> <span class='ocrx_word' id='word_1_183' title='bbox 349 1734 584 1783; x_wconf 86' lang='lat' dir='ltr'>nonnulla</span> <span class='ocrx_word' id='word_1_184' title='bbox 626 1733 891 1800; x_wconf 89' lang='lat' dir='ltr'>Platonica,</span> <span class='ocrx_word' id='word_1_185' title='bbox 930 1749 1054 1799; x_wconf 86' lang='lat' dir='ltr'>quae</span> <span class='ocrx_word' id='word_1_186' title='bbox 1095 1734 1236 1784; x_wconf 84' lang='lat' dir='ltr'>antea</span> <span class='ocrx_word' id='word_1_187' title='bbox 1276 1742 1475 1799; x_wconf 86' lang='lat' dir='ltr'>rogatus</span> <span class='ocrx_word' id='word_1_188' title='bbox 1516 1751 1764 1800; x_wconf 80' lang='lat' dir='ltr'>exponere</span> 
     </span>
     <span class='ocr_line' id='line_1_23' title="bbox 78 1806 1764 1873; baseline 0.001 -18"><span class='ocrx_word' id='word_1_189' title='bbox 78 1807 332 1857; x_wconf 90' lang='lat' dir='ltr'>noluisset.</span> <span class='ocrx_word' id='word_1_190' title='bbox 409 1806 471 1856; x_wconf 92' lang='lat' dir='ltr'>Et</span> <span class='ocrx_word' id='word_1_191' title='bbox 517 1822 630 1856; x_wconf 92' lang='lat' dir='ltr'>cum</span> <span class='ocrx_word' id='word_1_192' title='bbox 681 1807 740 1856; x_wconf 90' lang='lat' dir='ltr'>ab</span> <span class='ocrx_word' id='word_1_193' title='bbox 782 1808 956 1856; x_wconf 89' lang='lat' dir='ltr'>eodem</span> <span class='ocrx_word' id='word_1_194' title='bbox 995 1807 1286 1873; x_wconf 89' lang='lat' dir='ltr'>philosopho</span> <span class='ocrx_word' id='word_1_195' title='bbox 1327 1810 1607 1872; x_wconf 90' lang='lat' dir='ltr'>quaesitum</span> <span class='ocrx_word' id='word_1_196' title='bbox 1646 1810 1764 1857; x_wconf 81' lang='lat' dir='ltr'>fuis-</span> 
     </span>
     <span class='ocr_line' id='line_1_24' title="bbox 78 1877 1765 1948; baseline 0.001 -18"><span class='ocrx_word' id='word_1_197' title='bbox 78 1887 169 1948; x_wconf 89' lang='lat' dir='ltr'>set,</span> <span class='ocrx_word' id='word_1_198' title='bbox 209 1896 299 1930; x_wconf 89' lang='lat' dir='ltr'>cur</span> <span class='ocrx_word' id='word_1_199' title='bbox 336 1883 387 1929; x_wconf 93' lang='lat' dir='ltr'>in</span> <span class='ocrx_word' id='word_1_200' title='bbox 427 1881 570 1930; x_wconf 89' lang='lat' dir='ltr'>domo</span> <span class='ocrx_word' id='word_1_201' title='bbox 611 1882 719 1930; x_wconf 90' lang='lat' dir='ltr'>eius</span> <span class='ocrx_word' id='word_1_202' title='bbox 760 1881 958 1948; x_wconf 83' lang='lat' dir='ltr'>fecerit,</span> <span class='ocrx_word' id='word_1_203' title='bbox 1000 1877 1129 1945; x_wconf 87' lang='lat' dir='ltr'>quod</span> <span class='ocrx_word' id='word_1_204' title='bbox 1171 1884 1221 1930; x_wconf 87' lang='lat' dir='ltr'>in</span> <span class='ocrx_word' id='word_1_205' title='bbox 1264 1882 1408 1930; x_wconf 91' lang='lat' dir='ltr'>domo</span> <span class='ocrx_word' id='word_1_206' title='bbox 1450 1898 1537 1931; x_wconf 89' lang='lat' dir='ltr'>sua</span> <span class='ocrx_word' id='word_1_207' title='bbox 1575 1884 1765 1947; x_wconf 84' lang='lat' dir='ltr'>petenti</span> 
     </span>
     <span class='ocr_line' id='line_1_25' title="bbox 78 1951 1766 2021; baseline 0.001 -19"><span class='ocrx_word' id='word_1_208' title='bbox 78 1962 359 2019; x_wconf 85' lang='lat' dir='ltr'>negaverat:</span> <span class='ocrx_word' id='word_1_209' title='bbox 407 1953 555 2021; x_wconf 91' lang='lat' dir='ltr'>„Non</span> <span class='ocrx_word' id='word_1_210' title='bbox 602 1955 722 2020; x_wconf 86' lang='lat' dir='ltr'>feci,</span> <span class='ocrx_word' id='word_1_211' title='bbox 772 1956 958 2021; x_wconf 87' lang='lat' dir='ltr'>inquit,</span> <span class='ocrx_word' id='word_1_212' title='bbox 1011 1955 1097 2004; x_wconf 93' lang='lat' dir='ltr'>sed</span> <span class='ocrx_word' id='word_1_213' title='bbox 1146 1971 1222 2003; x_wconf 89' lang='lat' dir='ltr'>me</span> <span class='ocrx_word' id='word_1_214' title='bbox 1264 1956 1439 2004; x_wconf 84' lang='lat' dir='ltr'>secisse</span> <span class='ocrx_word' id='word_1_215' title='bbox 1482 1951 1766 2005; x_wconf 82' lang='lat' dir='ltr'>somniavi.“</span> 
     </span>
     <span class='ocr_line' id='line_1_26' title="bbox 77 2028 1854 2093; baseline 0.001 -17"><span class='ocrx_word' id='word_1_216' title='bbox 77 2028 146 2076; x_wconf 84' lang='lat' dir='ltr'>Ac</span> <span class='ocrx_word' id='word_1_217' title='bbox 192 2043 283 2093; x_wconf 92' lang='lat' dir='ltr'>per</span> <span class='ocrx_word' id='word_1_218' title='bbox 328 2028 421 2076; x_wconf 92' lang='lat' dir='ltr'>hoc</span> <span class='ocrx_word' id='word_1_219' title='bbox 469 2028 610 2077; x_wconf 86' lang='lat' dir='ltr'>alteri</span> <span class='ocrx_word' id='word_1_220' title='bbox 655 2043 746 2093; x_wconf 89' lang='lat' dir='ltr'>per</span> <span class='ocrx_word' id='word_1_221' title='bbox 791 2030 1054 2093; x_wconf 85' lang='lat' dir='ltr'>imaginem</span> <span class='ocrx_word' id='word_1_222' title='bbox 1092 2029 1449 2093; x_wconf 85' lang='lat' dir='ltr'>phantasticam</span> <span class='ocrx_word' id='word_1_223' title='bbox 1490 2029 1764 2079; x_wconf 86' lang='lat' dir='ltr'>exhibitum</span> <span class='ocrx_word' id='word_1_224' title='bbox 1795 2038 1854 2078; x_wconf 82' lang='lat'>25</span> 
     </span>
     <span class='ocr_line' id='line_1_27' title="bbox 77 2101 1248 2167; baseline 0.002 -17"><span class='ocrx_word' id='word_1_225' title='bbox 77 2107 155 2150; x_wconf 90' lang='lat' dir='ltr'>est</span> <span class='ocrx_word' id='word_1_226' title='bbox 193 2101 424 2167; x_wconf 86' lang='lat' dir='ltr'>vigilanti,</span> <span class='ocrx_word' id='word_1_227' title='bbox 465 2101 596 2166; x_wconf 91' lang='lat' dir='ltr'>quod</span> <span class='ocrx_word' id='word_1_228' title='bbox 637 2102 760 2151; x_wconf 90' lang='lat' dir='ltr'>alter</span> <span class='ocrx_word' id='word_1_229' title='bbox 798 2102 919 2152; x_wconf 86' lang='lat' dir='ltr'>vidit</span> <span class='ocrx_word' id='word_1_230' title='bbox 956 2104 1007 2151; x_wconf 92' lang='lat' dir='ltr'>in</span> <span class='ocrx_word' id='word_1_231' title='bbox 1048 2105 1248 2153; x_wconf 81' lang='lat' dir='ltr'>somnis,</span> 
     </span>
    </p>

    <p class='ocr_par' dir='ltr' id='par_1_4' title="bbox 77 2174 1853 2462">
     <span class='ocr_line' id='line_1_28' title="bbox 225 2174 1763 2243; baseline 0.003 -20"><span class='ocrx_word' id='word_1_232' title='bbox 225 2174 356 2224; x_wconf 85' lang='lat' dir='ltr'>Haec</span> <span class='ocrx_word' id='word_1_233' title='bbox 408 2175 466 2224; x_wconf 91' lang='lat' dir='ltr'>ad</span> <span class='ocrx_word' id='word_1_234' title='bbox 518 2190 608 2225; x_wconf 90' lang='lat' dir='ltr'>nos</span> <span class='ocrx_word' id='word_1_235' title='bbox 658 2191 757 2225; x_wconf 91' lang='lat' dir='ltr'>non</span> <span class='ocrx_word' id='word_1_236' title='bbox 808 2176 1229 2243; x_wconf 84' lang='lat' dir='ltr'>quibuscumque,</span> <span class='ocrx_word' id='word_1_237' title='bbox 1278 2176 1505 2242; x_wconf 88' lang='lat' dir='ltr'>qualibus</span> <span class='ocrx_word' id='word_1_238' title='bbox 1558 2177 1763 2227; x_wconf 85' lang='lat' dir='ltr'>credere</span> 
     </span>
     <span class='ocr_line' id='line_1_29' title="bbox 77 2249 1763 2317; baseline 0.002 -20"><span class='ocrx_word' id='word_1_239' title='bbox 77 2254 364 2313; x_wconf 87' lang='lat' dir='ltr'>putaremus</span> <span class='ocrx_word' id='word_1_240' title='bbox 417 2249 700 2316; x_wconf 86' lang='lat' dir='ltr'>indignum,</span> <span class='ocrx_word' id='word_1_241' title='bbox 755 2249 842 2299; x_wconf 90' lang='lat' dir='ltr'>sed</span> <span class='ocrx_word' id='word_1_242' title='bbox 898 2252 967 2298; x_wconf 90' lang='lat' dir='ltr'>eis</span> <span class='ocrx_word' id='word_1_243' title='bbox 1022 2251 1357 2300; x_wconf 85' lang='lat' dir='ltr'>referentibus</span> <span class='ocrx_word' id='word_1_244' title='bbox 1411 2258 1763 2317; x_wconf 88' lang='lat' dir='ltr'>pervenerunt,</span> 
     </span>
     <span class='ocr_line' id='line_1_30' title="bbox 79 2322 1761 2386; baseline 0.002 -15"><span class='ocrx_word' id='word_1_245' title='bbox 79 2337 204 2386; x_wconf 91' lang='lat' dir='ltr'>quos</span> <span class='ocrx_word' id='word_1_246' title='bbox 253 2322 396 2372; x_wconf 91' lang='lat' dir='ltr'>nobis</span> <span class='ocrx_word' id='word_1_247' title='bbox 441 2338 540 2371; x_wconf 93' lang='lat' dir='ltr'>non</span> <span class='ocrx_word' id='word_1_248' title='bbox 587 2325 982 2373; x_wconf 87' lang='lat' dir='ltr'>existimaremus</span> <span class='ocrx_word' id='word_1_249' title='bbox 1030 2325 1182 2373; x_wconf 88' lang='lat' dir='ltr'>fuisse</span> <span class='ocrx_word' id='word_1_250' title='bbox 1223 2327 1470 2374; x_wconf 79' lang='lat' dir='ltr'>mentitos,</span> <span class='ocrx_word' id='word_1_251' title='bbox 1547 2324 1761 2374; x_wconf 82' lang='lat' dir='ltr'>Proinde</span> 
     </span>
     <span class='ocr_line' id='line_1_31' title="bbox 78 2395 1853 2462; baseline 0.002 -18"><span class='ocrx_word' id='word_1_252' title='bbox 78 2396 211 2459; x_wconf 89' lang='lat' dir='ltr'>quod</span> <span class='ocrx_word' id='word_1_253' title='bbox 249 2395 472 2445; x_wconf 90' lang='lat' dir='ltr'>homines</span> <span class='ocrx_word' id='word_1_254' title='bbox 518 2396 753 2446; x_wconf 88' lang='lat' dir='ltr'>dicuntur</span> <span class='ocrx_word' id='word_1_255' title='bbox 800 2397 1181 2462; x_wconf 82' lang='lat' dir='ltr'>mandatumque</span> <span class='ocrx_word' id='word_1_256' title='bbox 1229 2406 1305 2447; x_wconf 85' lang='lat' dir='ltr'>est</span> <span class='ocrx_word' id='word_1_257' title='bbox 1350 2398 1531 2447; x_wconf 90' lang='lat' dir='ltr'>litteris</span> <span class='ocrx_word' id='word_1_258' title='bbox 1570 2398 1630 2447; x_wconf 88' lang='lat' dir='ltr'>ab</span> <span class='ocrx_word' id='word_1_259' title='bbox 1670 2399 1763 2447; x_wconf 90' lang='lat' dir='ltr'>diis</span> <span class='ocrx_word' id='word_1_260' title='bbox 1795 2407 1853 2447; x_wconf 89' lang='grc'>30</span> 
     </span>
    </p>
   </div>
   <div class='ocr_carea' id='block_1_3' title="bbox 79 2468 1765 2605">
    <p class='ocr_par' dir='ltr' id='par_1_5' title="bbox 79 2468 1765 2605">
     <span class='ocr_line' id='line_1_32' title="bbox 79 2468 1765 2536; baseline 0.002 -20"><span class='ocrx_word' id='word_1_261' title='bbox 79 2468 157 2517; x_wconf 81' lang='lat' dir='ltr'>vel</span> <span class='ocrx_word' id='word_1_262' title='bbox 193 2471 357 2533; x_wconf 89' lang='lat' dir='ltr'>potius</span> <span class='ocrx_word' id='word_1_263' title='bbox 388 2469 710 2520; x_wconf 89' lang='lat' dir='ltr'>daemonibus</span> <span class='ocrx_word' id='word_1_264' title='bbox 742 2470 1015 2520; x_wconf 86' lang='lat' dir='ltr'>Arcadibus</span> <span class='ocrx_word' id='word_1_265' title='bbox 1053 2473 1104 2520; x_wconf 89' lang='lat' dir='ltr'>in</span> <span class='ocrx_word' id='word_1_266' title='bbox 1143 2471 1286 2536; x_wconf 87' lang='lat' dir='ltr'>lupos</span> <span class='ocrx_word' id='word_1_267' title='bbox 1327 2471 1485 2520; x_wconf 89' lang='lat' dir='ltr'>solere</span> <span class='ocrx_word' id='word_1_268' title='bbox 1527 2473 1765 2536; x_wconf 85' lang='lat' dir='ltr'>converti,</span> 
     </span>
     <span class='ocr_line' id='line_1_33' title="bbox 83 2541 306 2605; baseline 0.009 -17"><span class='ocrx_word' id='word_1_269' title='bbox 83 2547 137 2590; x_wconf 85' lang='lat' dir='ltr'>et</span> <span class='ocrx_word' id='word_1_270' title='bbox 176 2541 306 2605; x_wconf 90' lang='lat' dir='ltr'>quod</span> 
     </span>
    </p>
   </div>
   <div class='ocr_carea' id='block_1_4' title="bbox 234 2643 1381 2713">
    <p class='ocr_par' dir='ltr' id='par_1_6' title="bbox 234 2643 1381 2713">
     <span class='ocr_line' id='line_1_34' title="bbox 234 2643 1381 2713; baseline 0.003 -20"><span class='ocrx_word' id='word_1_271' title='bbox 234 2643 546 2696; x_wconf 79' lang='lat' dir='ltr'>Carminibus</span> <span class='ocrx_word' id='word_1_272' title='bbox 587 2647 728 2697; x_wconf 85' lang='lat' dir='ltr'>Circe</span> <span class='ocrx_word' id='word_1_273' title='bbox 768 2650 926 2698; x_wconf 84' lang='lat' dir='ltr'>socios</span> <span class='ocrx_word' id='word_1_274' title='bbox 965 2650 1181 2699; x_wconf 77' lang='lat' dir='ltr'>mutavit</span> <span class='ocrx_word' id='word_1_275' title='bbox 1220 2649 1381 2713; x_wconf 81' lang='lat' dir='ltr'>Ulixi,</span> 
     </span>
    </p>
   </div>
   <div class='ocr_carea' id='block_1_5' title="bbox 88 2746 1773 2817">
    <p class='ocr_par' dir='ltr' id='par_1_7' title="bbox 88 2746 1773 2817">
     <span class='ocr_line' id='line_1_35' title="bbox 88 2746 1773 2817; baseline 0.004 -24"><span class='ocrx_word' id='word_1_276' title='bbox 88 2746 364 2796; x_wconf 86' lang='lat' dir='ltr'>secundum</span> <span class='ocrx_word' id='word_1_277' title='bbox 395 2749 546 2798; x_wconf 89' lang='lat' dir='ltr'>istum</span> <span class='ocrx_word' id='word_1_278' title='bbox 577 2749 776 2799; x_wconf 89' lang='lat' dir='ltr'>modum</span> <span class='ocrx_word' id='word_1_279' title='bbox 809 2750 928 2800; x_wconf 89' lang='lat' dir='ltr'>mihi</span> <span class='ocrx_word' id='word_1_280' title='bbox 967 2751 1161 2800; x_wconf 87' lang='lat' dir='ltr'>videtur</span> <span class='ocrx_word' id='word_1_281' title='bbox 1202 2751 1309 2799; x_wconf 82' lang='lat' dir='ltr'>fieri</span> <span class='ocrx_word' id='word_1_282' title='bbox 1347 2752 1583 2817; x_wconf 89' lang='lat' dir='ltr'>potuisse,</span> <span class='ocrx_word' id='word_1_283' title='bbox 1623 2766 1773 2815; x_wconf 87' lang='lat' dir='ltr'>quem</span> 
     </span>
    </p>
   </div>
   <div class='ocr_carea' id='block_1_6' title="bbox 205 2872 821 2934">
    <p class='ocr_par' dir='ltr' id='par_1_8' title="bbox 205 2872 821 2934">
     <span class='ocr_line' id='line_1_36' title="bbox 205 2872 821 2934; baseline 0.011 -19"><span class='ocrx_word' id='word_1_284' title='bbox 205 2874 278 2930; x_wconf 88' lang='lat'>33)</span> <span class='ocrx_word' id='word_1_285' title='bbox 309 2872 641 2934; x_wconf 64' lang='lat' dir='ltr'>Verg„Eclog.</span> <span class='ocrx_word' id='word_1_286' title='bbox 678 2880 723 2934; x_wconf 89' lang='lat'>8,</span> <span class='ocrx_word' id='word_1_287' title='bbox 753 2882 821 2922; x_wconf 81' lang='lat'>70.</span> 
     </span>
    </p>
   </div>
  </div>
 </body>
</html>
