2004 3140
129 1132 181 1171 10

128 1500 182 1539 15

127 1868 182 1907 20

212 156 324 209 514
889 168 923 202 s.
949 168 1229 203 Auensrrm

887 365 1081 420 CAPUT
1119 367 1238 420 XII.

229 489 306 538 De
328 490 675 549 maynitudz‘ne
699 491 1164 551 praevaricationis
1189 492 1403 552 primae,
1435 492 1494 539 ob
1519 504 1669 551 quam
1693 494 1906 539 aeterna

286 577 454 625 poena
495 564 723 612 omnibus
762 565 1021 624 debeatur,
1061 566 1152 624 qui
1187 568 1338 612 extra
1373 566 1599 624 qratiam
1633 563 1832 625 fuerint

913 637 1207 686 Salvatorz'S.

366 752 462 801 Sed
500 768 657 817 poena
699 761 896 803 aeterna
944 754 1055 803 ideo
1095 754 1219 804 dura
1258 762 1306 804 et
1344 756 1527 804 iniusta
1566 754 1793 804 sensibus
1833 757 1901 804 vi-

215 827 359 876 detur
391 826 633 893 humanis,
675 830 787 892 quia
819 830 871 876 in
902 828 993 876 hac
1026 829 1310 877 infirmitate
1343 827 1752 877 moribundorum
1792 844 1901 878 sen-

215 916 360 950 suum
407 899 548 949 deest
593 901 675 950 ille
723 917 898 950 sensus
946 901 1209 951 altissimae
1260 903 1654 967 purissimaeque
1707 905 1898 967 sapien·

213 976 335 1040 tiae,
398 990 495 1038 quo
552 977 727 1024 sentiri
786 977 945 1040 possit
1005 983 1243 1040 quantum
1306 977 1442 1024 nefas
1503 978 1554 1024 in
1609 975 1690 1024 illa
1742 978 1901 1040 prima

213 1050 630 1112 praevaricatione
665 1051 981 1098 commissum
1015 1051 1091 1098 sit.
1170 1049 1362 1107 Quanto
1397 1051 1528 1098 enim
1560 1051 1713 1114 magis
1754 1050 1900 1098 homo

214 1121 471 1172 fruebatur
502 1122 618 1188 De0,
659 1130 793 1172 tanto
831 1125 1015 1172 maiore
1055 1125 1304 1188 impietate
1345 1123 1608 1188 dereliquit
1655 1123 1813 1173 Deum
1853 1130 1903 1172 et

214 1196 373 1245 factus
422 1203 497 1245 est
542 1196 667 1245 malo
716 1197 894 1261 dignus
941 1204 1165 1263 aetern0,
1214 1199 1298 1261 qui
1345 1197 1438 1246 hoc
1486 1198 1537 1245 in
1585 1213 1637 1246 se
1688 1199 1902 1261 peremit
1957 1241 1962 1246 .

213 1269 424 1334 bonum,
475 1270 606 1335 quod
658 1286 767 1320 esse
813 1279 983 1335 posset
1031 1278 1301 1320 aeternum.
1379 1271 1505 1320 Hinc
1556 1278 1631 1319 est
1670 1273 1902 1319 universa

214 1345 410 1407 generis
450 1343 650 1392 humani
683 1359 841 1393 massa
881 1344 1128 1410 damnata3
1171 1346 1415 1410 quoniam,
1455 1346 1540 1408 qui
1579 1344 1672 1392 hoc
1711 1346 1904 1408 primus

214 1417 431 1483 admisit,
479 1433 591 1466 cum
640 1433 695 1466 ea
747 1433 871 1482 quae
919 1420 970 1466 in
1017 1418 1099 1466 illo
1147 1419 1309 1467 suerat
1355 1417 1569 1466 radicata
1617 1433 1705 1466 sua
1746 1420 1901 1482 stirpe

214 1492 418 1554 punitus
467 1499 566 1551 est,
615 1498 670 1540 ut
716 1491 881 1540 nullus
931 1491 988 1540 ab
1036 1492 1130 1540 hoc
1181 1494 1310 1540 iusto
1352 1491 1616 1555 debitoque
1659 1491 1900 1556 supplicio

216 1566 310 1612 nisi
351 1566 659 1614 misericordi
700 1572 748 1614 et
786 1564 1003 1614 indebita
1043 1567 1195 1629 gratia
1228 1564 1469 1614 liberetur
1509 1571 1655 1629 atque
1695 1566 1763 1614 ita
1803 1565 1899 1613 dis·
1932 1594 1938 1598 -

214 1640 457 1702 pertiatur
497 1654 652 1702 genus
692 1638 976 1703 humanum,
1016 1645 1071 1687 ut
1109 1641 1159 1687 in
1200 1638 1493 1703 quibusdam
1533 1638 1903 1688 demonstretur

216 1712 332 1775 quid
378 1711 531 1760 valeat
578 1714 860 1761 misericors
908 1715 1088 1778 gratia,
1139 1714 1190 1761 in
1238 1714 1417 1762 ceteris
1465 1712 1583 1776 quid
1631 1713 1760 1760 iusta
1799 1714 1901 1761 vin-

216 1785 357 1834 dicta.
435 1785 606 1850 Neque
640 1788 772 1834 enim
803 1793 1073 1850 utrumque
1105 1786 1530 1835 demonstraretur
1568 1787 1619 1834 in
1659 1785 1903 1851 omnibus,

218 1861 352 1924 quia,
402 1861 442 1907 si
490 1875 661 1908 omnes
708 1867 1023 1909 remanerent
1061 1861 1110 1908 in
1150 1861 1324 1924 poenis
1362 1862 1520 1908 iustae
1562 1859 1902 1925 damnationis,

217 1935 267 1981 in
316 1933 450 1981 nullo
499 1941 756 1998 appareret
809 1935 1090 1982 misericors
1138 1936 1313 1999 gratia3
1363 1949 1539 1982 rursus
1587 1935 1628 1981 si
1666 1948 1837 1982 omnes
1877 1948 1904 1981 a

217 2005 436 2055 tenebris
498 2008 894 2061 transferrentur,
958 2009 1009 2055 in
1079 2007 1270 2073 lucem,
1331 2009 1382 2055 in
1444 2006 1578 2056 nullo
1641 2013 1903 2071 appareret

217 2081 395 2128 veritas
436 2079 651 2130 ultionis,
730 2081 787 2129 In
827 2095 921 2144 qua
960 2087 1223 2145 propterea
1262 2080 1415 2129 multo
1455 2080 1624 2145 plures
1663 2095 1811 2144 quam
1849 2082 1902 2128 in

217 2153 297 2201 illa
361 2160 502 2219 sunt,
563 2161 619 2202 ut
680 2156 750 2202 sic
814 2154 1102 2202 ostendatur
1163 2154 1280 2218 quid
1335 2154 1563 2203 omnibus
1618 2153 1901 2202 deberetur.

126 2236 183 2275 25
220 2226 362 2283 Quod
414 2228 454 2274 si
506 2226 733 2275 omnibus
780 2227 1097 2292 redderetur,
1147 2229 1383 2276 iustitiam
1429 2227 1721 2275 vindicantis
1770 2229 1901 2275 iuste

217 2314 361 2348 nemo
394 2299 803 2365 reprehenderet3
844 2302 957 2363 quia
997 2316 1112 2348 vero
1153 2309 1252 2349 tam
1290 2300 1432 2349 multi
1472 2300 1647 2348 exinde
1687 2299 1898 2348 liberan-

216 2382 321 2439 tur,
368 2381 444 2421 est
489 2374 620 2422 unde
669 2382 875 2438 agantur
922 2375 1157 2422 maximae
1205 2376 1387 2438 gratiae
1437 2375 1651 2438 gratuito
1701 2375 1899 2422 muneri

214 2446 483 2495 liberantis

338 2651 392 2689 10
424 2639 702 2703 derelinquit
731 2647 867 2690 R¹A¹
913 2649 929 2705 ΙΙ
978 2653 1029 2691 13
1062 2647 1237 2704 primus
1268 2648 1438 2704 RAec„
1477 2647 1691 2704 primitus
1723 2660 1749 2691 v
1787 2649 1803 2703 ΙΙ
1844 2652 1898 2691 16

217 2705 533 2750 misericordia
564 2720 589 2750 v
621 2708 636 2762 ΙΙ
667 2712 718 2749 21
755 2706 907 2763 gratia
937 2720 1052 2758 mss‚·
1089 2708 1240 2763 gratia
1270 2707 1539 2752 redimentis
1571 2720 1596 2750 v
1620 2708 1635 2762 ΙΙ
1657 2720 1841 2749 rursum
1872 2719 1898 2748 v
