2004 3140
132 938 184 978 10

134 1677 189 1716 20

134 2045 189 2084 25

210 138 321 192 360
902 147 936 182 S.
960 147 1238 184 Anons'rnu

212 266 263 313 in
303 278 373 312 ea.
453 262 559 320 Quo
601 262 744 310 modo
785 263 878 310 ista
917 276 1015 310 non
1055 269 1171 311 sunt
1210 261 1357 329 mala,
1397 277 1521 326 quae
1562 262 1768 311 vincunt
1805 263 1908 311 for-

213 337 437 387 titudinis
485 336 670 386 bonum
724 335 1029 400 eandemque
1076 335 1418 384 fortitudinem
1469 350 1566 384 non
1609 335 1770 385 solum
1810 335 1910 386 sibi

214 411 407 476 cedere,
446 425 619 459 verum
651 411 799 458 etiam
831 409 1040 458 delirare
1075 409 1389 475 compellunt,
1428 415 1483 458 ut
1517 409 1726 458 candem
1757 411 1909 459 vitam

214 493 264 535 et
319 484 449 533 dicat
503 483 695 533 beatam
751 490 801 533 et
853 483 1147 548 persuadeat
1203 498 1310 532 esse
1368 480 1691 548 fugiendam?
1783 483 1911 541 Quis

217 574 374 623 usque
431 558 551 607 adeo
607 573 785 607 caecus
833 565 937 623 est,
991 564 1047 607 ut
1092 572 1191 606 non
1238 556 1427 623 videat,
1475 557 1634 624 quod,
1683 558 1725 606 si
1763 556 1909 606 beata

217 640 371 699 esset,
418 631 648 697 fugienda
698 647 797 680 non
844 628 1012 681 esset?
1092 630 1187 679 Sed
1236 637 1403 695 aperta
1444 631 1745 680 infirmitatis
1782 646 1907 681 voce

215 706 498 771 fugiendam
532 706 762 755 fatentur.
827 705 955 763 Quid
987 706 1139 770 igitur
1172 719 1347 754 causae
1380 712 1470 770 est,
1502 720 1592 754 cur
1624 720 1725 753 non
1759 706 1909 754 etiam

216 783 448 829 miseram
488 781 642 829 fracta
681 778 941 844 superbiae
990 780 1181 828 cervice
1222 775 1504 827 fateantur?
1579 777 1783 845 Utrum,
1823 778 1907 827 ob·

218 870 382 920 secro,
432 853 549 903 Cato
596 853 699 902 ille>
725 855 960 918 patientia
1016 868 1076 902 an
1131 853 1299 918 potius
1355 853 1645 917 inpatientia
1695 867 1747 901 se
1795 867 1909 918 per-

219 925 372 978 emit?
430 917 539 976 Non
581 929 713 976 enim
753 927 846 976 hoc
887 927 1101 994 fecisset,
1142 928 1238 975 nisi
1279 927 1531 975 victoriam
1574 925 1796 974 Caesaris
1835 928 1910 975 in·

216 1003 460 1068 patienter
524 1000 736 1051 tulisset.
833 1000 927 1050 Ubi
990 1007 1066 1050 est
1128 996 1403 1049 fortitudo?
1494 998 1682 1064 Nempe
1744 1001 1914 1067 cessit,

216 1091 393 1141 nempe
435 1074 722 1140 succubuit,
760 1090 936 1140 nempe
978 1090 1136 1139 usque
1177 1073 1298 1123 adeo
1339 1080 1570 1139 superata
1610 1080 1709 1140 est,
1748 1080 1804 1123 ut
1842 1075 1910 1122 vi·

218 1158 316 1199 tam
349 1149 541 1198 beatam
575 1149 944 1214 derelinqueret
975 1149 1233 1198 desereret
1265 1148 1473 1213 fugeret.
1551 1148 1624 1196 An
1665 1162 1763 1196 non
1803 1154 1913 1196 erat

218 1226 314 1272 iam
358 1220 536 1273 beata?
612 1223 791 1272 Misera
846 1238 963 1288 ergo
1021 1229 1139 1271 erat.
1219 1221 1326 1279 Quo
1379 1221 1524 1270 modo
1582 1222 1735 1285 igitur
1785 1221 1911 1270 mala

220 1313 319 1346 non
361 1304 525 1364 erant,
571 1313 695 1361 quae
743 1298 890 1345 vitam
937 1298 1168 1346 miseram
1209 1295 1589 1359 fugiendamque
1630 1292 1916 1344 faciebant?

370 1371 683 1436 Quapropter
730 1372 878 1420 etiam
923 1372 1041 1436 ipsi,
1089 1371 1174 1435 qui
1220 1368 1343 1418 mala
1390 1371 1484 1418 ista
1531 1384 1639 1417 esse
1693 1369 1910 1417 confessi

221 1452 353 1511 sunt,
393 1447 523 1494 sicut
560 1444 901 1511 Peripatetici,
949 1446 1078 1492 sicut
1117 1443 1311 1492 veteres
1350 1443 1651 1509 Academici,
1699 1457 1912 1506 quorum
1957 1464 1967 1472 -

221 1526 407 1568 sectam
445 1518 596 1567 Varro
639 1517 873 1585 defendit,
912 1517 1217 1567 tolerabilius
1258 1517 1456 1581 quidem
1495 1516 1784 1583 loquuntur,
1824 1516 1911 1566 sed

222 1607 394 1642 eorum
443 1607 640 1657 quoque
687 1594 843 1641 mirus
892 1599 967 1641 est
1015 1607 1178 1658 error,
1233 1590 1364 1655 quod
1403 1592 1453 1638 in
1494 1590 1569 1639 his
1609 1589 1773 1656 malis,
1818 1592 1916 1639 etsi

225 1675 325 1716 tam
372 1668 536 1731 gravia
584 1667 704 1733 sint,
751 1672 808 1715 ut
855 1672 1014 1714 morte
1062 1664 1292 1729 fugienda
1333 1666 1432 1713 sint
1470 1663 1530 1713 ab
1569 1666 1676 1729 ipso
1717 1662 1918 1714 sibimet

221 1740 385 1807 inlata,
425 1742 510 1805 qui
542 1739 662 1789 haec
694 1741 895 1807 patitur,
935 1741 1083 1789 vitam
1122 1739 1314 1788 beatam
1355 1746 1518 1787 tamen
1558 1753 1668 1787 esse
1709 1746 1912 1787 conten-

221 1814 359 1863 dunt.
434 1813 590 1880 „Mala
630 1820 768 1880 sunt,
806 1815 991 1880 inquit,
1038 1820 1285 1862 tormenta
1324 1819 1471 1876 atque
1515 1813 1764 1862 cruciatus
1805 1827 1914 1860 cor·

221 1889 373 1954 poriS,
412 1894 462 1937 et
494 1894 629 1937 tanto
663 1894 779 1936 sunt
811 1889 994 1953 peiora,
1034 1893 1216 1952 quanto
1257 1888 1512 1951 potuerint
1553 1900 1661 1934 esse
1701 1887 1918 1952 maiora;

224 1961 405 2026 quibus
444 1969 500 2011 ut
540 1976 722 2028 careaS,
761 1977 821 2010 ex
860 1962 950 2011 hac
991 1963 1087 2010 vita
1126 1959 1416 2025 fugiendum
1457 1955 1579 2008 est.“
1655 1959 1762 2018 Qua
1802 1961 1918 2026 vita,

223 2032 469 2084 obsecro?
543 2034 706 2101 „Hac,
759 2037 943 2102 inquit,
997 2050 1122 2099 quae
1177 2035 1326 2083 tantis
1383 2033 1675 2097 adgravatur
1729 2028 1918 2082 maliS.“

224 2108 370 2158 Certe
411 2123 527 2172 ergo
567 2108 709 2157 beata
748 2115 824 2157 est
861 2110 912 2157 in
953 2108 1139 2158 eisdem
1177 2109 1299 2172 ipsis
1340 2107 1505 2172 1113113,
1544 2113 1749 2171 propter
1789 2121 1915 2171 quae

225 2182 347 2230 dicis
387 2196 496 2230 esse
536 2178 854 2246 fugiendam?
929 2182 1003 2230 An
1053 2181 1168 2230 ideo
1214 2180 1405 2229 beatam
1455 2180 1600 2246 dicis,
1648 2181 1761 2244 quia
1798 2180 1916 2230 licet

226 2254 315 2305 tihi
355 2253 414 2303 ab
454 2254 531 2303 his
578 2254 717 2303 malis
764 2261 922 2304 morte
974 2251 1267 2304 discedere?
1344 2253 1470 2311 Quid
1512 2255 1554 2302 si
1593 2268 1711 2318 ergo
1750 2255 1803 2302 in
1843 2255 1919 2303 eis

230 2328 395 2393 aliquo
427 2327 590 2377 divino
622 2328 803 2377 iudicio
845 2330 1087 2377 tenereris
1127 2343 1218 2376 nec
1257 2329 1618 2392 permittereris
1657 2329 1783 2376 mori
1821 2343 1920 2377 nec

142 2413 199 2453 30
232 2416 466 2467 umquam
522 2403 627 2450 sine
682 2401 779 2450 illis
835 2418 943 2451 6336
990 2398 1263 2451 sinereris?
1338 2399 1524 2466 Nempe
1571 2408 1691 2450 tunc
1743 2401 1917 2450 saltem

229 2477 460 2525 miseram
492 2475 638 2525 talem
671 2475 863 2524 diceres
895 2477 1056 2525 vitam.
1118 2475 1226 2524 Non
1258 2476 1409 2539 igitur
1440 2482 1704 2540 propterea
1736 2476 1917 2523 misera

229 2565 327 2598 non
368 2557 459 2616 est,
499 2551 616 2614 quia
649 2551 745 2599 cito
778 2549 1091 2614 relinquitur.
1170 2548 1374 2607 Quando
1416 2548 1614 2613 quidem
1655 2550 1696 2597 si
1737 2550 1918 2614 sempi—

356 2710 381 2749 1
421 2710 472 2749 ut
517 2707 668 2751 editur
706 2719 818 2760 mss3
859 2707 993 2763 vulyo
1023 2710 1131 2762 post
1163 2719 1217 2750 ea
1255 2707 1362 2750 haec
1402 2706 1682 2762 leyebantur:
1731 2703 1770 2747 si
1807 2716 1927 2748 vero.

232 2770 424 2820 propter
468 2763 562 2808 ista
607 2766 733 2809 mala,
778 2764 957 2822 fugitur
995 2766 1054 2810 ab
1094 2779 1168 2817 ea,
1213 2765 1443 2821 quomodo
1483 2766 1556 2808 est
1592 2764 1761 2808 beata?
1822 2764 1918 2806 Aut

233 2822 465 2879 quomodo
490 2823 580 2868 ist-a
603 2827 768 2881 616116
802 2829 853 2868 ut
885 2826 1036 2868 editur
1052 2823 1287 2868 RAParr.
1321 2827 1499 2879 eaecepto
1532 2838 1585 2876 a;
1619 2822 1709 2866 Sed
1742 2821 1780 2864 si
1812 2835 1922 2878 pro—

233 2886 338 2939 pter
371 2881 653 2926 infirmitatis
684 2883 879 2940 pondus,
912 2898 1003 2939 qua
1034 2883 1274 2940 premitur,
1306 2884 1426 2927 hanc
1458 2881 1726 2938 fugiendam
1758 2894 1782 2924 v
