2044 3146
222 148 327 199 174
900 158 933 191 s.
959 157 1234 191 Avensa-im

209 287 331 322 num
378 272 545 322 datum
585 278 661 320 est
694 273 839 320 etiam
874 271 966 320 tale
999 285 1309 336 responsum,
1348 276 1404 319 ut
1430 270 1702 319 diceretur:
1740 271 1904 320 Abra-

210 348 329 396 ham
373 349 474 395 ere't
512 348 562 395 in
602 360 842 408 moytiam
870 351 1069 407 qentem
1109 351 1158 394 et
1195 347 1415 406 multam,
1457 351 1505 394 et
1544 347 1915 394 benedicentur·

217 423 267 469 in
318 435 375 469 eo
424 434 591 470 omnes
636 425 812 482 §entes
859 426 1045 469 terrae.
1121 418 1186 468 Et
1232 418 1312 467 hic
1360 418 1455 468 duo
1495 418 1577 468 illa
1615 418 1904 468 brevissime

215 493 601 558 plenissimeque
629 494 871 559 promissa
895 499 1026 558 sunt,
1065 508 1186 557 gens
1210 492 1362 542 lsrael
1402 491 1675 541 secundum
1708 507 1912 542 carnem-

155 577 181 618 5
216 574 266 616 et
309 583 479 618 omnes
519 575 695 632 gentes
736 566 1010 616 secundum
1050 566 1208 616 tidem.

867 754 1060 809 CAPUT
1100 755 1270 808 XXX.

220 865 296 913 De
335 863 462 912 Loth
513 878 544 912 a
584 864 812 912 Sodomis
859 865 1073 913 liberato
1122 871 1273 923 atque
1321 864 1506 912 eisdem
1546 865 1755 911 caelesti
1792 865 1908 923 [qne

219 938 522 999 consumptis
555 944 603 986 ec
627 939 690 986 do
713 938 1014 998 Abimeleolz,
1056 939 1201 986 ouius
1241 939 1653 999 concupiscentia
1680 938 1911 985 castitati

681 1011 879 1060 Sarrae
918 1025 1105 1060 nocere
1143 1025 1242 1060 non
1274 1013 1455 1073 potuit.

127 1125 183 1165 10
356 1115 485 1164 'Post
523 1114 649 1163 hanc
688 1116 1070 1179 promissionem
1109 1113 1316 1163 liberato
1357 1113 1418 1162 de
1447 1113 1672 1162 Sodomis
1698 1112 1823 1162 Loth
1855 1121 1907 1162 et

216 1190 443 1238 veniente
482 1190 626 1252 igneo
666 1188 824 1237 imbre
865 1189 925 1237 de
967 1187 1100 1238 caelo
1141 1195 1243 1237 tota
1281 1187 1362 1236 illa
1401 1189 1538 1252 regio
1582 1189 1757 1252 impiae
1792 1188 1906 1236 civi-

216 1265 331 1312 tatis
370 1265 421 1310 in
462 1264 682 1311 cinerem
722 1277 862 1311 versa
900 1269 992 1328 est,
1030 1261 1117 1311 ubi
1150 1268 1322 1326 stupra
1354 1265 1405 1310 in
1439 1261 1684 1310 masculos
1716 1262 1768 1309 in
1799 1268 1904 1310 tan-

216 1344 315 1386 tam
370 1336 781 1385 consuetudinem
835 1335 1208 1401 convaluerant,
1264 1342 1497 1400 quantam
1550 1335 1683 1399 leges
1747 1335 1910 1383 solent

219 1410 426 1459 aliorum
467 1410 709 1459 factorum
756 1409 995 1474 praebere
1036 1409 1299 1459 licentiam.
1377 1408 1562 1458 Verum
1605 1415 1654 1458 et
1692 1409 1786 1457 hoc
1827 1424 1906 1457 eo-

134 1493 188 1533 15
221 1499 332 1534 rum
374 1483 669 1548 supplicium
709 1485 960 1548 specimen
1001 1484 1157 1532 futuri
1196 1483 1367 1532 iudicii
1407 1483 1559 1532 divini
1598 1484 1704 1532 suit.
1782 1482 1906 1531 Nam

222 1573 318 1622 quo
357 1559 575 1622 pertinet
614 1558 746 1622 quod
785 1557 1021 1622 prohibiti
1062 1563 1179 1606 sunt
1221 1559 1305 1622 qui
1344 1556 1681 1606 liberabantur
1721 1555 1780 1606 ab
1824 1571 1905 1604 an-

220 1632 341 1696 gelis
381 1637 515 1680 retro
556 1633 822 1698 respicere,
861 1633 957 1680 nisi
999 1633 1113 1696 quia
1153 1646 1252 1679 non
1293 1637 1368 1680 est
1401 1633 1562 1679 animo
1597 1630 1906 1679 redeundum

218 1705 276 1754 ad
324 1713 542 1754 veterem
590 1707 757 1766 vitam,
810 1720 906 1770 qua
958 1720 1048 1770 per
1088 1707 1293 1770 gratiam
1332 1711 1655 1769 regeneratus
1696 1705 1909 1771 exuitur,

220 1781 262 1828 si.
307 1779 538 1829 ultimum
586 1779 791 1828 evadere
841 1779 1081 1829 iudicium
1133 1775 1444 1844 cogitamus?
1519 1779 1742 1843 Denique
1783 1793 1908 1827 uxor

132 1864 188 1904 20
219 1853 372 1919 Loth,
428 1852 513 1902 ubi
553 1855 792 1919 respexit,
832 1855 1069 1902 remansit
1110 1860 1158 1902 et
1196 1855 1247 1902 in
1287 1852 1438 1902 salem
1479 1867 1715 1901 conversa
1753 1851 1908 1900 homi-

220 1926 366 1976 nibus
405 1914 632 1976 fidelibus
681 1927 928 1991 quoddam
966 1928 1214 1992 praestitit
1253 1925 1645 1992 condimentum,
1697 1941 1794 1990 quo
1834 1940 1907 1974 sa-

220 2003 356 2066 piant
396 2000 593 2067 aliquid,
632 2000 763 2049 unde
804 2001 924 2050 illud
965 2007 1195 2049 caveatur
1235 2000 1526 2064 exemplum.

369 2073 488 2123 Inde
540 2089 716 2123 rursus
768 2073 1012 2122 Abraham
1064 2075 1182 2122 fecit
1227 2075 1278 2121 in
1320 2073 1518 2122 Geraris
1566 2072 1695 2138 apud
1742 2087 1911 2136 regem

223 2149 432 2197 civitatis
485 2146 616 2196 illius
665 2147 974 2214 Abimelech,
1029 2147 1162 2211 quod
1216 2148 1266 2195 in
1319 2147 1537 2211 Aegypto
1588 2147 1649 2195 de
1702 2148 1911 2210 coniuge

135 2231 190 2271 25
224 2222 438 2287 fecerat,
501 2222 644 2285 eique
699 2223 879 2270 intacta
939 2221 1164 2269 similiter
1218 2219 1410 2270 reddita
1464 2228 1553 2269 est.
1646 2219 1739 2268 Ubi
1794 2235 1910 2269 sane

223 2294 466 2343 Abraham
515 2294 795 2359 obiurganti
842 2296 969 2361 regi,
1017 2309 1106 2343 cur
1145 2295 1382 2343 tacuisset
1422 2309 1626 2343 uxorem
1666 2308 1910 2342 sororem-

225 2384 321 2433 que
372 2367 600 2434 dixisset,
656 2370 881 2432 aperiens
933 2368 1050 2432 quid
1106 2369 1328 2417 timuerit
1378 2369 1525 2416 etiam
1571 2367 1664 2416 hoc
1704 2366 1909 2416 addidit:

225 2444 422 2492 Etenim
462 2457 579 2491 vero
617 2457 765 2491 soror
804 2457 914 2491 mea
954 2448 1027 2491 est
1066 2444 1128 2491 de
1159 2447 1327 2504 patre,
1366 2444 1458 2491 sed
1494 2457 1594 2491 non
1635 2443 1696 2490 de
1734 2446 1910 2502 matre,

227 2517 340 2580 quia
379 2515 438 2564 de
478 2522 618 2581 patre
659 2531 748 2564 suo
789 2530 929 2564 soror
971 2522 1074 2564 erat
1113 2515 1357 2579 Abrahae,
1397 2515 1455 2564 de
1498 2530 1594 2579 quo
1633 2516 1912 2579 propinqua

139 2601 195 2641 30
227 2592 333 2639 eius
376 2597 493 2638 erat.
572 2589 754 2638 Tantae
796 2596 959 2638 autem
999 2588 1382 2654 pulchritudinis
1423 2589 1541 2654 suit,
1579 2595 1635 2637 ut
1674 2589 1820 2636 etiarn
1859 2589 1912 2636 in

227 2663 307 2712 illa
347 2670 503 2712 aetate
544 2669 712 2727 posset
751 2663 977 2712 adamari.

346 2793 390 2846 3)
425 2790 535 2834 Gen.
571 2793 640 2846 18,
677 2795 744 2834 18.
810 2792 881 2845 12)
915 2791 1026 2835 Gen.
1063 2795 1130 2846 19,
1164 2795 1220 2835 24
1253 2805 1317 2846 sq.
1381 2791 1454 2846 28)
1487 2789 1599 2835 Gen.
1632 2793 1704 2844 20,
1739 2793 1806 2833 12.
