2004 3140
575 146 642 177 DE
667 142 905 177 mvrrA'rE
929 144 1017 175 Dm
1042 143 1082 176 L.
1107 144 1208 176 XXI.
1234 143 1270 176 c.
1297 145 1349 177 27.
1694 131 1803 183 545

118 266 230 325 post
284 257 479 322 aliquod
536 264 730 320 tempus
785 272 810 304 a
866 255 1175 305 damnatione
1232 258 1496 305 novissima
1548 255 1800 305 liberetur.

116 333 217 382 Nec
263 331 325 381 ob
374 331 503 380 aliud
552 332 832 380 existimant
873 328 1124 379 Christum
1172 331 1230 379 de
1280 330 1382 378 solo
1433 330 1614 379 dilectu
1654 336 1800 394 atque

116 406 341 471 neglectu
392 405 784 469 elemosynarum
832 403 1181 453 discretionem
1228 406 1358 453 inter
1410 404 1609 453 dextros
1650 411 1699 452 et
1739 406 1818 453 si·'

112 483 296 529 nistros
337 494 446 528 esse
487 480 754 539 facturum,
805 493 1016 542 quorum
1065 478 1185 527 alios
1223 480 1274 527 in
1314 493 1545 542 regnum,
1593 478 1711 526 alios
1751 481 1800 526 in

113 553 410 618 supplicium
445 554 605 602 mittat
638 559 909 602 aeternum.
987 551 1050 601 Ut
1082 559 1245 601 autem
1280 552 1522 601 cotidiana
1563 551 1655 600 sibi
1696 554 1798 616 opi·
1833 560 1859 600 5

109 635 308 692 nentur,
350 642 473 691 quae
506 627 667 675 facere
702 627 900 675 omnino
942 641 1040 674 non
1082 632 1291 691 cessant,
1331 625 1707 690 qualiacumque
1750 634 1799 674 et

107 708 504 766 quantacumque
544 702 665 766 sint,
703 715 794 765 per
833 699 1137 764 elemosynas
1177 699 1357 748 dimitti
1395 714 1540 764 posse
1581 706 1798 765 peccata,

106 777 402 841 orationem,
450 789 594 838 quam
642 773 810 822 docuit
856 775 961 838 ipse
1003 773 1263 839 Domimm,
1311 781 1360 823 et
1407 774 1798 837 suffragatricem

108 849 201 898 sibi
241 848 474 897 adhihere
508 855 749 897 conantur
789 854 838 897 et
878 854 1070 896 testem.
1150 847 1288 896 Sicut
1329 849 1459 896 enim
1500 847 1664 896 nullus
1705 855 1796 913 est,

106 924 352 987 inquiunt,
392 922 510 987 dieS‚
552 937 648 986 quo
689 937 715 970 a
748 921 1038 971 Christianis
1077 921 1197 970 haec
1239 923 1393 970 oratio
1435 936 1534 969 non
1574 920 1792 971 tucatur:
1831 930 1885 970 10

106 999 172 1046 ita
220 995 408 1045 nullum
457 1003 532 1044 est
578 996 876 1045 cotidianum
926 995 1284 1060 qualecumque
1333 1001 1612 1060 peccatum,
1661 996 1791 1059 quod

106 1086 196 1135 per
227 1070 358 1119 illam
391 1085 488 1119 non
531 1070 819 1135 dimittatur,
859 1085 972 1118 cum
1013 1069 1244 1119 dicimus:
1284 1071 1489 1119 Dimitte
1527 1071 1669 1118 nobis
1710 1072 1792 1118 de-

107 1147 213 1193 bita
259 1151 456 1204 nostra,
506 1145 547 1192 si
595 1144 725 1208 quod
773 1145 998 1208 sequitur
1046 1143 1208 1192 facere
1260 1158 1514 1192 curemus:
1566 1143 1713 1192 Sicut
1748 1149 1799 1192 et

106 1233 196 1268 nos
236 1220 528 1267 dimittimus
576 1220 885 1268 debitoribus
931 1220 1129 1267 nostris,
1207 1217 1316 1266 Non
1357 1219 1487 1266 enim
1527 1218 1594 1266 ait
1633 1216 1794 1266 Domi-

106 1307 223 1358 nim,
262 1294 514 1356 inquiunt:
568 1292 619 1340 Si
667 1292 954 1341 dimiseritis
994 1298 1194 1356 peccata
1234 1290 1536 1357 hominibUS‚
1578 1291 1792 1340 dimittet
1830 1299 1883 1337 15

106 1366 243 1414 vobis
282 1373 423 1431 pater
462 1372 625 1415 vester
666 1366 907 1415 cotidiana
946 1381 1093 1430 parva
1133 1371 1354 1430 peccata,
1396 1364 1503 1414 sed:
1552 1366 1792 1424 Bimz'ttet,

106 1442 295 1506 inquit,
357 1441 494 1490 vobis
547 1446 770 1503 peccata
825 1446 1005 1489 vestra.
1101 1438 1486 1503 Qualiacumque
1543 1454 1660 1503 ergo
1717 1438 1791 1487 vel

108 1521 504 1578 quantacumque
556 1516 678 1578 sint,
731 1515 921 1563 etiamsi
968 1514 1146 1562 cotidie
1194 1519 1546 1578 perpetrentur
1593 1527 1684 1561 nec
1734 1511 1793 1560 ab

106 1590 177 1636 eis
227 1589 324 1636 vita
371 1587 590 1637 discedat
640 1589 690 1636 in
738 1587 914 1636 melius
962 1594 1279 1636 commutata:
1326 1602 1416 1651 per
1464 1586 1792 1650 elemosynam

106 1663 274 1711 veniae
315 1676 413 1710 non
454 1668 655 1726 negatae
696 1663 881 1710 remitti
921 1660 1014 1709 sibi
1052 1676 1196 1725 posse
1238 1666 1576 1725 praesumunt.
1827 1667 1884 1707 20

257 1734 354 1783 Sed
392 1734 542 1801 hene,
590 1735 720 1800 quod
768 1737 850 1784 isti
890 1734 1060 1799 dignas
1101 1749 1190 1798 pro
1230 1736 1447 1799 peccatis
1488 1733 1795 1798 elemosynas

106 1815 420 1858 commonent
471 1825 579 1858 esse
630 1809 899 1875 faciendas3
953 1811 1183 1873 quoniam
1235 1810 1277 1856 si
1328 1808 1551 1856 dicerent
1604 1807 1794 1871 quales-

107 1898 318 1947 cumque
368 1882 672 1948 elemosynas
719 1898 808 1948 pro
857 1885 1073 1947 peccatis
1121 1890 1169 1930 et
1218 1882 1475 1931 cotidianis
1517 1888 1566 1930 et
1605 1882 1795 1946 magnis

108 1966 156 2006 et
218 1962 611 2022 quantacumque
676 1956 921 2006 scelerum
983 1955 1339 2007 consuetudine
1404 1955 1794 2004 misericordiam

106 2046 250 2095 posse
291 2032 555 2095 impetrare
596 2030 830 2096 divinam,
879 2038 934 2079 ut
973 2045 1029 2078 ea
1069 2029 1310 2078 cotidiana
1351 2031 1575 2077 remissio
1617 2043 1792 2092 seque·
1828 2037 1883 2076 25

107 2111 268 2170 retur,
315 2103 539 2153 viderent
585 2120 638 2153 se
678 2119 782 2153 rem
823 2103 988 2153 dicere
1030 2102 1292 2151 absurdam
1332 2109 1478 2167 atque
1519 2101 1792 2151 ridiculam.

109 2178 189 2226 Sic
231 2179 361 2227 enim
401 2185 698 2242 cogerentur
738 2178 880 2227 fateri
928 2178 1035 2226 fieri
1073 2192 1243 2242 posse,
1292 2182 1347 2225 ut
1387 2175 1792 2240 opulentissimus

107 2251 252 2300 homo
308 2251 480 2300 decem
533 2251 798 2301 nummulis
853 2251 1044 2300 diurnis
1108 2252 1158 2299 in
1213 2249 1516 2314 elemosynas
1572 2251 1792 2314 inpensis

107 2324 368 2374 homicidia
407 2333 456 2374 et
488 2325 725 2375 adulteria
765 2332 814 2374 et
853 2326 1038 2385 nefaria
1078 2339 1302 2388 quaeque
1342 2324 1469 2372 sacta
1510 2323 1793 2372 redimeret.

108 2398 249 2456 Quod
305 2399 346 2447 si
401 2398 811 2448 absurdissimum
865 2406 1010 2463 atque
1063 2399 1430 2446 insanissimum
1482 2404 1556 2445 est
1607 2396 1788 2460 dicere,
1822 2405 1879 2444 30

106 2472 329 2537 profecto
377 2475 419 2521 si
459 2479 746 2539 quaeratur,
793 2487 916 2536 quae
958 2472 1132 2536 dignae
1173 2473 1273 2520 sint
1311 2486 1401 2535 pro
1440 2471 1656 2535 peccatis
1696 2468 1793 2517 ele·

108 2560 352 2611 mosynae‚
393 2546 451 2594 de
493 2545 672 2610 quibus
712 2548 858 2595 etiam
899 2545 1081 2595 Christi
1119 2558 1416 2609 praecursor
1455 2542 1535 2591 ille
1576 2541 1795 2592 dicebat:

230 2675 302 2727 14)
333 2672 416 2717 Mt.
451 2677 491 2727 6,
527 2677 594 2716 12.

230 2825 282 2864 16
306 2821 499 2876 peccata
514 2832 627 2872 mss,·
652 2820 845 2875 peccata
860 2821 1015 2863 vestra
1031 2831 1056 2861 v
1080 2819 1096 2874 ΙΙ
1122 2822 1175 2862 19
1196 2816 1463 2861 discedatR
1482 2818 1524 2860 A
1542 2817 1638 2860 edd.
1664 2820 1766 2859 vett.
1778 2831 1796 2867 ‚-

109 2877 350 2923 discedant
382 2879 520 2923 Parr.
553 2879 665 2922 meli.
699 2892 724 2921 v
748 2879 764 2934 ΙΙ
787 2882 842 2922 28
877 2877 1087 2934 expensis
1121 2877 1164 2920 A
1189 2878 1204 2934 ΙΙ
1228 2882 1284 2921 30
1317 2878 1364 2920 et
1395 2890 1420 2920 v

200 2968 295 2993 Auo.
319 2969 372 2992 nx
399 2968 477 2994 οη.
504 2967 584 2992 mu.
609 2960 660 2992 11.
1382 2955 1437 2993 35
