1952 3106
240 119 305 171 16
903 130 938 164 s.
962 130 1235 166 AUGUS'rm

245 245 363 293 Cum
403 246 579 293 timore
625 250 673 293 et
719 250 935 293 tremore
973 249 1186 293 vestram
1225 247 1445 306 ipsorum
1483 248 1693 294 salutem
1732 260 1910 308 opera-

236 321 359 365 mini
366 334 385 374 ;
425 323 496 366 et:
536 319 650 366 Noli
678 320 832 366 altum
869 331 1063 379 sapere,
1102 320 1194 367 sed
1230 321 1373 375 time;
1411 325 1482 367 et:
1528 317 1690 367 Timeo
1730 325 1910 379 autem,

238 407 313 450 ne,
351 393 484 439 sieut
505 405 712 452 serpens
741 391 898 438 Evam
929 393 1134 439 seduxit
1164 394 1352 440 astutia
1382 407 1490 450 sua,
1530 394 1605 440 sie
1629 398 1680 440 et
1715 398 1912 442 vestrae

238 471 423 513 mentes
474 469 869 525 corrumpantur
914 478 947 511 a
997 467 1255 524 castitate,
1310 479 1440 525 quae
1490 470 1563 514 est
1603 467 1653 513 in
1701 466 1911 515 Christo.

177 545 203 583 5
235 535 304 585 De
343 537 541 585 tristitia
579 552 717 602 vero,
766 551 910 600 quam
951 535 1122 585 Cicero
1163 538 1314 600 magis
1354 537 1710 601 aegritudinem
1749 538 1911 602 appel·

235 609 316 675 lat,
347 609 565 657 dolorem
597 616 760 658 autem
791 609 1047 675 Vergilius,
1079 609 1163 658 ubi
1196 611 1283 658 ait:
1318 609 1524 676 „Dolent
1555 606 1911 675 gaudentque“,

240 678 352 748 (sed
384 682 493 730 ideo
525 682 673 732 malui
705 684 955 731 tristitiam
995 683 1174 747 dicere,
1214 684 1327 746 quia
1365 683 1618 747 aegritudo
1658 683 1733 732 vel
1772 684 1912 733 dolor

235 756 463 804 usitatius
501 757 551 803 in
601 755 890 820 corporibus
937 750 1143 823 dicitur)
1184 755 1521 820 scrupulosior
1562 758 1780 819 quaestio
1821 765 1911 823 est,

234 835 401 877 utrum
439 830 649 877 inveniri
686 830 842 893 possit
879 831 930 876 in
968 828 1113 877 bon0.

147 983 200 1022 10
374 1008 386 1015 -
877 969 1073 1023 CAPUT
1114 969 1259 1021 VIII.

232 1063 307 1111 De
338 1064 500 1111 tribus
526 1063 1008 1124 perturbationibus,
1048 1076 1174 1122 quas
1207 1064 1258 1110 in
1291 1064 1456 1110 animo
1487 1064 1727 1124 sapientis
1752 1063 1914 1113 Stoici

337 1151 442 1185 esse
479 1138 755 1195 voluerunt,
797 1138 1002 1184 excluso
1042 1137 1215 1184 dolore
1252 1137 1356 1183 sive
1394 1137 1616 1194 tristitia,
1656 1150 1806 1195 quam

591 1211 751 1256 virtus
790 1210 949 1256 animi
984 1210 1172 1256 sentire
1211 1221 1310 1255 non
1351 1209 1541 1256 debeat.

378 1294 508 1351 Quas
549 1297 679 1343 enim
719 1294 892 1343 Graeci
931 1294 1175 1359 appellant
1212 1290 1494 1360 εὐπαθείας,
1531 1294 1702 1344 Latine
1743 1303 1906 1346 autem

149 1376 203 1416 15
238 1366 409 1416 Cicero
457 1370 753 1416 constantias
800 1369 1086 1432 nominavit,
1135 1367 1287 1416 Stoici
1337 1375 1439 1416 tres
1488 1372 1594 1417 6336
1646 1368 1908 1419 voluerunt

232 1455 323 1506 pro
364 1439 522 1489 tribus
560 1439 1013 1505 perturbationibus
1051 1442 1101 1488 in
1143 1442 1303 1489 animo
1344 1443 1602 1506 sapientis,
1641 1457 1731 1506 pro
1773 1444 1907 1506 cupi-

236 1513 384 1562 ditate
424 1513 747 1579 voluntatem,
786 1529 875 1578 pro
914 1513 1096 1562 laetitia
1135 1513 1379 1579 gaudium,
1418 1529 1508 1578 pro
1549 1521 1684 1564 metu
1725 1517 1907 1564 cautio-

232 1601 368 1651 nem,
406 1601 497 1650 pro
537 1586 840 1651 aegritudine
882 1601 996 1634 vero
1035 1586 1109 1634 vel
1150 1586 1332 1652 dolore,
1372 1601 1518 1650 quam
1557 1602 1647 1636 nos
1685 1587 1906 1636 vitandae

233 1658 560 1723 ambiguitatis
599 1661 753 1724 gratia
791 1661 1041 1708 tristitiam
1081 1659 1340 1708 maluimus
1380 1659 1567 1725 dicere,
1606 1667 1908 1724 negaverunt

146 1741 202 1781 20
235 1747 341 1780 6336
388 1747 532 1796 Ρο336
580 1732 761 1796 aliquid
807 1734 857 1780 in
905 1734 1064 1780 animo
1114 1734 1361 1796 sapientis,
1437 1731 1670 1781 Voluntas
1710 1735 1908 1799 quippe,

230 1806 482 1870 inquiunt,
522 1808 707 1869 appetit
744 1804 956 1871 bonum,
996 1805 1127 1869 quod
1167 1805 1283 1854 facit
1321 1807 1535 1871 sapiens3
1575 1806 1807 1870 gaudium
1846 1805 1906 1854 de

233 1876 361 1926 bono
402 1878 575 1942 adepto
623 1885 718 1943 est,
767 1878 896 1941 quod
935 1877 1119 1941 ubique
1161 1878 1448 1942 adipiscitur
1487 1880 1703 1943 sapiens3
1743 1880 1905 1927 cautio

232 1950 412 1998 devitat
443 1951 636 2016 malum,
675 1951 806 2014 quod
839 1950 984 1998 debet
1016 1952 1210 2013 sapiens
1243 1950 1479 2014 devitare3
1518 1951 1717 1998 tristitia
1755 1965 1905 2014 porro

233 2024 346 2086 quia
377 2022 437 2070 de
469 2022 594 2071 malo
634 2030 722 2088 est,
763 2022 893 2086 quod
932 2024 1027 2070 iam
1066 2021 1257 2086 accidit,
1296 2021 1484 2070 nullum
1523 2028 1686 2077 autem
1724 2022 1905 2071 malum

146 2104 201 2143 25
234 2096 513 2143 existimant
540 2110 685 2160 posse
718 2094 939 2143 accidere
973 2096 1196 2160 sapienti,
1235 2094 1355 2142 nihil
1386 2096 1438 2143 in
1477 2097 1582 2143 eius
1623 2097 1783 2143 animo
1814 2111 1903 2159 pro

233 2167 313 2215 illa
375 2183 481 2216 esse
534 2183 678 2232 posse
734 2168 977 2216 dixerunt.
1071 2167 1152 2215 Sic
1210 2182 1326 2230 ergo
1381 2167 1451 2215 illi
1500 2167 1795 2232 loquuntur,
1849 2175 1904 2216 ut

234 2240 354 2288 velle
379 2240 590 2304 gaudere
617 2256 787 2289 cavere
820 2247 999 2304 negent
1031 2242 1123 2288 nisi
1165 2241 1457 2305 sapientem3
1498 2240 1702 2289 stultum
1741 2246 1904 2288 autem

235 2328 333 2360 non
372 2314 467 2361 nisi
506 2329 686 2378 cupere
725 2313 909 2378 laetari,
948 2320 1168 2361 metuere
1210 2315 1513 2367 contristari:
1570 2319 1618 2361 et
1656 2312 1762 2361 illas
1802 2318 1903 2361 tres

230 2401 336 2434 esse
370 2388 681 2452 constantias,
719 2386 805 2434 has
844 2392 1006 2434 autem
1039 2392 1270 2449 quattuor
1301 2385 1697 2450 perturbationes
1729 2399 1903 2434 secun-

144 2468 200 2507 30
233 2458 349 2506 dum
412 2458 726 2525 Ciceronem,
782 2458 1053 2507 secundum
1114 2465 1276 2507 autem
1337 2458 1574 2522 plurimos
1636 2459 1902 2522 passiones,

234 2530 415 2579 Graece
457 2538 619 2580 autem
651 2532 758 2580 illae
798 2537 915 2596 treS,
955 2533 1083 2579 sicut
1121 2531 1235 2596 dixi,
1274 2531 1578 2595 appellantur
1617 2526 1902 2588 εὖποὶθειαι;

235 2605 355 2651 istae
382 2611 543 2652 autem
569 2611 799 2668 quattuor
822 2600 979 2667 πάθη.
1056 2603 1186 2652 Haec
1218 2604 1400 2652 locutio
1433 2611 1601 2652 utrum
1642 2605 1902 2667 scripturis

233 2678 414 2725 sanctis
454 2684 710 2742 congruat,
758 2692 870 2726 cum
920 2691 1208 2740 quaererem
1249 2683 1486 2740 quantum
1523 2678 1663 2740 potui
1702 2675 1901 2739 diligen-

348 2775 390 2827 2)
421 2772 540 2818 Phil.
574 2779 623 2829 2,
659 2779 726 2816 12.
787 2774 919 2817 Rom.
954 2779 1029 2828 11,
1063 2778 1132 2816 20.
1194 2774 1239 2828 4)
1273 2778 1313 2816 2.
1347 2771 1446 2816 Cor.
1482 2778 1550 2827 11,
1583 2778 1621 2816 3.
1687 2774 1730 2827 5)
1765 2772 1900 2815 Tusc.

233 2835 272 2883 3,
307 2835 375 2874 10.
439 2833 481 2886 6)
514 2834 626 2875 Aen.
661 2838 700 2887 6,
735 2837 835 2877 733.
