2054 3152
246 155 312 207 78
931 164 964 198 s.
990 164 1266 200 Auens'rim

243 279 363 344 Noe,
403 285 553 343 quoto
587 279 693 327 eius
726 292 852 326 anno
886 277 1123 326 diluvium
1162 278 1345 327 factum
1385 285 1482 328 est:
1521 280 1606 343 qui
1645 278 1770 328 fiunt
1809 294 1932 328 non·

243 354 379 418 genti
411 353 765 416 quinquaginta
797 352 1031 417 quinque,
1071 367 1130 400 ex
1172 367 1270 416 quo
1308 351 1629 401 Mathusalam
1669 359 1813 402 natus
1853 360 1934 402 est

242 440 401 489 usque
435 425 494 474 ad
527 439 709 474 annum
741 424 924 474 diluvii.
1002 424 1184 474 Omnes
1224 432 1386 475 autem
1421 427 1535 474 anni
1574 427 1700 475 vitae
1739 425 1928 475 Mathu-

244 499 394 548 salam
441 500 678 563 nongenti
725 499 976 562 sexaginta
1022 514 1197 548 novem
1243 506 1597 565 conputantur,
1637 501 1776 566 quia,
1817 515 1932 548 cum

187 580 212 620 5
244 574 447 621 vixisset
479 587 632 622 annos
666 579 867 621 centum
890 574 1140 637 sexaginta
1171 579 1358 638 septem
1394 579 1442 621 et
1474 574 1726 637 genuisset
1764 572 1936 638 filium,

247 647 331 710 qui
371 652 447 695 est
486 645 757 711 appellatus
790 645 1017 711 Lamech,
1055 652 1168 710 post
1208 661 1319 695 eum
1360 648 1580 711 genitum
1619 648 1738 695 vixit
1777 661 1931 695 annos

246 721 556 784 octingentos
603 719 722 785 duo;
772 721 855 783 qui
903 734 1096 786 omneS,
1135 726 1192 768 ut
1238 719 1472 786 diximuS,
1520 721 1755 784 nongenti
1795 735 1933 768 sexa·

245 794 379 856 ginta
411 808 586 842 novem
618 794 756 842 fiunt.
834 792 972 842 Unde
1005 793 1238 842 detractis
1278 795 1539 857 nongentis
1579 795 1933 858 quinquaginta

244 867 463 930 quinque
516 866 575 915 ab
615 874 729 915 ortu
766 866 1063 915 Mathusalae
1102 882 1262 930 usque
1302 866 1361 915 ad
1401 866 1637 915 diluvium
1675 873 1938 915 remanent

155 948 212 988 10
245 940 670 1006 quattuordecim,
741 939 920 1004 quibus
982 941 1162 989 vixisse
1225 939 1446 989 creditur
1506 947 1619 1004 post
1679 939 1933 989 diluvium.

241 1013 453 1078 Propter
485 1014 616 1078 quod
650 1028 764 1062 eum
796 1013 1035 1080 nonnulli,
1075 1015 1167 1063 etsi
1200 1028 1300 1062 non
1330 1015 1382 1062 in
1420 1020 1568 1079 terra,
1607 1012 1693 1062 ubi
1732 1028 1929 1062 omnem

242 1101 463 1152 carnem,
511 1103 660 1152 quam
705 1088 870 1136 vivere
917 1089 968 1135 in
1016 1089 1156 1151 aquis
1197 1093 1372 1136 natura
1411 1102 1510 1135 non
1551 1088 1689 1152 sinit,
1736 1093 1933 1135 constat

242 1161 394 1210 fuisse
443 1161 678 1228 deletam,
727 1176 842 1210 cum
886 1167 1027 1225 patre
1075 1176 1164 1210 suo
1206 1162 1291 1224 qui
1329 1159 1596 1209 translatus
1644 1161 1806 1209 fuerat
1845 1159 1929 1208 ali-

243 1240 482 1298 quantum
535 1235 689 1284 fuisse
745 1242 891 1299 atque
946 1234 1036 1300 ibi,
1099 1234 1256 1284 donec
1323 1234 1561 1283 diluvium
1619 1235 1933 1300 praeteriret,

154 1315 208 1354 15
241 1309 420 1357 vixisse
477 1307 801 1368 arbitrantur,
864 1307 1089 1357 nolentes
1151 1308 1388 1372 derogare
1451 1307 1596 1356 fidem
1662 1305 1935 1372 codicibuS,

245 1396 369 1445 quos
431 1383 482 1430 in
537 1384 880 1431 auctoritatem
936 1380 1262 1430 celebriorem
1317 1383 1538 1446 suscepit
1591 1380 1825 1446 ecclesia,
1880 1387 1932 1429 et

243 1454 503 1504 credentes
536 1455 831 1504 Iudaeorum
869 1457 1036 1520 potius
1077 1470 1223 1519 quam
1262 1457 1383 1504 istos
1429 1470 1527 1503 non
1567 1454 1749 1503 habere
1792 1453 1922 1518 quod

244 1543 415 1578 verum
466 1536 554 1578 est.
631 1528 739 1577 Non
794 1530 926 1578 enim
974 1529 1259 1594 admittunt,
1311 1529 1442 1593 quod
1490 1530 1644 1592 magis
1690 1527 1771 1576 hic
1818 1542 1928 1576 esse

242 1604 460 1666 potuerit
508 1618 648 1651 error
694 1604 1046 1668 interpretum,
1093 1617 1240 1666 quam
1287 1604 1338 1650 in
1385 1617 1442 1650 ea
1488 1601 1653 1665 lingua
1693 1616 1801 1650 esse
1842 1599 1930 1648 sal·

154 1684 208 1723 20
242 1691 373 1741 sum,
413 1676 543 1724 unde
583 1678 634 1724 in
675 1683 895 1725 nostram
933 1691 1023 1740 per
1063 1675 1299 1724 Graecam
1339 1677 1584 1739 scriptura
1624 1676 1731 1739 ipsa
1767 1681 1926 1723 trans·

240 1748 336 1798 lata
383 1755 480 1814 est,
529 1750 614 1798 sed
662 1751 894 1813 inquiunt
940 1765 1040 1798 non
1081 1765 1188 1798 esse
1230 1748 1464 1798 credibile
1504 1749 1816 1813 septuaginta
1852 1749 1930 1795 in·

239 1829 501 1889 terpreteS,
542 1825 626 1887 qui
665 1838 764 1872 uno
806 1822 951 1872 simul
991 1830 1212 1887 tempore
1253 1837 1453 1886 unoque
1494 1837 1644 1871 sensu
1683 1823 1926 1885 interpre-

239 1898 330 1944 tati
375 1904 512 1962 sunt,
560 1911 726 1945 errare
774 1898 995 1961 potuisse
1042 1903 1126 1945 aut
1171 1895 1258 1945 ubi
1303 1895 1425 1944 nihil
1480 1910 1653 1944 eorum
1691 1896 1933 1943 intererat

241 1969 453 2018 voluisse
494 1971 715 2035 mentiri3
755 1969 961 2019 Iudaeos
1002 1985 1142 2035 ver0,
1182 1969 1298 2018 dum
1338 1968 1480 2017 nobis
1519 1967 1755 2032 invident,
1794 1965 1927 2030 quod

154 2050 208 2089 25
242 2041 320 2091 lex
351 2050 401 2091 et
431 2043 699 2107 prophetae
733 2043 792 2091 ad
825 2058 915 2092 nos
954 2042 1669 2107 interpretandotransierint,
1709 2046 1927 2089 mutasse

242 2115 481 2179 quaedam
511 2118 562 2164 in
596 2115 848 2165 codicibus
889 2117 1006 2182 suiS,
1045 2122 1102 2165 ut
1139 2117 1323 2164 nostris
1361 2116 1671 2163 minueretur
1712 2114 1923 2162 auctori·

233 2196 330 2239 .tas‚
406 2188 543 2238 Hanc
574 2191 857 2254 opinionem
887 2189 963 2238 vel
1001 2190 1334 2253 suspicionem
1373 2189 1579 2252 accipiat
1619 2189 1828 2251 quisque
1868 2193 1931 2236 ut.

240 2265 511 2328 putaverit3
551 2269 743 2312 certum
783 2269 857 2311 est
895 2269 1057 2312 tamen
1102 2277 1201 2310 non
1240 2264 1419 2311 vixisse
1452 2260 1771 2311 Mathusalam
1809 2266 1923 2324 post

242 2335 493 2403 diluvium,
532 2336 618 2385 sed
651 2336 824 2385 eodem
855 2351 982 2384 anno
1022 2336 1173 2384 fuisse
1215 2336 1518 2401 defunctum,
1558 2336 1600 2383 si
1638 2348 1811 2383 verum
1851 2340 1928 2382 est

153 2421 210 2461 30
243 2410 374 2475 quod
422 2410 482 2459 de
530 2425 737 2458 numero
785 2424 1027 2462 annorum
1073 2411 1124 2458 in
1162 2408 1399 2458 Hebraeis
1446 2406 1700 2457 codicibus
1737 2407 1923 2455 inveni·

242 2491 338 2533 tur.
415 2483 484 2532 De
530 2483 626 2532 illis
673 2490 837 2532 autem
884 2484 1192 2547 septuaginta
1237 2481 1594 2548 interpretibus
1642 2479 1762 2545 quid
1806 2478 1927 2529 mihi

364 2641 406 2696 1)
438 2638 550 2684 Gen.
587 2645 627 2696 7,
663 2646 702 2685 6.

363 2837 386 2874 1
419 2846 559 2887 nung.
592 2829 659 2874 ΕΙ
690 2831 879 2886 itemque
900 2829 1047 2886 paulo
1074 2833 1178 2885 post
1211 2830 1227 2886 u
1257 2834 1283 2873 3
1316 2827 1439 2873 enim
1480 2828 1603 2883 V117
1637 2826 1729 2871 duo
1770 2825 1933 2879 VRF5

249 2888 365 2934 duos
395 2903 422 2934 v
445 2891 461 2946 u
484 2894 510 2933 8
541 2903 682 2946 nung.
725 2888 769 2932 V
794 2891 983 2945 itemque
1011 2889 1195 2944 saepius
