2004 3140
215 131 324 184 544
888 140 922 174 S.
946 139 1224 175 Ancnsmu

211 253 618 306 delectationibus
665 254 821 303 aliena
868 260 984 303 sunt
1030 255 1227 303 nomina
1267 255 1461 318 pietatis
1500 254 1713 304 humano
1754 270 1891 304 more

211 329 472 379 carnaliter
513 327 759 392 diligendo
800 327 995 377 Christo
1043 329 1317 393 anteponit,
1365 344 1463 377 non
1504 343 1617 377 eum
1656 327 1804 377 habet
1841 330 1892 378 in

210 403 527 452 fundamento
576 409 626 450 et
664 401 773 450 ideo
822 417 919 450 non
967 416 1056 465 per
1102 403 1265 465 ignem
1307 402 1466 451 salvus
1506 404 1623 468 erit,
1674 401 1760 451 sed
1801 403 1892 451 sal-

207 492 296 525 vus
337 491 435 525 non
484 478 602 536 erit,
655 478 769 540 quia
815 491 923 524 esse
972 490 1083 523 cum
1126 474 1372 524 Salvatore
1414 491 1513 525 non
1550 477 1756 541 poterit,
1806 479 1891 541 qui

148 559 174 600 5
206 550 265 599 de
307 550 395 599 hac
434 565 489 598 re
528 551 834 615 apertissime
874 549 1081 612 loquens
1121 550 1208 598 ait:
1256 551 1355 608 Qua·
1389 555 1528 598 amat
1559 556 1760 612 patrem
1800 555 1892 600 aut

206 630 418 674 matrem
451 627 567 687 plus
606 638 756 685 qaam
795 638 885 689 me,
925 637 1024 672 non
1064 629 1137 672 est
1174 638 1251 672 me
1291 626 1501 684 de’qnas;
1540 630 1588 672 et
1625 626 1716 685 qai
1752 631 1891 673 amat

202 701 364 758 filium
403 703 494 747 aut
526 700 687 758 filiam
732 713 886 760 super
924 711 1021 757 me,
1069 711 1169 745 non
1209 702 1282 746 est
1319 711 1397 746 me
1435 699 1631 758 azymas.
1707 697 1891 747 Verum

208 773 292 835 qui
331 771 417 820 has
457 771 849 820 necessitudines
896 773 966 819 sic
1014 776 1142 819 amat
1180 770 1464 836 carnaliter,
1513 778 1567 820 ut
1606 777 1769 820 tamen
1809 787 1892 820 eas

207 845 400 894 Christo
431 844 640 894 Domino
673 860 771 894 non
804 850 1088 909 praeponat,
1127 843 1358 908 malitque
1391 845 1511 909 ipsis
1545 859 1713 893 carere
1747 860 1892 909 quam

121 929 174 970 10
207 918 418 984 ChristO,
458 921 499 968 si
532 919 589 968 ad
621 918 753 968 hunc
787 919 936 967 fuerit
967 918 1231 968 articulum
1262 919 1596 983 temptationis
1636 918 1890 985 adductUS,

207 1009 296 1057 per
343 994 505 1057 ignem
554 994 650 1041 erit
697 993 881 1059 salum,
930 994 1043 1056 quia
1091 1007 1150 1041 ex
1189 1007 1360 1041 earum
1399 993 1660 1041 amissione
1702 1000 1893 1042 tantum

208 1081 411 1115 necesse
459 1074 534 1115 est
580 1073 691 1115 urat
738 1065 898 1130 dolor,
946 1073 1183 1130 quantum
1231 1065 1457 1115 haeserat
1507 1080 1658 1114 amor.
1735 1065 1892 1115 Porro

207 1142 292 1204 qui
342 1147 534 1204 patrem
581 1147 814 1206 matrem,
867 1140 993 1188 filios
1039 1139 1162 1188 filias
1210 1140 1484 1189 secundum
1524 1139 1774 1189 Christum
1823 1141 1892 1189 di-

206 1214 405 1280 lexerit,
451 1221 508 1264 ut
554 1213 614 1263 ad
660 1215 767 1263 eius
814 1229 1023 1278 regnum
1071 1213 1393 1263 othnendum
1442 1215 1585 1278 eique
1626 1213 1891 1265 cohaeren-

123 1298 176 1338 15
210 1287 327 1337 dum
374 1288 469 1336 illis
517 1286 766 1352 consulat,
813 1287 887 1336 vel
927 1287 1020 1336 hoc
1060 1290 1111 1336 in
1150 1289 1222 1336 eis
1261 1287 1451 1354 diligat,
1499 1287 1630 1351 quod
1671 1287 1893 1336 membra

206 1369 322 1410 sunt
373 1361 578 1411 Christi:
629 1361 756 1410 absit
807 1369 862 1410 ut
911 1363 1004 1410 ista
1059 1361 1255 1410 dilectio
1307 1363 1586 1426 reperiatur
1632 1362 1683 1409 in
1730 1361 1892 1427 ligniS,

206 1436 334 1500 feno,
374 1435 552 1499 stipula
592 1434 940 1500 consumenda,
980 1434 1064 1483 sed
1104 1449 1311 1499 prorsus
1351 1435 1571 1483 aedificio
1613 1449 1778 1500 aureo,
1818 1450 1891 1483 ar-

205 1515 407 1574 gente0,
457 1524 679 1573 gemmeo
733 1508 1064 1573 deputabitur.
1150 1508 1258 1566 Quo
1314 1508 1458 1557 modo
1515 1514 1679 1557 autem
1728 1515 1892 1573 potest

206 1597 290 1632 eos
336 1582 447 1647 plus
494 1597 656 1631 amare
706 1598 849 1647 quam
891 1581 1167 1647 Christum,
1219 1597 1343 1646 quos
1392 1589 1519 1631 amat
1566 1583 1737 1646 utique
1776 1597 1889 1647 pro·

116 1665 172 1706 20
203 1663 315 1721 pter
355 1653 641 1705 Christum?
1888 1678 1891 1679 ⁷

812 1857 1009 1912 CAPUT
1047 1858 1273 1912 XXVII.

211 1967 397 2015 Contra
431 1980 604 2015 eorum
629 1969 1026 2028 persuasionem,
1059 1970 1150 2028 qai
1178 1972 1364 2030 putant
1399 1969 1499 2016 sibi
1526 1982 1625 2017 non
1658 1967 1888 2028 offutura

369 2045 602 2102 peccata,
643 2042 693 2088 2'n
734 2042 927 2101 quibus,
968 2056 1083 2090 eum
1123 2044 1432 2104 elemosynas
1465 2040 1717 2102 facerent,

873 2117 1218 2176 perstiterunt.

116 2224 171 2264 25
350 2214 522 2264 Restat
561 2217 632 2264 eis
678 2216 1002 2282 respondere,
1052 2219 1136 2280 qui
1175 2217 1347 2266 dicunt
1385 2223 1585 2266 aeterno
1625 2219 1737 2282 igne
1777 2217 1885 2268 illos

203 2288 541 2337 tantummodo
586 2304 808 2355 arsuroS,
861 2292 944 2354 qui
983 2305 1073 2354 pro
1113 2292 1329 2354 peccatis
1369 2292 1471 2339 suis
1511 2292 1673 2340 facere
1714 2291 1884 2356 dignas

203 2362 506 2427 elemosynas
561 2362 847 2428 neglegunt,
901 2371 1105 2428 propter
1161 2363 1281 2413 illud
1333 2364 1463 2428 quod
1515 2366 1581 2413 ait
1631 2364 1882 2429 apostolus

203 2435 430 2486 Iacobus:
478 2437 731 2486 Iudicium
773 2442 938 2486 autem
977 2440 1085 2486 sine
1123 2439 1477 2487 misericordia
1516 2441 1611 2498 illi,
1659 2441 1749 2499 qui
1783 2454 1884 2488 non

197 2509 326 2571 feeit
361 2512 779 2560 misericordiam.
858 2509 954 2567 Qui
999 2525 1116 2575 ergo
1169 2511 1309 2576 fecit,
1357 2513 1609 2578 inquiunt,
1660 2514 1881 2576 quamvis

113 2591 169 2632 30
202 2598 300 2631 non
351 2585 624 2632 correxerit
672 2583 892 2649 perditos
940 2599 1102 2633 mores
1117 2624 1131 2650 ,
1179 2585 1265 2633 sed
1314 2585 1499 2634 nefarie
1547 2600 1602 2634 ac
1653 2587 1883 2650 nequiter

199 2657 330 2705 inter
368 2658 498 2720 ipsas
538 2672 651 2706 suas
691 2657 994 2722 elemosynas
1033 2659 1230 2724 vixerit,
1281 2673 1393 2707 cum
1433 2658 1769 2707 misericordia
1809 2658 1879 2707 illi

201 2729 423 2779 futurum
465 2737 541 2778 est
579 2731 835 2797 iudicium,
882 2738 938 2780 ut
975 2739 1059 2780 aut
1105 2747 1204 2780 non
1252 2731 1511 2781 damnetur
1558 2733 1755 2781 omnino
1797 2739 1880 2781 aut

322 2872 363 2926 7)
395 2871 476 2915 Mt.
511 2876 580 2927 ιο,
613 2876 682 2917 37.
745 2875 818 2928 29)
850 2872 941 2918 Iac.
974 2878 1014 2928 2,
1050 2878 1118 2917 13.
