2004 3140
0 1483 16 1600 tear.

571 145 638 176 m«,-
662 142 900 176 omum
924 143 1012 175 Dm
1036 143 1077 175 L.
1101 144 1202 176 xix.
1229 143 1266 176 c.
1289 134 1319 175 9.
1677 131 1786 184 369

779 339 973 394 CAPUT
1013 339 1106 394 IX.

91 451 173 499 Be
212 450 440 499 amicitia
485 452 779 498 sanctorum
827 451 1145 509 anqelorum,
1196 462 1327 508 quae
1365 450 1557 498 homini
1594 452 1645 498 in
1685 451 1783 500 hoc

176 526 360 573 mundo
400 537 500 572 non
532 527 696 585 potest
734 536 840 571 esse
878 520 1149 583 manifesta
1183 527 1397 584 propter
1430 521 1696 583 fallaciam

243 599 553 656 daemonum,
594 598 646 644 in
686 610 808 657 quos
848 597 1154 654 inciderunt,
1194 598 1284 656 qui
1320 598 1498 646 multos
1536 598 1637 646 sibe·

591 671 709 719 deos
748 671 983 719 colendos
1016 675 1280 732 putarunt.
1818 682 1844 721 5

246 774 301 824 In
341 775 575 823 societate
615 788 731 822 vero
772 779 1056 822 sanctorum
1095 772 1403 838 angelorum,
1443 789 1589 838 quam
1628 774 1783 839 philo-

90 848 238 914 sophi
285 848 376 914 illi,
425 849 509 912 qui
548 846 692 896 nobis
732 847 851 896 deos
903 849 1085 896 amicos
1126 862 1234 896 esse
1274 846 1560 915 voluerunt,
1607 855 1783 913 quarto

90 925 463 973 constituerunt
511 921 643 987 loco,
690 920 823 970 velut
870 920 928 969 ad
977 920 1216 971 mundum
1262 923 1516 971 venientes
1564 922 1623 971 ab
1663 921 1782 972 orbe

92 1005 381 1063 terrarum„
409 1002 464 1045 ut
516 997 586 1044 sic
634 995 845 1060 quodam
891 995 1036 1044 modo
1086 994 1535 1060 complecterentur
1584 1002 1634 1045 et
1675 1011 1780 1046 cae-

92 1071 221 1137 lum,
275 1069 408 1120 nullo
460 1069 605 1119 modo
653 1069 851 1133 quidem
898 1070 1190 1135 1netui1m1S,
1242 1084 1303 1118 ne
1349 1069 1472 1119 tales
1521 1072 1663 1119 amici
1702 1069 1778 1119 vel
1817 1081 1872 1122 10

93 1152 252 1194 morte
304 1159 394 1193 nos
451 1158 539 1192 sua
597 1142 672 1192 vel
723 1143 1068 1207 depravatione
1122 1144 1431 1193 contristent.
1522 1144 1618 1193 Sed
1669 1145 1782 1209 quia

93 1218 236 1268 nobis
275 1233 375 1267 non
414 1232 487 1284 ea,
526 1232 621 1282 qua
660 1216 901 1278 homineS,
944 1216 1270 1266 familiaritate
1310 1218 1584 1267 miscentur
1623 1212 1782 1285 (quod

90 1293 240 1341 etiam
290 1294 452 1357 ipsu-m
504 1291 562 1340 ad
615 1305 874 1340 aerumnas
925 1290 1073 1340 huius
1123 1292 1339 1355 pertinet
1393 1286 1545 1359 vitae)
1598 1299 1647 1340 et
1697 1291 1780 1341 ali·
1807 1314 1818 1324 ·

91 1365 287 1431 quando
331 1365 534 1415 Satanas
547 1405 562 1431 ,
611 1366 741 1414 sicut
786 1365 1021 1431 legimuS,
1070 1365 1387 1429 transfigurat
1436 1381 1489 1414 se
1530 1367 1658 1414 sicut
1697 1380 1779 1424 an-

90 1439 257 1504 gelum
295 1439 420 1489 lucis
453 1439 512 1488 ad
552 1438 861 1504 temptandos
902 1454 1002 1505 eoS,
1043 1454 1166 1503 quos
1206 1440 1273 1488 ita
1312 1439 1387 1488 vel
1427 1438 1616 1488 erudiri
1656 1455 1782 1505 opus
1818 1450 1872 1489 15

92 1521 169 1563 est
207 1513 284 1563 vel
324 1513 486 1578 decipi
524 1515 708 1563 iustum
750 1519 847 1562 est:
897 1527 1070 1578 magna
1108 1512 1198 1562 Dei
1237 1513 1574 1562 misericordia
1614 1528 1783 1563 neces-

91 1589 220 1637 saria
267 1594 369 1654 est,
420 1603 481 1636 ne
534 1588 820 1652 quisquam,
876 1602 990 1636 cum
1038 1585 1194 1636 bonos
1245 1587 1442 1652 angelos
1495 1589 1677 1636 amicos
1729 1602 1782 1636 se

92 1660 275 1711 habere
316 1667 478 1727 putat,
523 1660 700 1710 habeat
747 1660 900 1710 malos
940 1660 1203 1710 daemones
1243 1662 1384 1711 fictos
1424 1663 1630 1726 amicOS,
1676 1675 1782 1710 eos-

93 1749 189 1799 que
240 1742 376 1784 tanto
428 1736 742 1784 nocentiores
754 1773 768 1799 ,
823 1741 1005 1798 quanto
1065 1737 1330 1784 astutiores
1389 1749 1444 1784 ac
1496 1734 1783 1801 fallaciores,

91 1810 308 1873 patiatur
358 1810 598 1858 inimicos,
683 1807 745 1856 Et
800 1809 880 1856 cui
934 1823 1108 1872 magna
1158 1809 1251 1857 ista
1301 1807 1390 1857 Dei
1442 1808 1782 1858 misericordia
1815 1820 1873 1859 20

93 1884 372 1931 necessaria
412 1888 487 1931 est
526 1883 620 1930 nisi
661 1896 861 1946 magnae
901 1881 1142 1930 humanae
1183 1883 1437 1946 miseriae,
1478 1897 1602 1946 quae
1646 1884 1783 1947 igno-

93 1957 254 2005 rantia
301 1962 435 2005 tanta
482 1957 747 2021 premitur,
798 1962 854 2004 ut
902 1955 1041 2004 facile
1087 1957 1298 2005 istorum
1346 1955 1656 2004 simulatione
1697 1955 1781 2004 fal-

92 2026 259 2079 latur?
335 2029 399 2078 Et
430 2029 538 2078 illos
571 2028 770 2094 quidem
809 2029 1128 2094 philosophos
1167 2031 1218 2078 in
1258 2031 1405 2094 impia
1447 2031 1657 2096 civitate,
1697 2031 1782 2094 qui

93 2102 212 2152 deos
251 2103 345 2153 sibi
384 2105 567 2152 amicos
598 2118 706 2152 esse
747 2102 995 2169 dixerunt,
1032 2105 1084 2152 in
1124 2103 1388 2152 daemones
1428 2103 1664 2168 malignos
1705 2105 1775 2152 in-

93 2177 271 2226 cidisse
312 2179 644 2226 certissimum
673 2183 780 2242 est,
820 2176 999 2241 quibus
1038 2183 1139 2226 tota
1178 2179 1283 2242 ipsa
1322 2179 1492 2226 civitas
1533 2176 1778 2244 subditur,
1813 2188 1870 2227 25

91 2258 350 2300 aeternum
382 2266 494 2300 cum
527 2252 598 2299 eis
629 2250 855 2299 habitura
886 2250 1196 2315 supplicium.
1273 2250 1345 2299 Ex
1386 2266 1558 2300 eorum
1598 2253 1779 2316 quippe

93 2327 247 2374 sacris
294 2324 369 2373 vel
416 2326 580 2389 potius
629 2324 921 2390 sacrilegiiS,
970 2324 1149 2389 quibus
1202 2340 1286 2374 eos
1327 2325 1584 2390 colendos,
1632 2331 1681 2374 et
1721 2339 1780 2373 ex

93 2397 222 2447 ludis
260 2398 671 2458 inmundissimiS,
712 2398 797 2447 uhi
838 2413 1011 2447 eorum
1050 2400 1256 2447 crimina
1295 2398 1633 2458 celebrantur,
1675 2399 1778 2462 qui-

94 2470 187 2520 bus
227 2487 313 2522 eos
360 2472 623 2537 placandos
670 2478 970 2536 putaverunt
1017 2472 1202 2521 eisdem
1241 2474 1362 2537 ipsis
1402 2471 1688 2521 auctoribus
1730 2478 1780 2520 et

214 2601 288 2655 15)
321 2604 361 2642 2.
397 2599 497 2645 Cor.
533 2604 601 2654 11,
639 2603 704 2643 14.

217 2766 272 2805 14
312 2762 432 2805 sicut
469 2761 515 2805 R
555 2761 787 2818 Sanqerm.
835 2760 1056 2813 Clarom.,·
1094 2762 1146 2804 ul:
1178 2761 1221 2803 A
1254 2760 1423 2813 Fuzd.‚·
1462 2759 1512 2803 in
1543 2759 1585 2803 L
1616 2759 1782 2817 fraqm.

96 2819 224 2864 Fris.
261 2820 447 2865 Teo-tull.
480 2821 650 2863 Amiat.
686 2819 855 2864 Sinait.
900 2819 1000 2863 Vat.
1031 2819 1108 2874 (cf.
1134 2820 1217 2865 vol.
1244 2820 1291 2873 I,
1316 2823 1395 2872 92,
1420 2823 1450 2864 8
1459 2835 1475 2872 ;
1500 2819 1526 2863 l.
1552 2822 1613 2864 21
1639 2832 1674 2863 c.
1701 2823 1750 2874 6)
1766 2834 1786 2873 ;

95 2879 227 2923 uelut
260 2879 399 2924 Parr.
434 2881 490 2936 (‘?)
522 2893 547 2923 v
579 2880 656 2933 (cf.
690 2880 774 2924 vol.
809 2878 854 2933 I,
888 2882 991 2934 418,
1025 2882 1076 2934 8)

186 2968 282 2992 Atro.
306 2969 358 2993 nn
383 2968 461 2992 c1v.
485 2969 564 2995 mu.
597 2961 648 2993 ΙΙ.
1375 2955 1432 2994 24
