2004 3140
210 147 317 200 342
888 157 922 192 s.
947 157 1222 193 AUGUS'rIm

210 273 294 320 isti
345 271 412 320 dii
464 271 549 334 qui
599 277 735 336 sunt,
783 272 868 335 qui
915 278 1124 336 possunt
1169 273 1263 321 ista
1308 272 1593 336 praedicere
1641 288 1731 323 nec
1782 289 1894 339 pos·

211 351 328 394 sunt
368 350 614 409 avertere,
665 345 732 393 ita
772 343 1152 394 succumbentes
1191 346 1278 394 uni
1317 345 1536 395 malefico
1577 354 1626 396 et
1664 349 1751 397 uni
1790 363 1895 397 sce·

210 418 302 467 leri
349 419 565 484 magice,
618 433 714 482 quo
761 433 913 485 puer,
960 425 1014 468 ut
1062 418 1257 485 dicunt,
1302 419 1560 469 anniculus
1611 422 1806 470 occisus
1845 428 1894 471 et

211 491 472 542 dilaniatus
514 499 564 541 et
603 494 702 542 ritu
743 493 930 541 nefario
971 492 1195 558 sepultus
1235 500 1324 559 est,
1363 499 1419 543 ut
1457 500 1641 544 sectam
1682 494 1774 543 sibi
1813 494 1894 544 ad·

149 574 176 615 5
210 568 474 615 versariam
506 572 604 615 tam
636 565 827 631 prolixo
859 573 1081 632 tempore
1114 566 1472 634 convalescere,
1511 574 1584 618 tot
1623 574 1894 618 tantarum·

208 655 304 703 que
343 641 747 705 persecutionum
786 640 1058 690 horrendas
1107 639 1425 690 crudelitates
1464 656 1562 690 non
1602 642 1895 709 resistend0‚

207 714 294 763 sed
340 713 572 779 patiendo
620 729 855 779 superare
904 722 953 764 et
1000 714 1058 763 ad
1111 729 1317 763 suorum
1357 714 1733 765 simulacrorum
1773 723 1894 766 tem·

205 787 425 853 plorum,
472 803 727 837 sacrorum
775 788 1088 838 oraculorum
1138 790 1444 837 eversionem
1482 791 1742 854 pervenire
1782 805 1893 855 per-

205 858 498 919 mitterent?
576 861 696 919 Quis
747 868 998 926 postremo
1053 869 1127 911 est
1167 861 1312 929 deUS,
1359 877 1458 911 non
1499 869 1667 912 noster
1706 865 1894 930 utique,

122 945 175 984 10
209 935 294 983 sed
343 937 590 1000 ipsorum,
638 937 724 999 qui
770 936 845 985 vel
891 935 1102 985 inlectus
1149 943 1285 985 tanto
1326 935 1513 986 scelere
1553 936 1629 986 vel
1667 937 1894 1002 inpulsus

208 1016 282 1058 est
332 1011 424 1058 ista
471 1006 761 1073 praestare?
838 1009 944 1059 Non
999 1011 1130 1059 enim
1181 1009 1326 1059 alicui
1366 1010 1620 1076 daemoni,
1676 1011 1762 1060 sed
1802 1010 1894 1060 deo

207 1083 378 1132 dicunt
432 1082 501 1132 illi
555 1098 726 1132 versus
788 1083 908 1133 haec
962 1083 1166 1133 Petrum
1229 1091 1333 1133 arte
1396 1086 1583 1149 magica
1645 1084 1893 1134 definisse.

207 1156 374 1206 Talem
415 1157 561 1206 deum
601 1156 799 1222 habent,
839 1159 924 1223 qui
965 1157 1215 1207 Christum
1257 1173 1355 1207 non
1391 1151 1591 1208 habent.

859 1359 1057 1414 CAPUT
1099 1359 1237 1414 LIV.

119 1494 173 1534 15
244 1485 319 1532 De
356 1486 643 1533 stultissimo
683 1485 945 1533 mendacio
979 1497 1325 1545 paganorum,
1375 1497 1472 1544 quo
1519 1483 1858 1533 Christianam

319 1560 612 1619 reliqe‘onem
651 1573 749 1607 non
790 1561 927 1606 ultra
968 1563 1218 1606 trecentos
1255 1559 1527 1618 sexayinta
1566 1560 1786 1619 quinque

577 1646 737 1680 annos
774 1646 1067 1694 mansuram.
1108 1645 1214 1680 esse
1247 1633 1525 1690 finxerunt.

355 1748 488 1798 Haec
522 1755 668 1813 atque
708 1747 856 1798 huius
897 1748 1029 1797 modi
1068 1748 1220 1798 multa
1259 1748 1557 1814 colligerem,
1597 1750 1639 1797 si
1677 1748 1895 1798 nondum

209 1839 367 1873 annus
418 1826 523 1888 ipse
580 1824 861 1887 transisset,
917 1837 1064 1886 quem
1119 1822 1350 1872 divinatio
1407 1823 1519 1872 ficta
1569 1823 1795 1887 promisit
1847 1830 1897 1872 et

120 1907 178 1948 20
211 1898 415 1962 decepta
477 1898 663 1946 vanitas
725 1895 949 1946 credidit.
1027 1895 1151 1945 Cum
1206 1911 1322 1945 vero
1333 1936 1348 1963 ,
1411 1911 1469 1945 ex
1523 1911 1620 1960 quo
1683 1897 1896 1945 nominis

209 1971 396 2020 Christi
437 1970 600 2020 cultus
642 1985 732 2035 per
771 1971 879 2019 eius
918 1971 969 2019 in
1010 1985 1156 2019 carne
1195 1971 1525 2035 praesentiam
1566 1976 1614 2019 et
1652 1985 1743 2034 per
1783 1985 1894 2035 apo-

207 2044 358 2093 stolos
419 2045 677 2093 institutus
732 2051 843 2108 est,
898 2050 1010 2092 ante
1067 2044 1252 2108 aliquot
1309 2059 1462 2092 annos
1517 2045 1631 2092 anni
1685 2045 1897 2092 trecenti

207 2119 457 2182 sexaginta
513 2118 731 2181 quinque
786 2117 1017 2181 completi
1069 2119 1192 2182 sint,
1249 2116 1366 2181 quid
1415 2116 1544 2166 aliud
1597 2118 1895 2182 quaerimuS,

208 2191 338 2240 unde
385 2192 478 2239 ista
527 2189 708 2239 falsitas
758 2187 1048 2239 refellatur?
1124 2189 1186 2239 Ut
1234 2192 1363 2239 enim
1412 2192 1460 2238 in
1503 2189 1685 2238 Christi
1726 2191 1894 2239 nativi-

121 2273 177 2314 25
210 2271 315 2313 tate
354 2264 502 2313 huius
542 2265 614 2312 rei
654 2279 752 2312 non
791 2278 1031 2327 ponamus
1070 2265 1290 2328 initium,
1331 2265 1445 2327 quia
1483 2263 1643 2311 infans
1683 2270 1733 2312 et
1771 2279 1897 2328 puer

207 2337 475 2402 discipulos
508 2352 606 2385 non
639 2336 861 2402 habehat,
900 2344 1064 2386 tamen
1105 2337 1299 2401 quando
1339 2336 1520 2386 habere
1562 2338 1740 2403 coepit,
1779 2352 1893 2402 pro·

208 2411 288 2461 cul
327 2410 476 2460 dubio
518 2417 634 2459 tunc
682 2412 895 2460 innotuit
944 2425 1034 2475 per
1074 2412 1180 2459 eius
1220 2409 1526 2475 corporalem
1565 2412 1893 2475 praesentiam
1942 2473 1947 2476 ρ

207 2486 430 2534 doctrina
486 2491 534 2533 et
589 2484 760 2549 religio
818 2483 1118 2550 Christiana,
1171 2484 1219 2532 id
1269 2491 1371 2549 est,
1423 2491 1594 2549 postea
1645 2499 1788 2549 quam
1841 2485 1892 2532 in

207 2558 356 2607 fluvio
389 2558 594 2607 Iordane
628 2559 901 2607 ministerio
934 2557 1163 2606 Iohannis
1203 2565 1277 2606 est
1316 2557 1604 2622 baptizatus
1681 2557 1893 2622 Propter

120 2641 178 2682 30
210 2632 302 2680 hoc
343 2634 474 2680 enim
512 2631 571 2680 de
611 2631 693 2680 illo
725 2631 981 2696 prophetia
1020 2630 1101 2680 illa
1140 2638 1498 2695 praecesserat:
1537 2632 1892 2681 Dominabitur

211 2721 242 2754 a
282 2708 417 2754 mari
452 2720 610 2765 usque
661 2708 732 2754 ad
769 2720 910 2755 mare
950 2711 998 2755 et
1036 2720 1068 2754 a
1101 2707 1311 2765 flamine
1349 2720 1505 2766 usqae
1545 2706 1616 2754 ad
1653 2706 1891 2754 terminos

328 2895 353 2934 2
386 2893 568 2935 uertere
600 2890 645 2935 R
668 2893 682 2947 ΙΙ
707 2895 732 2935 9
767 2891 846 2946 qui
880 2891 924 2934 R
