2004 3140
139 1105 193 1145 10

142 1476 193 1516 15

141 1847 196 1887 20

141 2215 195 2255 25

140 2585 196 2624 30

221 143 331 196 400
895 153 928 186 s.
954 151 1230 186 Auousrm1

852 349 1046 404 CAPUT
1085 350 1282 404 XXIV.

230 463 341 520 ,Oua
374 462 663 520 definitione
702 464 895 510 constet
918 460 1095 521 populi
1124 463 1173 507 et
1202 460 1284 508 rei
1304 459 1545 520 publicae
1577 462 1909 522 nuncupatio-

271 549 382 585 nem
422 540 562 584 recte
598 536 700 585 sibi
736 548 837 584 non
876 536 1033 598 solum
1073 533 1342 598 RomanOS,
1380 535 1472 582 sed
1509 535 1659 583 etiam
1698 548 1861 595 reqna

857 610 961 657 alia
1001 610 1279 658 vindicare.
1560 612 1561 615 ’

375 727 426 775 Si
459 734 623 776 autem
655 727 868 792 populus
900 741 998 775 non
1038 727 1149 792 ist0,
1189 724 1274 774 sed
1316 725 1410 773 alio
1449 725 1711 776 definiatur
1750 726 1910 793 m0d0,

223 801 356 850 velut
404 803 445 850 si
495 801 705 851 dicatur:
758 800 1014 867 „Populus
1063 800 1138 848 est
1185 805 1355 848 coetus
1396 799 1726 849 multitudinis
1765 803 1910 850 ratio-

223 875 346 924 nalis
393 891 563 925 rernm
610 890 731 940 quas
779 874 935 940 diligit
982 872 1216 923 concordi
1268 875 1611 923 communione
1653 870 1911 942 sociatus“,

224 949 463 1016 profectO,
502 956 558 998 ut
596 949 820 998 videatur
860 948 1016 1013 qualis
1057 949 1267 1012 quisque
1307 947 1520 1012 populus
1562 949 1638 1014 sit,
1677 947 1757 997 illa
1797 958 1913 999 sunt

225 1024 475 1089 intuenda,
516 1039 640 1088 quae
674 1023 843 1088 diligit.
923 1022 1274 1086 Quaecumque
1306 1028 1472 1071 tamen
1505 1021 1685 1087 diligat,
1727 1024 1768 1071 si
1801 1038 1910 1072 coe·

226 1104 306 1147 tus
355 1103 429 1146 est
476 1097 805 1147 multitudinis
845 1112 943 1146 non
983 1111 1248 1162 pecorum,
1302 1096 1387 1144 sed
1412 1096 1739 1158 ⁵rationalium
1779 1112 1912 1147 crea-

224 1179 450 1220 turarum
497 1179 546 1220 et
594 1187 766 1221 eorum
816 1187 940 1236 quae
981 1171 1138 1235 diligit
1177 1169 1412 1219 concordi
1451 1172 1796 1220 communione
1837 1186 1911 1221 so-

225 1247 382 1295 ciatus
423 1253 512 1312 est,
552 1261 650 1294 non
684 1244 896 1295 absurde
936 1245 1149 1310 populus
1189 1251 1528 1310 nuncupatur3
1565 1251 1700 1294 tanto
1741 1247 1912 1310 utique

225 1319 425 1385 melior,
459 1327 661 1384 ‘quanto
701 1321 751 1367 in
791 1318 1078 1368 melioribus
1091 1359 1104 1384 ,
1159 1325 1394 1382 tantoque
1435 1318 1675 1384 deterior,
1730 1326 1912 1384 quanto

227 1400 301 1442 est
332 1395 383 1442 in
417 1391 747 1443 deterioribus
781 1408 1003 1442 concors,
1082 1391 1367 1442 Secundum
1399 1394 1543 1441 istam
1576 1392 1914 1443 definitionem

227 1474 447 1516 nostram
493 1467 742 1534 Romanus
789 1467 1001 1532 populus
1047 1466 1260 1532 populus
1308 1472 1384 1515 est
1431 1472 1480 1515 et
1527 1481 1608 1515 res
1661 1468 1767 1516 eius
1807 1469 1912 1516 sine

226 1540 531 1590 dubitatione
580 1557 660 1590 res
708 1541 917 1606 publica,
997 1541 1124 1599 Quid
1172 1546 1334 1590 autem
1383 1541 1555 1604 primis
1607 1541 1915 1606 temporibus

227 1616 329 1663 suis
377 1615 555 1679 quidve
604 1615 927 1680 sequentibus
974 1615 1187 1680 populus
1233 1615 1314 1664 ille
1355 1614 1582 1663 dilexerit
1637 1622 1687 1664 et
1734 1615 1914 1680 quibus

226 1688 447 1738 moribus
481 1689 539 1738 ad
572 1691 944 1739 cruentissimas
978 1689 1246 1738 seditiones
1280 1695 1426 1753 atque
1459 1688 1572 1738 inde
1615 1688 1673 1737 ad
1715 1689 1912 1739 socialia

227 1769 374 1827 atque
441 1763 597 1812 civilia
652 1762 778 1812 bella
831 1765 1125 1829 perveniens
1180 1766 1337 1829 ipsam
1391 1762 1734 1830 concordiam,
1789 1779 1914 1828 quae

229 1837 361 1886 salus
402 1844 477 1886 est
517 1838 727 1901 quodam
769 1838 912 1886 modo
963 1838 1153 1903 populi,
1200 1839 1394 1903 ruperit
1432 1843 1578 1901 atque
1619 1839 1915 1904 corruperit,

227 1917 438 1960 testatur
491 1911 719 1978 historia3
775 1911 834 1961 de
883 1927 978 1976 qua
1025 1914 1075 1960 in
1121 1910 1534 1976 praecedentibus
1584 1910 1724 1960 libris
1763 1911 1916 1961 multa

227 1987 497 2049 posuimus,
573 1985 674 2034 Nec
726 1986 837 2035 ideo
869 1993 1034 2035 tamen
1074 1985 1149 2034 vel
1188 1987 1352 2051 ipsum
1390 2001 1490 2034 non
1531 2000 1638 2034 esse
1679 1985 1917 2050 populum

227 2058 302 2107 vel
351 2061 457 2108 eius
503 2075 611 2108 rem
658 2060 866 2108 dixerim
915 2075 1015 2109 non
1063 2075 1173 2108 esse
1213 2075 1319 2108 rem
1358 2059 1630 2126 publicam,
1682 2059 1915 2123 quamdiu

227 2139 394 2181 manet
433 2133 805 2198 qualiscumque
846 2133 1097 2184 rationalis
1137 2133 1467 2183 multitudinis
1507 2132 1705 2199 coetus,
1745 2148 1916 2182 rerum

230 2220 350 2269 quas
390 2205 547 2274 diligit
586 2207 820 2255 concordi
867 2208 1213 2256 communione
1263 2209 1490 2256 sociatus.
1569 2207 1709 2264 Quod
1751 2214 1915 2256 autem

228 2279 287 2327 de
328 2281 424 2328 isto
471 2280 664 2344 populo
701 2287 751 2329 et
790 2280 849 2329 de
896 2282 989 2329 ista
1036 2295 1091 2328 re
1130 2276 1326 2345 publica
1366 2280 1486 2346 dixi,
1533 2279 1626 2328 hoc
1668 2279 1727 2328 de
1767 2279 1914 2329 Athe-

228 2354 475 2401 niensium
526 2353 599 2401 vel
655 2369 1082 2419 quorumcumque
1134 2353 1460 2419 Graecorum,
1511 2353 1604 2402 hoc
1655 2353 1714 2402 de
1762 2353 1914 2418 Aegy·

228 2428 459 2492 ptiorum,
493 2422 593 2476 hoc
633 2428 693 2476 de
734 2427 813 2476 illa
852 2430 1018 2493 priore
1059 2427 1302 2492 Babylone
1343 2427 1679 2493 Assyriorum,
1720 2428 1914 2491 quando

228 2502 278 2560 in
331 2500 481 2549 rebus
528 2500 739 2565 publicis
788 2504 890 2551 suis
938 2503 1143 2567 imperia
1190 2501 1265 2550 vel
1310 2516 1457 2566 parva
1505 2501 1580 2549 vel
1630 2516 1803 2566 magna
1843 2507 1912 2550 te·
1961 2538 1974 2541 ἡ

229 2582 460 2640 nuerunt,
501 2581 549 2623 et
582 2575 640 2623 de
674 2575 764 2624 alia
805 2591 1113 2640 quacumque
1153 2575 1358 2624 aliarum
1398 2576 1617 2639 gentium
1658 2574 1914 2639 intellegar

229 2647 410 2696 dixisse
462 2655 607 2712 atque
657 2651 885 2698 sensisse.
963 2649 1268 2698 Generaliter
1309 2650 1490 2713 quippe
1531 2650 1699 2697 civitas
1739 2650 1911 2713 impio-

229 2735 355 2786 rum,
395 2723 475 2770 cui
515 2737 613 2770 non
645 2724 854 2787 imperat
886 2723 1016 2773 Deus
1056 2722 1337 2771 oboedienti
1377 2722 1484 2789 sibi,
1525 2729 1581 2771 ut
1619 2722 1915 2772 sacrificium

350 2898 404 2936 10
435 2894 784 2939 rationabilium
813 2895 881 2939 R1
