2044 3146
242 158 347 210 186
921 168 954 201 S.
980 167 1255 207 AUGUSTINJ

239 281 381 331 Esau.
453 280 657 339 Quando
698 282 830 330 enim
869 280 1055 330 dictum
1095 288 1191 330 est:
1233 281 1293 329 In
1337 281 1489 330 Isaac
1528 283 1794 331 vocabitur
1834 284 1929 332 tibi

237 371 424 422 semen,
471 357 726 420 pertinens
766 356 939 420 utique
981 369 1151 404 semen
1191 353 1249 403 ad
1290 355 1538 404 civitatem
1578 354 1686 421 Dei,
1728 371 1921 421 separa-

236 439 344 480 tum
383 435 458 478 est
497 429 610 478 inde
651 427 781 478 aliud
822 443 991 478 semen
1031 427 1274 494 Abrahae,
1315 428 1445 493 quod
1485 435 1590 477 erat
1629 430 1681 478 in
1721 429 1922 480 ancillae

235 503 350 570 filio,
390 510 439 553 et
479 503 611 568 quod
650 503 874 552 futurum
914 509 1019 551 erat
1057 503 1110 551 in
1149 501 1259 551 filiis
1300 500 1547 551 Cetturae.
1626 502 1721 552 Sed
1763 503 1922 553 adhuc

178 585 203 627 5
238 584 343 627 erat
383 576 666 641 ambiguum
706 577 764 626 de
806 575 999 626 duobus
1039 577 1249 640 geminis
1287 575 1400 624 filiis
1440 575 1589 641 Isaac,
1629 576 1687 625 ad
1728 584 1921 627 utrum-

235 666 330 716 que
379 666 440 700 an
488 651 546 701 ad
585 665 740 700 unum
789 665 962 700 eorum
999 649 1081 699 illa
1120 649 1398 699 benedictio
1439 651 1736 716 pertineret3
1792 658 1839 701 et
1880 653 1922 701 si

236 724 295 774 ad
335 740 504 792 unum,
544 726 771 790 quisnam
810 730 940 774 esset
979 723 1189 774 illorum.
1262 722 1405 781 Quod
1444 738 1577 773 nunc
1618 723 1922 774 declaratum

134 827 141 831 ·
235 806 332 865 est,
380 814 494 848 cum
540 798 829 863 prophetice
871 813 898 847 a
934 804 1075 862 patre
1114 795 1427 846 benedicitur
1466 795 1611 847 [acob
1653 804 1703 847 et
1742 798 1924 848 dicitur

236 874 303 922 ei:
350 873 417 922 Et
454 875 556 922 eris
597 875 648 921 in
688 874 1107 934 concrepationes
1143 873 1391 933 qentium,
1433 877 1483 920 et
1520 873 1606 921 det
1643 873 1738 922 tibi
1776 873 1919 923 bene-

150 953 205 996 10
237 949 507 996 dictionem
545 946 806 995 Abraham
840 947 1009 1009 patris
1050 947 1136 993 tui.

379 1019 598 1085 Pergens
652 1021 817 1084 itaque
872 1020 923 1068 in
972 1017 1373 1083 Mesopotamiam
1427 1018 1572 1068 Iacob
1628 1020 1679 1068 in
1735 1020 1920 1069 somnis

232 1095 422 1159 accepit
460 1092 730 1159 oraculum,
769 1092 830 1142 de
856 1108 953 1158 quo
994 1093 1064 1141 sic
1104 1093 1345 1157 scriptum
1386 1099 1482 1142 est:
1522 1094 1589 1142 Et
1611 1094 1740 1143 exiit
1763 1094 1919 1143 Iacob

232 1183 263 1217 a
299 1173 451 1230 puteo
491 1170 761 1217 iurationis
793 1173 842 1217 et
874 1165 1137 1229 profectus
1177 1172 1250 1215 est
1289 1169 1340 1215 in
1371 1167 1608 1216 Charran
1642 1172 1692 1216 et
1722 1169 1922 1217 devenit

231 1245 283 1291 in
324 1245 486 1291 locum
525 1246 576 1291 et
613 1243 849 1291 dormivit
888 1242 984 1298 ibi;
1023 1242 1288 1290 occiderat
1326 1242 1455 1289 enim
1486 1244 1586 1298 sol;
1625 1246 1674 1290 et
1711 1244 1921 1304 sumpsit

146 1322 198 1364 15
232 1331 299 1365 ea·
337 1316 590 1377 lapidibus
628 1317 728 1364 loci
766 1321 814 1364 et
846 1317 1016 1376 posuit
1054 1315 1126 1363 ad
1161 1319 1316 1376 caput
1345 1329 1490 1362 suum
1522 1319 1571 1363 et
1602 1317 1839 1364 dormivit
1869 1317 1919 1364 in

231 1393 339 1439 loco
395 1391 477 1438 illo
533 1394 582 1438 et
628 1391 905 1438 somniavit.
1000 1388 1066 1436 Et
1114 1402 1234 1436 ecce
1285 1390 1429 1436 scala
1483 1390 1709 1437 stabilita
1763 1404 1918 1452 super

231 1469 437 1523 terram,
478 1465 624 1512 cuius
656 1468 812 1524 caput
843 1462 1170 1524 pertinqebat
1200 1463 1271 1510 ad
1293 1463 1517 1518 caelum;
1556 1467 1604 1511 et
1629 1465 1802 1523 anqeli
1823 1464 1923 1512 Dei

231 1537 575 1586 ascendebant
619 1542 668 1585 et
714 1537 1086 1585 descendebant
1123 1550 1221 1597 per
1269 1537 1424 1595 illam,
1475 1541 1525 1585 et
1562 1536 1804 1586 Dominus
1845 1539 1917 1586 in-

231 1611 498 1660 cumbebat
531 1625 686 1672 super
727 1612 862 1659 illam
902 1615 951 1658 et
989 1611 1147 1658 dixit:
1187 1609 1295 1670 Eyo
1334 1624 1442 1658 sum
1482 1610 1619 1680 Deus
1658 1611 1920 1660 Abraham

143 1692 199 1733 20
224 1687 393 1747 patris
433 1686 510 1732 tui
545 1689 595 1732 et
633 1684 769 1733 Deus
810 1684 976 1743 Isaac,
1017 1685 1121 1731 noli
1158 1685 1363 1740 timere,·
1401 1689 1608 1745 terram,
1648 1686 1700 1732 in
1725 1699 1826 1745 qua
1866 1690 1918 1733 tu

231 1760 419 1807 dormis
455 1773 610 1820 super
649 1772 774 1817 eam,
815 1758 906 1806 tibi
945 1757 1075 1806 dabo
1117 1758 1253 1805 illam
1292 1763 1342 1805 et
1377 1759 1558 1806 semini
1594 1763 1709 1815 tuo;
1748 1763 1798 1807 et
1821 1761 1919 1807 erit

227 1846 393 1880 semen
441 1836 580 1881 tuum
625 1834 759 1880 sicut
809 1832 1007 1880 harena
1055 1835 1250 1891 terrae,
1306 1836 1355 1880 et
1405 1832 1706 1880 dilatabitur
1758 1846 1917 1894 supra

228 1920 372 1954 mare
411 1910 460 1954 et
499 1908 549 1954 in
588 1903 823 1966 Africum
863 1910 911 1953 et
951 1906 1002 1952 in
1042 1906 1326 1965 aquilonem
1365 1909 1415 1953 et
1452 1906 1524 1954 ad
1559 1907 1829 1963 orientem;
1872 1911 1921 1954 et

232 1981 594 2028 benedicentur
650 1981 701 2027 in
756 1983 802 2027 te
856 1991 1024 2028 omnes
1078 1979 1240 2026 tribus
1295 1985 1469 2027 terrae
1522 1983 1573 2028 et
1625 1981 1676 2027 in
1729 1981 1918 2028 semine

142 2059 196 2100 25
231 2058 330 2101 tuo.
393 2052 462 2100 Et
498 2067 616 2101 ecce
655 2066 747 2113 eqo
786 2066 893 2100 sum
933 2057 1111 2110 tecum,
1151 2053 1438 2100 custodiens
1478 2056 1526 2099 te
1566 2053 1616 2100 in
1657 2054 1794 2100 omni
1833 2054 1916 2101 via

230 2139 545 2186 quacumque
585 2126 691 2187 ibis,
733 2130 782 2174 et
819 2126 1064 2174 reducam
1104 2130 1151 2172 te
1176 2126 1227 2172 in
1253 2130 1445 2173 terram
1469 2125 1618 2184 hanc,
1659 2127 1781 2186 quia
1814 2139 1912 2174 non

229 2205 277 2248 te
309 2200 670 2259 derelinquam,
711 2200 872 2248 donec
898 2195 1094 2258 faciam
1126 2199 1315 2257 omnia,
1355 2212 1486 2259 quae
1519 2203 1682 2247 tecum
1720 2201 1917 2248 locutus

228 2286 351 2321 sum.
427 2272 495 2320 Et
538 2273 773 2320 surrexit
818 2271 973 2320 Iacob
1022 2272 1085 2319 de
1130 2285 1299 2320 somno
1347 2286 1437 2321 suo
1477 2278 1526 2320 et
1564 2273 1721 2321 dixit:
1783 2273 1914 2332 Quia

229 2351 303 2395 est
325 2346 567 2395 Dominus
608 2347 659 2393 in
699 2347 806 2394 loco
838 2346 947 2403 lzoc,
988 2358 1079 2406 eqo
1113 2350 1279 2394 autem
1311 2346 1610 2395 nesciebam.
1651 2346 1718 2394 Et
1748 2348 1915 2394 timuit

140 2428 197 2469 30
229 2425 278 2469 et
301 2421 460 2469 dixit:
506 2420 666 2478 Quam
691 2419 934 2468 terribilis
957 2420 1097 2467 locus
1121 2419 1234 2468 liic!
1273 2433 1371 2468 non
1397 2425 1471 2468 est
1492 2420 1589 2469 hoc
1612 2421 1714 2468 nisi
1736 2421 1912 2469 domus

227 2493 326 2543 Dei
362 2498 412 2542 et
447 2494 577 2543 haec
610 2497 764 2554 porta
804 2497 878 2541 est
915 2493 1058 2541 caeli.
1123 2492 1190 2540 Et
1226 2494 1458 2542 surrexit
1496 2493 1651 2542 Iacob
1692 2497 1742 2542 et
1778 2507 1908 2542 sum-

346 2606 390 2658 2)
423 2604 535 2649 Gen.
570 2609 641 2659 21,
676 2608 742 2649 12.

348 2786 373 2824 5
407 2795 467 2824 an
497 2781 558 2824 ad
588 2782 675 2826 utr.
708 2794 733 2825 v
765 2782 779 2836 Η
814 2785 866 2824 10
899 2781 1121 2825 abraham
1163 2780 1273 2832 V‚A·
1312 2779 1525 2824 Abrahae
1556 2779 1630 2823 Rv
1653 2782 1669 2836 ΙΙ
1695 2784 1748 2824 13
1782 2780 1916 2824 char:

226 2853 312 2882 ran
335 2839 386 2882 F
413 2838 497 2896 (εἰς
512 2835 727 2895 Χαρράνς
760 2839 816 2905 cf.
851 2839 1283 2894 147,14);charra
1324 2838 1554 2895 VRAef9‚·
1587 2839 1809 2884 Chartam
1839 2852 1865 2883 v
1889 2839 1911 2896 ,i

229 2901 284 2941 22
318 2911 455 2954 super
484 2911 510 2942 v
534 2900 550 2955 ΙΙ
574 2903 628 2943 23
663 2898 746 2955 ad]
778 2898 830 2941 in
861 2898 1023 2955 Auso
1054 2898 1163 2955 hoc]
1198 2896 1274 2942 hic
1305 2897 1350 2940 A
