2004 3140
520 130 586 161 m:
610 129 850 162 c1vrrA'rE
874 129 962 161 DEI
986 130 1029 162 L.
1052 131 1156 163 XXI.
1181 130 1218 164 c.
1243 132 1296 164 16.
1322 133 1377 167 ιτ.
1693 119 1798 172 521

115 257 226 291 rum
281 241 386 290 aliis
440 241 695 307 leviorem,
745 241 851 290 aliis
901 242 1124 291 futurum
1183 258 1292 293 esse
1349 245 1644 311 graviorem,
1699 246 1799 293 sive

114 317 271 381 ipsius
310 317 383 364 vis
418 322 564 379 atque
598 316 743 364 ardor
782 331 872 380 pro
906 332 1064 381 poena
1104 317 1248 382 digna
1288 318 1529 382 cuiusque
1570 320 1801 385 varietur,

116 391 214 438 sive
254 391 359 454 ipse
403 389 673 453 aequaliter
713 390 895 457 ardeat,
935 390 1021 439 sed
1062 406 1160 440 non
1199 391 1390 456 aequali
1429 391 1651 441 molestia
1692 407 1800 442 sen-

114 465 278 512 tiatur.

752 636 946 691 CAPUT
984 637 1157 691 XVII.
1837 655 1863 695 5

114 743 190 792 Be
216 745 310 805 his,
342 746 431 804 qui
454 750 640 806 putant
670 747 922 793 nullorum
955 746 1207 794 hommum
1232 760 1427 807 poenas
1461 749 1511 795 in
1544 752 1806 796 aeternum

743 833 850 868 esse
887 833 1171 868 mansuras.

262 920 406 969 Nunc
447 922 542 969 iam
585 937 697 970 cum
745 921 1152 971 misericordibus
1192 925 1375 972 nostris
1416 923 1658 988 agendum
1699 939 1807 972 esse

112 995 252 1043 video
287 1002 337 1043 et
369 995 573 1059 pacifice
607 995 974 1062 disputandum,
1016 998 1101 1059 qui
1131 996 1207 1045 vel
1247 997 1477 1046 omnibus
1516 997 1611 1046 illis
1650 998 1804 1047 homi·

113 1068 282 1134 nibuS‚
330 1084 456 1132 quos
507 1070 810 1118 iustissimus
857 1071 1005 1119 iudex
1053 1070 1224 1135 dignos
1272 1071 1524 1135 gehennae
1565 1071 1805 1136 supplicio
1842 1086 1900 1126 10

114 1141 378 1209 iudicabit,
430 1141 507 1190 vel
559 1142 854 1207 quibusdam
901 1159 1074 1192 eorum
1124 1144 1299 1194 nolunt
1347 1145 1550 1194 credere
1598 1160 1808 1210 poenam

115 1218 467 1281 sempiternam
507 1218 747 1284 suturam,
804 1217 889 1266 sed
929 1224 1040 1282 post
1081 1220 1203 1267 certi
1243 1221 1481 1284 temporis
1521 1226 1676 1268 metas
1715 1234 1806 1283 pro

115 1292 355 1355 cuiusque
407 1293 597 1355 peccati
660 1293 936 1355 quantitate
988 1291 1224 1356 longioris
1277 1295 1377 1341 sive
1429 1292 1670 1342 brevioris
1724 1307 1807 1341 eos

111 1364 224 1413 inde
275 1362 556 1413 existimant
594 1364 887 1414 liberandos.
958 1365 1062 1423 Qua
1101 1368 1149 1415 in
1193 1382 1246 1415 re
1288 1367 1655 1416 misericordior
1694 1381 1806 1431 pro-

111 1439 241 1488 fecto
282 1439 376 1488 fuit
416 1438 670 1505 OrigeneS,
711 1441 796 1504 qui
836 1446 885 1488 et
931 1441 1094 1504 ipsum
1136 1440 1381 1490 diabolum
1422 1448 1568 1505 atque
1610 1439 1806 1504 angelos
1841 1452 1897 1492 15

112 1514 219 1562 eius
258 1519 370 1578 post
403 1515 624 1578 graviora
657 1529 746 1578 pro
789 1515 988 1563 meritis
1028 1521 1077 1563 et
1117 1515 1428 1564 diuturniora
1469 1514 1709 1579 supplicia
1748 1528 1807 1561 ex

115 1586 210 1635 illis
243 1587 544 1636 cruciatibus
578 1587 823 1636 eruendos
864 1594 914 1636 et
958 1589 1215 1637 sociandos
1255 1590 1437 1637 sanctis
1478 1588 1663 1653 angelis
1703 1603 1806 1636 cre-

117 1660 254 1710 didit.
334 1660 430 1709 Sed
474 1661 609 1710 illum
655 1668 702 1709 et
745 1668 949 1725 propter
981 1662 1075 1710 hoc
1116 1669 1166 1711 et
1202 1670 1407 1727 propter
1447 1662 1536 1711 alia
1575 1660 1808 1710 nonnulla

114 1740 163 1783 et
194 1736 400 1784 maxime
434 1741 639 1799 propter
672 1735 975 1784 alternantes
1018 1738 1123 1784 sine
1165 1738 1437 1785 cessatione
1478 1735 1808 1785 beatitudines

113 1815 163 1857 et
209 1810 431 1857 miserias
481 1816 529 1857 et
577 1811 776 1858 statutis
827 1809 1142 1858 saeculorum
1191 1809 1459 1859 intervallis
1500 1809 1558 1858 ab
1599 1811 1708 1859 istis
1748 1807 1806 1856 ad
1840 1822 1899 1862 20

114 1881 220 1931 illas
261 1889 407 1947 atque
448 1881 507 1930 ab
546 1882 643 1931 illis
683 1883 741 1931 ad
792 1884 910 1932 istas
954 1885 1053 1932 itus
1094 1899 1148 1933 ac
1188 1883 1379 1933 reditus
1416 1881 1807 1932 interminabiles

115 1971 214 2004 non
245 1957 475 2005 inmerito
508 1955 789 2020 reprobavit
817 1957 1048 2023 ecclesia3
1081 1959 1193 2021 quia
1228 1965 1276 2007 et
1306 1957 1415 2024 hoc,
1455 1958 1586 2021 quod
1621 1958 1806 2005 miseri-

115 2044 227 2078 cors
258 2029 529 2095 videbatur,
570 2031 732 2078 amisit
767 2030 991 2079 faciendo
1027 2033 1211 2079 sanctis
1244 2046 1383 2079 veras
1422 2033 1661 2097 miseriaS‚
1702 2031 1805 2094 qui-

113 2102 206 2152 bus
239 2118 421 2168 poenas
453 2103 662 2169 luerent,
695 2110 744 2152 et
777 2103 922 2153 salsas
957 2104 1302 2171 beatitudineS‚
1340 2106 1390 2153 in
1426 2104 1604 2168 quibus
1636 2118 1806 2152 verum

115 2191 169 2225 ac
210 2192 457 2243 securum,
495 2176 589 2226 hoc
631 2183 706 2226 est
746 2179 854 2226 sine
899 2179 1076 2226 timore
1118 2186 1324 2244 certum,
1365 2180 1652 2243 sempiterni
1691 2178 1808 2226 boni
1840 2187 1896 2228 25

114 2249 345 2314 gaudium
386 2266 484 2299 non
532 2250 789 2299 haberent.
868 2250 1038 2316 Longe
1087 2258 1250 2301 autem
1291 2252 1432 2300 aliter
1471 2254 1680 2301 istorum
1720 2252 1806 2300 mi-

116 2324 386 2372 sericordia
425 2324 638 2373 humano
676 2331 808 2373 errat
853 2326 1046 2392 affectu,
1086 2328 1171 2390 qui
1209 2325 1464 2374 hominum
1503 2325 1585 2374 illo
1626 2325 1807 2374 iudicio

115 2397 458 2446 damnatorum
513 2400 739 2446 miserias
790 2399 1114 2465 temporales,
1166 2401 1386 2448 omnium
1434 2414 1550 2447 vero
1599 2401 1683 2463 qui
1732 2396 1808 2446 vel

116 2472 263 2519 citius
312 2471 389 2519 vel
436 2471 624 2520 tardius
676 2471 950 2521 liberantur
998 2480 1246 2522 aeternam
1294 2473 1578 2521 felicitatem
1617 2478 1805 2536 putant.

118 2542 252 2600 Quae
294 2546 538 2593 sententia
580 2547 621 2593 si
660 2552 921 2609 propterea
962 2545 1089 2594 bona
1129 2553 1178 2595 et
1216 2561 1330 2594 vera
1371 2547 1483 2610 quia
1522 2547 1805 2594 misericors
1837 2556 1894 2595 30

117 2623 205 2682 est,
245 2623 379 2666 tanto
414 2620 508 2667 erit
542 2618 715 2666 melior
755 2626 803 2667 et
842 2621 1004 2667 verior
1045 2626 1227 2682 quanto
1267 2619 1651 2668 misericordior.
1712 2617 1805 2667 Ex-

236 2808 291 2846 22
319 2803 429 2858 quia
452 2802 543 2846 ΕΑ
570 2804 666 2847 edd.
692 2808 820 2858 πρίω
853 2803 964 2859 quin
988 2805 1053 2848 ed.
1083 2803 1195 2849 Par.
1227 2818 1281 2849 ex
1313 2805 1574 2850 coniectura
1599 2804 1770 2849 Moreli
1792 2803 1807 2861 ΙΙ

117 2866 170 2905 31
205 2861 547 2908 misericordior
576 2861 715 2907 fuerit
747 2877 773 2906 v
