2004 3140
237 139 347 191 402
921 149 956 183 S.
982 148 1255 183 Auensnm

239 265 427 314 Beatus
467 267 703 342 papulae,
752 265 898 313 cuius
944 269 1018 312 est
1055 264 1296 314 Dominus
1339 264 1475 313 Deus
1531 265 1698 326 ipsias
1775 262 1927 312 Miser

238 340 390 403 igitur
427 337 640 403 populus
672 337 732 386 ab
763 339 870 402 ipso
904 336 1142 386 alienatus
1174 336 1289 386 Deo,
1367 336 1534 402 Diligit
1571 344 1736 387 tamen
1776 339 1924 387 etiam

237 414 343 476 ipse
385 411 626 476 quandam
672 427 844 476 pacem
885 426 1023 460 suam
1064 426 1162 459 non
1201 410 1580 478 inprobandam,
1631 427 1777 476 quam
1817 413 1923 477 qui·

239 485 350 534 dem
390 500 488 534 non
536 484 735 534 habebit
779 487 830 534 in
877 485 998 551 fine,
1045 487 1158 549 quia
1205 500 1304 534 non
1352 501 1407 534 ea
1447 484 1573 535 hene
1614 488 1771 535 utitur
1811 491 1924 552 ante

180 571 206 610 5
241 560 403 608 finem.
480 558 616 607 Hanc
656 566 819 608 autem
858 566 914 608 ut
952 560 1152 608 interim
1191 558 1367 608 habeat
1405 561 1454 608 in
1495 560 1585 609 hac
1624 562 1736 627 vita,
1777 561 1924 610 etiam

239 635 398 683 nostri
437 634 666 699 interest3
715 635 967 700 quoniam,
1017 633 1247 697 quamdiu
1287 635 1558 698 permixtae
1599 641 1714 683 sunt
1754 633 1923 683 ambae

239 709 459 756 civitates
471 747 485 773 ,
535 709 723 757 utimur
771 714 821 756 et
866 722 957 756 nos
1003 722 1122 772 pace
1162 706 1444 773 Babylonis3
1495 722 1554 756 ex
1594 723 1689 772 qua
1727 710 1795 758 ita
1833 723 1925 773 per

235 780 382 830 fidem
422 780 635 846 populus
675 780 762 830 Dei
808 780 1070 847 liberatur,
1116 787 1171 830 ut
1211 781 1339 845 apud
1377 781 1503 830 hanc
1541 783 1743 830 interim
1780 797 1923 846 pere-

236 857 474 919 grinetur.
551 855 762 920 Propter
809 855 939 920 quod
982 862 1030 904 et
1068 855 1319 920 apostolus
1359 855 1612 904 admonuit
1651 855 1924 922 ecelesiam,

148 941 203 981 10
235 935 291 977 ut
338 934 502 977 oraret
550 944 642 994 pro
690 929 890 993 regibus
939 931 1045 978 eius
1092 925 1238 993 atque
1287 927 1601 996 sublimibus,
1649 928 1832 979 addens
1873 936 1923 978 et

235 1001 427 1051 dicens:
491 1003 552 1052 Ut
604 1005 823 1064 quietam
870 1009 919 1052 ec
964 1006 1292 1064 tranquillam
1342 1006 1495 1052 vitam
1545 1018 1757 1066 aqamus
1807 1008 1922 1053 c'um

234 1079 371 1125 omni
398 1078 593 1139 pietate
631 1083 680 1126 et
718 1080 951 1138 caritate,
994 1083 1044 1126 et
1080 1077 1323 1142 propheta
1354 1076 1644 1144 HieremiaS,
1683 1092 1796 1126 eum
1835 1092 1921 1142 po-

231 1150 349 1215 pulo
382 1149 470 1199 Dei
501 1152 658 1200 veteri
687 1153 1062 1216 praenuntiaret
1100 1152 1431 1216 captivitatem
1471 1157 1521 1200 et
1559 1150 1792 1201 divinitus
1831 1153 1921 1200 im-

232 1231 445 1290 peraret,
484 1232 539 1274 ut
571 1224 893 1274 oboedienter
923 1227 1056 1274 irent
1085 1227 1137 1274 in
1169 1223 1482 1290 Babyloniam
1515 1223 1616 1274 Deo
1649 1241 1739 1274 suo
1774 1227 1920 1274 etiam

147 1310 200 1350 15
233 1299 328 1347 ista
365 1300 601 1363 patientia
649 1300 944 1366 servienteS,
990 1300 1183 1359 monuit
1235 1305 1284 1347 et
1322 1301 1427 1363 ipse
1468 1305 1524 1348 ut
1562 1305 1790 1348 oraretur
1829 1313 1921 1363 pro

231 1371 312 1420 illa
363 1371 555 1422 dicens:
613 1373 743 1432 Quia
791 1375 843 1422 in
890 1375 997 1422 eius
1045 1378 1119 1421 est
1157 1386 1290 1436 pace
1337 1387 1449 1435 pax
1498 1378 1690 1434 vestra,
1742 1374 1916 1437 utique

231 1445 431 1495 interim
471 1446 769 1514 temporalis,
810 1461 933 1511 quae
973 1445 1118 1496 bonis
1158 1445 1395 1511 malisque
1438 1447 1713 1496 communis
1754 1454 1842 1495 est.

847 1633 1044 1687 CAPUT
1082 1633 1308 1688 XXVII.

231 1742 308 1791 Be
339 1756 474 1804 pace
511 1743 835 1791 servientium
868 1741 988 1801 DeO,
1029 1744 1175 1791 caius
1208 1741 1444 1804 perfecta
1484 1744 1826 1803 tranquillitas
1867 1745 1919 1792 in

143 1827 198 1866 20
453 1817 552 1865 hac
592 1818 858 1878 temporali
895 1818 997 1864 vita
1037 1830 1137 1865 non
1171 1821 1335 1878 potest
1373 1818 1702 1878 adprehendi.

377 1917 476 1967 Pax
524 1925 690 1968 autem
735 1923 904 1967 nostra
949 1920 1149 1983 propria
1196 1925 1246 1968 et
1292 1919 1372 1968 hic
1422 1926 1497 1968 est
1535 1934 1648 1968 cum
1687 1918 1788 1968 Deo
1827 1934 1920 1984 per

228 1992 374 2041 fidem
427 2000 476 2041 et
525 1994 576 2040 in
626 1998 885 2041 aeternum
937 1994 1031 2041 erit
1081 2008 1195 2041 cum
1243 1993 1326 2041 illo
1374 2008 1463 2058 per
1510 1995 1737 2058 speciem.
1819 1993 1915 2041 Sed

228 2065 309 2114 hic
350 2067 450 2114 sive
498 2065 579 2114 illa
626 2051 902 2114 commiiuis
953 2068 1055 2114 sive
1095 2074 1264 2115 nostra
1301 2068 1503 2131 propria
1541 2066 1651 2116 talis
1692 2072 1767 2115 est
1805 2081 1917 2133 pax,

172 2169 178 2175 -
230 2146 287 2188 ut
320 2139 553 2188 solacium
587 2140 813 2187 miseriae
847 2140 910 2187 sit
940 2141 1106 2203 potius
1139 2154 1284 2204 quam
1317 2139 1636 2189 beatitudinis
1666 2139 1913 2204 gaudium.

139 2225 195 2264 25
228 2211 338 2277 Ipsa
380 2227 577 2276 quoque
617 2218 784 2260 nostra
823 2213 1036 2278 iustitia,
1077 2215 1296 2276 quamvis
1335 2228 1450 2262 vera
1490 2215 1553 2262 sit
1590 2219 1795 2277 propter
1834 2228 1914 2261 ve-

227 2291 340 2335 ruin
390 2285 507 2334 boni
556 2286 730 2351 finem,
782 2283 839 2333 ad
890 2300 1036 2349 quem
1084 2286 1322 2352 refertur,
1369 2293 1531 2335 tamen
1572 2293 1705 2334 tanta
1745 2292 1822 2335 est
1860 2288 1947 2338 in-

225 2359 316 2408 hac
364 2361 482 2425 vita,
530 2366 585 2408 ut
631 2361 796 2423 potius
850 2360 1140 2408 remissione
1178 2366 1494 2424 peccatorum
1534 2365 1727 2408 constet
1766 2375 1913 2423 quam

226 2434 533 2498 perfectione
584 2435 835 2482 virtutum.
929 2431 1090 2482 Testis
1146 2440 1221 2482 est
1282 2435 1437 2482 oratio
1494 2435 1646 2482 totius
1702 2435 1913 2482 civitatis

300 2563 389 2664 C1)
423 2561 630 2663 {8‘7143’
668 2564 732 2604 15.
801 2562 871 2615 12)
901 2566 936 2604 1.
964 2559 1081 2604 Tim.
1109 2565 1150 2615 2,
1183 2565 1224 2604 2.
1290 2562 1362 2617 16)
1396 2560 1595 2605 Hierem.
1632 2565 1700 2616 29,
1735 2565 1773 2604 7.
1837 2563 1913 2616 22)

226 2625 264 2662 2.
338 2633 402 2664 or.
469 2655 479 2675 ,
544 2654 553 2663 .

346 2771 369 2809 1
404 2767 474 2809 est
506 2780 588 2810 om.
621 2767 666 2809 A
697 2780 776 2811 sec.
813 2766 971 2810 Graec.
996 2768 1012 2822 ΙΙ
1035 2766 1133 2810 eius
1165 2766 1262 2809 AF
1292 2768 1307 2823 Η
1343 2772 1367 2810 2
1400 2766 1502 2823 ipso
1527 2767 1596 2820 Β,-
1627 2765 1716 2810 isto
1748 2765 1821 2810 Av
1844 2767 1860 2822 ΙΙ
1884 2771 1913 2818 6

225 2825 370 2940 ἒὲεξιὲ
400 2838 488 2928 '2⁷³3ss
488 2859 508 2927 1,
534 2827 702 2927 ἒοεὴτει
725 2839 750 2870 v
775 2827 789 2882 ΙΙ
816 2831 868 2870 13
901 2827 1139 2882 praenunt.
1167 2839 1279 2887 mss;
1310 2828 1554 2869 venturam
1577 2825 1819 2882 praenunt.
1845 2838 1870 2868 v
1895 2824 1910 2882 Η
