2004 3140
560 165 626 197 DE
652 163 891 197 CIVITATE
914 164 1002 196 DEI
1026 165 1070 197 L.
1095 165 1219 197 XXII.
1245 164 1282 197 G.
1308 166 1363 198 22.
1707 153 1812 205 607

132 276 355 326 credibili
402 276 714 343 crudelitate,
763 292 908 341 quam
956 277 1123 326 rabida
1164 279 1354 326 esuries
1395 276 1624 342 faciebat,
1672 276 1814 326 absu-

130 347 358 400 merent?
397 350 506 415 Ipse
538 358 789 415 postremo
824 366 1039 418 somnuS,
1073 354 1158 414 qui
1189 353 1388 415 proprie
1423 353 1602 415 quietis
1635 366 1815 400 nomen

131 426 332 490 accepit,
373 425 482 488 quis
515 423 679 495 verbis
714 424 939 491 explicet,
981 440 1125 489 saepe
1167 426 1471 473 somniorum
1511 427 1628 473 visis
1670 440 1816 489 quam

130 500 192 547 sit
230 499 482 562 inquietus
523 505 572 547 et
612 514 757 562 quam
799 501 1007 565 magniS,
1053 499 1170 547 licet
1210 498 1441 547 falsarum
1482 514 1676 564 rerum,
1717 504 1814 547 ter-

127 570 340 637 roribuS,
382 587 502 636 quas
542 573 609 621 ita
649 571 848 621 exhibet
888 580 936 621 et
976 572 1185 637 quodam
1227 572 1371 620 modo
1412 574 1655 638 exprimit,
1695 580 1750 621 ut
1790 587 1815 621 a
1848 581 1873 620 5

127 646 256 694 veris
297 661 378 695 eas
419 645 702 694 discernere
744 661 1063 711 nequeamuS,
1103 647 1313 694 animam
1342 647 1582 713 *miseram
1617 661 1813 694 sensus·

129 734 224 783 que
263 716 559 784 perturbet?
629 719 735 777 Qua
775 720 984 769 falsitate
1024 721 1242 768 visorum
1283 721 1428 768 etiam
1468 719 1726 783 vigilantes
1765 721 1815 767 in

129 792 436 856 quibusdam.
454 792 640 841 morbis
666 800 715 842 et
749 796 949 842 venenis
982 793 1312 842 miserabilius
1345 794 1614 859 agitantur3
1647 808 1814 857 quam-

127 868 199 915 vis
232 866 518 916 multimoda
551 869 784 916 varietate
826 867 1040 916 fallaciae
1080 867 1304 916 homines
1346 869 1491 916 etiam
1532 882 1676 916 sanos
1718 881 1814 916 ma-

127 939 246 1004 ligni
297 940 560 989 daemones
613 956 982 1006 nonnumquam
1035 941 1283 1006 decipiant
1330 940 1509 990 talibus
1558 942 1697 1006 visiS,
1747 947 1815 1006 ut,
1850 949 1904 989 10

128 1015 319 1062 etiamsi
352 1030 436 1063 eos
467 1030 557 1079 per
589 1014 709 1064 haec
743 1015 801 1063 ad
835 1031 922 1064 sua
961 1015 1221 1065 traducere
1262 1029 1361 1063 non
1399 1016 1666 1080 potuerint,
1707 1029 1815 1062 sen-

127 1102 211 1136 sus
245 1095 408 1137 tamen
441 1104 615 1148 eorum
650 1088 752 1137 solo
786 1091 1006 1154 appetitu
1052 1088 1475 1153 qualitercumque
1516 1087 1815 1152 persuaden-

126 1160 215 1210 dae
255 1161 478 1211 falsitatis
517 1162 754 1212 inludant.

274 1235 346 1284 Ab
387 1235 535 1285 huius
575 1242 674 1285 tam
714 1238 921 1285 miserae
964 1238 1103 1301 quasi
1144 1235 1436 1300 quibusdam
1476 1236 1649 1284 inseris
1689 1236 1813 1284 vitae

128 1325 227 1357 non
274 1309 451 1358 liberat
499 1311 594 1359 nisi
642 1312 797 1374 gratia
840 1310 1104 1360 Salvatoris
1146 1309 1349 1375 Christi,
1397 1309 1485 1358 Dei
1525 1324 1580 1358 ac
1622 1308 1816 1357 Domini
1850 1319 1903 1357 15

126 1385 283 1445 nostri
340 1378 458 1450 (hoc
514 1385 644 1432 enim
701 1400 880 1433 nomen
937 1391 1012 1433 est
1074 1386 1179 1448 ipse
1235 1383 1396 1449 Iesus3
1458 1385 1815 1447 interpretatur

127 1458 307 1521 quippe
343 1452 604 1525 Salvator),
643 1461 851 1507 maxime
893 1474 954 1507 ne
986 1464 1099 1522 post
1130 1457 1256 1506 hanc
1289 1458 1517 1506 miserior
1550 1472 1604 1505 ac
1638 1458 1815 1520 sempi-

125 1537 266 1579 terna
307 1532 565 1597 suscipiat,
612 1547 711 1580 non
751 1534 869 1598 vita,
910 1532 996 1580 sed
1036 1547 1185 1581 mors,
1262 1531 1383 1579 Nam
1423 1532 1475 1579 in
1514 1532 1607 1580 ista
1648 1546 1814 1594 quam-

125 1605 197 1653 vis
239 1606 336 1653 sint
374 1620 463 1669 per
505 1612 674 1654 sancta
713 1621 768 1654 ac
821 1612 1016 1654 sanctos
1057 1607 1368 1654 curationum
1408 1620 1583 1669 magna
1623 1604 1814 1669 solacia,

124 1685 289 1727 tamen
336 1678 446 1727 ideo
499 1694 598 1727 non
647 1695 843 1743 semper
891 1681 1034 1728 etiam
1083 1681 1189 1743 ipsa
1235 1678 1474 1727 beneficia
1525 1677 1814 1727 tribuuntur
1847 1687 1902 1726 20

124 1751 422 1816 petentibuS,
463 1768 523 1801 ne
555 1759 760 1817 propter
793 1753 886 1802 hoc
920 1753 1091 1817 religio
1125 1759 1406 1818 quaeratur,
1447 1767 1569 1815 quae
1609 1758 1815 1816 propter

126 1824 267 1873 aliam
300 1827 452 1890 magis
488 1828 648 1893 vitam,
689 1826 775 1875 ubi
807 1826 930 1875 mala
962 1842 1062 1875 non
1095 1833 1242 1875 erunt
1275 1827 1473 1874 omnino
1517 1825 1626 1891 ulla,
1668 1840 1813 1889 quae-

125 1898 278 1947 renda
319 1906 415 1964 est3
465 1906 514 1948 et
560 1900 618 1948 ad
667 1899 760 1948 hoc
814 1900 1043 1949 meliores
1085 1915 1307 1964 quosque
1347 1901 1398 1948 in
1438 1899 1514 1947 his
1555 1898 1693 1947 malis
1734 1897 1813 1946 ad-

125 1974 258 2021 iuvat
292 1974 461 2038 gratia,
501 1981 556 2022 ut
595 1982 778 2037 quanto
819 1973 1054 2039 fideliore,
1093 1980 1228 2022 tauto
1262 1974 1464 2021 fortiore
1506 1972 1654 2021 corde
1695 1971 1813 2020 tole-

127 2054 316 2094 rentur.
378 2046 450 2094 Ad
485 2062 628 2111 quam
663 2063 768 2096 rem
801 2049 947 2096 etiam
980 2046 1335 2112 philosophiam
1368 2046 1603 2110 prodesse
1645 2045 1816 2094 dicunt
1848 2054 1902 2093 25

127 2119 263 2169 docti
300 2119 447 2168 huius
489 2120 693 2186 saeculi,
736 2136 880 2185 quam
921 2121 989 2169 dii
1029 2119 1320 2184 quibusdam
1360 2121 1555 2184 paucis,
1596 2121 1662 2168 ait
1701 2118 1738 2166 T
1745 2117 1814 2167 ul-

127 2192 252 2260 lius,
300 2209 463 2242 veram
513 2194 779 2260 dederunt3
828 2210 920 2243 nec
959 2193 1264 2258 hominibUS,
1303 2195 1477 2258 inquit,
1518 2192 1576 2241 ab
1617 2192 1693 2240 his
1733 2200 1815 2241 aut

127 2266 294 2335 datum
342 2275 417 2316 est
464 2267 647 2317 donum
694 2271 852 2318 maius
911 2275 995 2318 aut
1040 2269 1202 2332 potuit
1256 2266 1411 2315 ullum
1451 2267 1569 2315 dari.
1647 2266 1813 2330 Usque

126 2340 245 2389 adeo
287 2348 336 2390 et
373 2343 482 2413 ipsi,
523 2350 695 2391 contra
736 2358 860 2407 quos
901 2344 1104 2407 agimuS,
1148 2356 1346 2404 quoquo
1387 2341 1531 2389 modo
1573 2339 1814 2404 compulsi

127 2420 242 2462 sunt
292 2416 343 2462 in
393 2414 616 2464 habenda
667 2432 766 2464 non
818 2431 1155 2481 quacumque,
1209 2414 1294 2462 sed
1342 2429 1455 2462 vera
1507 2412 1813 2477 philosophia
1845 2422 1901 2461 30

127 2488 339 2536 divinam
388 2490 593 2552 gratiam
642 2490 880 2549 confiteri,
957 2489 1112 2537 Porro
1162 2490 1203 2536 si
1250 2489 1418 2551 paucis
1459 2486 1690 2535 divinitus
1732 2486 1811 2534 da-

126 2568 232 2610 tum
284 2569 358 2610 est
408 2577 551 2610 verae
603 2562 938 2626 philosophiae
992 2550 1437 2611 contra”miserias
1488 2560 1634 2608 huius
1685 2561 1826 2617 vitae„

125 2636 330 2683 unicum
376 2635 632 2701 auxilium,
682 2637 800 2684 satis
849 2643 897 2684 et
943 2635 1056 2683 hinc
1107 2641 1308 2698 apparet
1347 2633 1615 2682 humanum
1655 2648 1811 2697 genus

128 2707 183 2756 ad
240 2708 444 2757 luendas
496 2711 807 2758 miseriarum
870 2724 1053 2773 poenas
1119 2723 1225 2756 esse
1283 2707 1578 2756 damnatum.
1673 2706 1812 2755 Sicut

126 2788 291 2830 autem
323 2782 430 2848 hoc,
470 2791 524 2831 ut
556 2783 787 2849 fatentur,
827 2782 1016 2831 nullum
1051 2782 1267 2831 (livinum
1301 2782 1457 2829 maius
1498 2788 1572 2828 est
1612 2780 1810 2845 donum,
1843 2788 1897 2828 35

246 2895 319 2949 27)
351 2894 450 2939 Fin.
485 2899 525 2949 5,
561 2899 636 2948 213
669 2894 810 2938 Aeaci.
844 2896 1012 2962 pon-ster.
1052 2900 1090 2950 1,
1123 2898 1162 2938 2.
