2004 3140
578 148 644 179 DE
671 147 909 180 civrrA'rE
933 148 1022 181 Dm
1046 149 1090 182 L.
1115 149 1242 183 xxn.
1267 149 1303 183 c.
1328 151 1360 183 8.
1701 139 1808 192 577

113 267 435 325 pararentur,
483 261 756 309 amicorum
804 262 910 309 eius
959 262 1156 326 quidam
1203 264 1334 311 inter
1385 263 1593 312 aliorum
1633 279 1806 313 conso-

114 334 321 384 lantium
362 333 508 383 verba
549 336 809 400 suggessit,
851 341 905 383 ut
945 336 1166 385 eiusdem
1207 339 1435 401 martyris
1476 337 1583 386 oleo
1625 352 1805 402 corpus

113 414 493 472 perungeretur.
571 407 774 456 Factum
815 416 911 473 est,
953 416 1002 458 et
1043 412 1232 459 revixit.

261 482 482 546 Itemque
536 481 664 546 apud
712 497 802 531 nos
854 485 926 531 vir
986 483 1281 533 tribunicius
1332 483 1597 534 Eleusinus
1654 500 1806 550 super

111 554 398 604 memoriam
437 562 730 621 martyrum,
772 571 895 620 quae
935 558 985 605 in
1027 557 1310 606 suburbano
1353 560 1459 607 eius
1500 565 1601 625 est,
1641 562 1795 624 aegri·
1836 567 1862 608 5

109 629 279 678 tudine
342 631 671 678 exanimatum
732 632 898 694 posuit
966 630 1261 680 infantulum
1325 632 1509 698 filium,
1573 639 1622 681 et
1683 640 1796 697 post

108 706 404 770 orationem,
452 718 598 767 quam
638 703 807 752 multis
847 719 960 753 cnm
998 704 1213 754 lacrimis
1252 704 1321 754 ibi
1361 705 1509 772 fudit,
1551 708 1796 756 viventem

108 776 297 826 levavit.
356 833 358 835 ,

253 850 380 908 Quid
421 848 630 900 faciam?
707 851 860 916 Urget
906 851 1053 901 huius
1094 855 1258 918 operis
1297 853 1547 919 implenda
1586 857 1793 919 promis-

102 926 198 991 si0,
245 932 302 974 ut
352 940 450 974 non
502 925 579 974 hic
628 927 814 990 possim
861 928 1022 974 omnia
1071 942 1456 976 commemorare
1499 943 1623 993 quae
1664 931 1788 994 scio;
1827 937 1883 977 10

102 1005 152 1046 et
182 998 357 1063 procul
389 998 538 1047 dubio
570 999 792 1063 plerique
833 1007 1132 1067 nostrorum,
1173 1016 1286 1050 cum
1326 1001 1446 1050 haec
1486 1001 1664 1068 legent,
1705 1003 1788 1051 do-

100 1071 274 1121 lebunt
313 1088 390 1121 me
428 1075 821 1138 praetermisisse
860 1081 960 1122 tam
1000 1075 1174 1141 multa,
1214 1090 1338 1139 quae
1380 1077 1550 1140 utique
1590 1091 1786 1125 mecum

102 1148 277 1195 sciunt.
357 1146 491 1203 Quos
530 1149 625 1195 iam
666 1162 819 1212 nunc,
867 1154 922 1196 ut
968 1149 1245 1212 ignoscant,
1294 1164 1440 1215 rog0,
1480 1155 1528 1198 et
1569 1151 1787 1214 cogitent

102 1235 247 1284 quam
286 1219 463 1285 prolixi
509 1220 690 1269 laboris
731 1222 794 1270 sit
844 1221 1028 1287 facere,
1075 1221 1206 1286 quod
1246 1237 1324 1271 me
1364 1223 1443 1272 hic
1484 1238 1582 1272 non
1623 1224 1784 1273 facere

101 1296 319 1359 suscepti
367 1297 530 1359 operis
578 1296 847 1343 necessitas
897 1297 1042 1359 cogit.
1120 1295 1172 1344 Si
1212 1298 1344 1345 enim
1384 1297 1618 1346 miracula
1659 1299 1785 1346 sani·
1833 1306 1886 1346 15

98 1375 281 1434 tatum,
336 1376 391 1417 ut
449 1368 539 1417 alia
594 1374 803 1434 taceam,
859 1384 915 1417 ea
961 1370 1298 1419 tantummodo
1349 1370 1494 1419 velim
1552 1370 1786 1438 scribere,

99 1458 223 1507 quae
271 1457 361 1506 per
406 1442 538 1491 hunc
586 1450 872 1509 martyrem,
923 1442 971 1491 id
1012 1450 1088 1492 est
1127 1443 1538 1507 gloriosissimum
1579 1444 1780 1509 Stepha-

99 1531 232 1581 num,
271 1516 399 1565 facta
431 1523 547 1565 sunt
577 1518 628 1564 in
660 1516 850 1565 colonia
882 1515 1155 1565 Calamensi
1189 1525 1237 1566 et
1269 1520 1319 1566 in
1360 1524 1543 1584 nostra,
1582 1518 1783 1584 plurimi

98 1589 389 1639 conficiendi
437 1597 553 1639 sunt
592 1589 728 1655 libri,
775 1605 866 1638 nec
913 1598 1078 1639 tamen
1129 1593 1291 1640 omnia
1330 1591 1492 1656 colligi
1530 1598 1780 1657 poterunt,

98 1663 183 1712 sed
231 1670 423 1713 tantum
470 1664 529 1713 de
577 1663 757 1728 quibus
803 1663 955 1713 libelli
1002 1664 1102 1713 dati
1142 1671 1279 1730 sunt,
1327 1666 1412 1729 qui
1451 1668 1781 1714 recitarentur
1818 1674 1875 1714 20

98 1738 150 1785 in
182 1737 391 1802 populis.
469 1737 522 1786 Id
555 1752 766 1801 namque
798 1738 906 1786 fieri
938 1737 1194 1803 voluimUS,
1235 1753 1346 1787 cum
1380 1738 1660 1787 videremus
1701 1754 1782 1787 an-

99 1813 250 1875 tiquis
284 1810 458 1860 similia
491 1811 765 1860 divinarum
799 1813 936 1875 signa
976 1813 1214 1860 virtutum
1254 1814 1401 1861 etiam
1440 1814 1624 1861 nostris
1664 1818 1785 1862 tem-

98 1884 304 1948 poribus
354 1885 658 1949 frequentari
712 1893 761 1934 et
808 1900 864 1933 ea
912 1901 1011 1934 non
1051 1885 1232 1934 debere
1274 1885 1543 1935 multorum
1582 1887 1784 1934 notitiae

97 1958 337 2022 deperire.
413 1958 644 2007 Nondum
698 1965 774 2007 est
827 1965 992 2008 autem
1046 1958 1330 2024 biennium,
1385 1974 1446 2008 ex
1501 1975 1597 2023 quo
1654 1959 1783 2023 apud

95 2031 372 2096 Hipponem
426 2034 617 2096 regium
673 2034 835 2096 coepit
889 2048 998 2081 esse
1044 2034 1138 2080 ista
1185 2034 1450 2097 memoria,
1502 2039 1551 2081 et
1598 2032 1781 2098 multis,
1816 2041 1872 2079 25

96 2104 227 2169 quod
260 2104 401 2154 nobis
434 2107 765 2155 certissimum
798 2112 888 2172 est,
927 2121 1025 2154 non
1058 2106 1182 2154 datis
1215 2105 1390 2154 libellis
1423 2105 1482 2154 de
1522 2105 1615 2172 his,
1656 2121 1780 2170 quae

96 2178 387 2228 mirabiliter
439 2179 564 2228 facta
611 2187 751 2245 sunt,
801 2179 873 2228 illi
919 2181 1013 2244 ipsi
1067 2181 1151 2243 qui
1191 2178 1289 2227 dati
1329 2186 1446 2228 sunt
1485 2179 1544 2227 ad
1584 2186 1778 2244 septua-

95 2254 228 2316 ginta
261 2253 414 2301 ferme
448 2268 711 2302 numerum
742 2259 1086 2319 pervenerant,
1126 2252 1320 2317 quando
1361 2254 1454 2301 ista
1494 2254 1782 2318 conscripsi.

96 2325 316 2374 Calamae
355 2341 495 2387 vem,
544 2327 628 2376 ubi
662 2334 717 2376 ‘et
755 2329 861 2391 ipsa
901 2328 1135 2375 memoria
1181 2328 1321 2390 prins
1361 2341 1469 2375 esse
1523 2328 1685 2391 coepit
1733 2333 1782 2375 et

96 2399 320 2448 crebrius
361 2400 554 2466 dantur,
593 2399 963 2465 incomparabili
1003 2399 1315 2449 multitudine
1357 2407 1605 2464 superant.
1813 2408 1872 2447 30

242 2472 375 2522 Uzali
422 2475 593 2539 etiam,
645 2489 768 2538 quae
819 2473 1008 2522 colonia
1046 2473 1215 2523 Uticae
1261 2474 1421 2521 vicina
1468 2479 1568 2538 est,
1624 2471 1777 2521 multa

93 2546 343 2611 praeclara
393 2561 483 2611 per
531 2547 743 2596 eundem
783 2555 1049 2612 martyrem
1088 2547 1215 2595 facta
1253 2547 1596 2610 cognovimus;
1637 2546 1780 2595 cuius

93 2619 162 2668 ibi
194 2621 430 2680 memoria
460 2620 602 2685 longe
635 2621 774 2685 prius
807 2635 954 2684 quam
993 2619 1121 2684 apud
1160 2634 1249 2668 nos
1290 2618 1349 2667 ab
1390 2620 1621 2683 episcopo
1655 2617 1780 2667 Evo-

219 2824 247 2863 4
279 2819 527 2864 eleusinius
562 2819 699 2864 Parr.
727 2823 910 2875 praeter
939 2832 969 2875 9
1006 2820 1022 2875 ΙΙ
1063 2823 1087 2862 5
1120 2818 1344 2862 memoria
1375 2819 1419 2861 A
1443 2819 1458 2875 ΙΙ
1483 2824 1508 2863 9
1548 2818 1786 2874 implenda

94 2891 182 2922 mss
212 2879 340 2934 (486,
371 2882 475 2932 17);
505 2877 731 2934 implendi
761 2892 787 2923 v
811 2880 825 2934 ΙΙ
850 2883 904 2922 26
939 2877 995 2921 de
1027 2876 1084 2920 iis
1116 2891 1141 2921 v

187 2968 284 2994 Auo.
307 2968 359 2992 nn
382 2968 461 2994 etv.
487 2969 568 2994 mu.
603 2960 656 2994 ΙΙ.
1374 2955 1428 2995 37
