2004 3140
568 188 634 219 DE
658 186 895 219 CIVITATE
920 187 1009 218 DEI
1033 187 1074 219 L.
1099 187 1224 219 xxn.
1249 186 1285 219 c.
1311 187 1365 219 20.
1708 175 1813 227 601

132 307 415 350 nostrorum
477 307 755 364 temporum
826 298 1038 347 infelicia
1110 300 1445 364 experimenta
1518 299 1816 349 docuerunt:

132 390 250 424 num
291 376 551 439 quisquam
582 373 797 422 veridica
837 375 1027 422 ratione
1067 373 1332 423 contendet
1372 373 1818 438 totum'digestum

131 449 282 498 fuisse
323 463 412 512 per
451 449 576 496 imos
615 453 830 508 meatUS,
871 446 991 495 nihil
1030 447 1142 496 inde
1183 448 1234 496 in
1276 449 1382 496 eius
1422 462 1620 496 carnem
1661 453 1815 496 muta-

130 530 235 572 tum
275 529 420 586 atque
454 536 762 587 conversum,
801 536 914 570 cum
954 523 1059 586 ipsa
1098 523 1293 588 macieS,
1334 536 1457 586 quae
1498 522 1590 571 fuit
1630 528 1679 571 et
1717 536 1817 570 non

131 603 220 662 est,
260 597 378 645 satis
409 595 594 644 indicet
626 610 749 660 quae
782 594 879 644 illis
911 597 1038 644 escis
1079 595 1373 645 detrimenta
1413 595 1637 660 suppleta
1677 592 1816 644 sint‘?
1848 602 1874 642 5

130 669 230 719 lam
284 671 449 734 itaque
506 668 665 734 aliqua
713 668 857 734 paulo
906 676 1017 718 ante
1065 671 1323 734 praemisi,
1379 684 1503 733 quae
1555 669 1614 718 ad
1666 670 1818 718 istum

130 759 327 809 quoque
391 742 574 792 nodum
639 742 926 792 solvendum
989 742 1149 792 valere
1214 742 1480 792 debebunt.
1568 742 1818 806 Quidquid

131 819 262 867 enirn
295 819 517 867 carnium
551 816 777 866 exhausit
816 817 983 878 fameS,
1024 819 1195 881 utique
1235 818 1287 865 in
1327 831 1470 866 auras
1512 824 1588 867 est
1627 816 1816 866 exhala-

129 899 257 958 tum,
304 891 434 940 unde
484 891 694 940 diximus
744 892 1132 955 omnipotentem
1171 890 1328 940 Deum
1375 906 1520 956 posse
1570 905 1818 955 revocare,

130 965 260 1031 quod
300 965 439 1030 fugit.
515 964 769 1014 Reddetur
809 980 925 1029 ergo
967 979 1079 1014 caro
1119 964 1199 1013 illa
1238 964 1440 1030 homini,
1478 966 1530 1013 in
1571 980 1667 1029 quo
1709 979 1817 1012 esse
1853 971 1907 1011 10

130 1054 243 1089 caro
284 1038 495 1088 humana
526 1040 756 1104 primitus
790 1040 966 1104 coepit.
1043 1037 1115 1086 Ab
1155 1037 1237 1086 illo
1279 1040 1460 1103 quippe
1502 1038 1656 1088 altero
1697 1043 1816 1086 tam-

131 1128 276 1178 quam
323 1120 495 1162 mutuo
545 1120 740 1177 sumpta
780 1111 1059 1177 deputanda
1099 1119 1198 1177 est3
1247 1127 1372 1176 quae
1413 1114 1542 1162 sicut
1581 1127 1663 1161 aes
1704 1111 1816 1160 alie-

129 1202 248 1237 num
289 1188 334 1236 ei
373 1185 676 1235 redhibenda
716 1194 814 1252 est,
863 1186 995 1235 unde
1036 1191 1231 1250 sumpta
1271 1192 1361 1234 est.
1440 1185 1539 1235 Sua
1577 1200 1693 1234 vero
1733 1185 1818 1251 illi,

129 1276 276 1326 quem
317 1261 471 1309 fames
512 1262 830 1326 exinanierat,
870 1259 929 1308 ab
971 1275 1044 1326 eo,
1084 1261 1168 1324 qui
1206 1265 1371 1325 potest
1411 1261 1558 1308 etiam
1597 1258 1816 1308 exhalata

129 1349 375 1401 revocare,
414 1334 665 1384 reddetur.
744 1334 975 1392 Quamvis
1016 1335 1110 1383 etsi
1148 1333 1376 1383 omnibus
1408 1335 1622 1398 perisset
1659 1332 1818 1381 modis
1853 1339 1906 1380 15

129 1424 222 1458 nec
261 1408 360 1458 ulla
400 1410 507 1457 eius
547 1409 778 1457 materies
825 1410 877 1457 in
917 1407 1028 1456 ullis
1068 1414 1272 1457 naturae
1313 1407 1515 1457 latebris
1555 1408 1817 1456 remansis-

132 1490 220 1549 set,
260 1482 390 1531 unde
426 1481 584 1547 vellet,
624 1497 730 1532 eam
771 1488 1028 1547 repararet
1058 1480 1398 1546 Omnipotens,
1478 1481 1573 1530 Sed
1613 1486 1818 1546 propter

132 1558 425 1606 sententiam
479 1555 740 1622 VeritatiS,
796 1571 892 1621 qua
946 1555 1133 1605 dictum
1196 1562 1292 1605 est:
1362 1556 1582 1618 Capillus
1637 1556 1819 1616 capitis

131 1633 285 1680 vestri
323 1644 422 1680 non
456 1632 659 1695 peribit,
699 1629 969 1680 absurdum
1009 1636 1100 1695 est,
1138 1635 1194 1678 ut
1231 1636 1478 1694 putem11S‚
1519 1644 1630 1678 cum
1671 1627 1817 1692 capil—

130 1703 206 1752 lus
238 1703 451 1752 hominis
483 1705 647 1768 perire
682 1718 779 1752 non
810 1705 981 1768 possit,
1019 1709 1179 1752 tantas
1212 1718 1386 1752 carnes
1426 1703 1552 1751 same
1593 1701 1818 1766 depastas
1851 1707 1907 1747 20

130 1784 277 1842 atque
318 1783 634 1842 consumptas
673 1779 837 1842 perire
877 1778 1113 1841 potuisse.

280 1850 470 1908 Quibus
518 1850 747 1900 omnibus
797 1866 887 1915 pro
935 1857 1106 1900 nostro
1147 1849 1344 1899 modulo
1387 1849 1710 1899 consideratis
1749 1855 1818 1897 at-

134 1939 228 1989 que
279 1926 500 1974 tractatis
547 1924 667 1974 haec
708 1939 899 1974 summa
938 1924 1219 1990 conficitur,
1266 1932 1322 1974 ut
1360 1925 1408 1973 in
1450 1923 1819 1973 resurrectione

135 1999 298 2047 carnis
329 2000 381 2047 in
414 2005 670 2047 aeternum
703 2013 785 2047 eas
818 2013 1076 2051 mensuras
1115 1997 1291 2047 habeat
1331 2012 1596 2062 corporum
1636 1997 1820 2060 magni-

134 2071 277 2137 tudo,
326 2087 446 2136 quas
496 2071 707 2120 hahebat
755 2071 1083 2136 perficiendae
1130 2073 1230 2120 sive
1278 2071 1526 2136 perfectae
1577 2071 1817 2133 cuiusque
1851 2074 1908 2115 25

134 2144 290 2194 indita
322 2147 519 2210 corpori
551 2147 675 2194 ratio
708 2147 993 2210 iuventutiS,
1032 2146 1083 2193 in
1115 2144 1453 2194 membrorum
1485 2159 1683 2208 quoque
1716 2157 1816 2191 om-

135 2220 272 2268 nium
324 2217 536 2267 modulis
587 2234 805 2283 congruo
857 2218 1036 2267 decore
1088 2224 1293 2267 servato.
1372 2218 1514 2276 Quod
1565 2217 1717 2266 decus
1763 2222 1820 2264 ut

134 2299 382 2359 servetur,
422 2294 463 2340 si
503 2291 684 2356 aliquid
725 2292 978 2357 demptum
1018 2291 1168 2341 fuerit
1205 2292 1455 2341 indecenti
1493 2291 1639 2341 alicui
1677 2304 1818 2355 gran·

134 2364 274 2414 ditati
320 2367 370 2414 in
416 2373 555 2430 parte
603 2366 764 2430 aliqua
811 2367 1130 2431 constitutae,
1178 2365 1309 2430 quod
1356 2381 1446 2431 per
1485 2371 1643 2415 totum
1685 2378 1818 2428 spar-

134 2445 291 2504 gatur,
331 2445 386 2487 ut
426 2454 586 2503 neque
625 2439 675 2488 id
723 2445 893 2503 pereat
933 2446 982 2488 et
1021 2441 1342 2503 congruentia
1380 2441 1593 2504 partium
1634 2437 1817 2500 ubique
1851 2442 1908 2482 30

133 2519 383 2561 teneatur:
424 2527 522 2560 non
564 2520 639 2561 est
678 2511 970 2577 absurdum,
1010 2519 1065 2561 ut
1105 2512 1286 2576 aliquid
1325 2512 1439 2560 inde
1479 2513 1625 2560 etiam
1667 2517 1818 2559 statu-

131 2599 214 2634 rae
256 2587 479 2650 corporis
512 2584 622 2634 addi
660 2600 805 2650 posse
847 2585 1119 2651 credamUS,
1159 2600 1272 2634 cum
1311 2584 1542 2634 omnibus
1580 2583 1819 2650 partibuS,

131 2666 187 2707 ut
226 2659 457 2708 decorem
497 2658 797 2724 custodiant,
836 2658 885 2706 id
926 2658 1256 2724 distribuitur,
1296 2659 1425 2723 quod
1467 2660 1508 2708 si
1549 2659 1818 2707 enormiter

131 2733 183 2780 in
224 2747 320 2780 11113
359 2738 512 2798 esset,
553 2733 723 2796 utique
764 2746 862 2779 non
903 2731 1116 2781 deceret..
1194 2733 1291 2781 Aut
1331 2733 1372 2781 si
1412 2731 1728 2781 contenditur
1766 2732 1817 2779 in

252 2921 306 2961 10
337 2921 377 2961 et
411 2922 463 2961 15
495 2917 704 2962 redditur
734 2917 779 2961 R
