2004 3140
559 149 626 181 ΒΕ
650 146 888 181 mmmm
912 147 998 180 DEI
1022 148 1064 180 L.
1088 147 1191 181 xix.
1217 147 1253 181 c.
1279 149 1331 181 12.
1682 135 1791 189 373

107 269 404 328 ceterorum,
442 275 614 326 pacem
645 260 815 322 volunt
847 259 1030 309 habere
1064 262 1326 310 sociorum.
1405 260 1501 310 Sed
1535 262 1629 310 etsi
1660 276 1792 310 unus

110 339 172 387 sit
226 343 324 385 tam
378 334 689 401 praepollens
742 333 929 383 viribus
985 342 1034 383 ct
1088 336 1312 384 conscios
1367 336 1434 384 ita
1482 349 1680 400 cavenS,
1736 341 1793 383 ut

107 409 229 460 nulli
267 410 402 458 socio
443 423 496 457 se
547 409 820 458 committat
866 408 1100 474 solusque
1140 408 1377 458 insidians
1417 416 1468 459 et
1505 409 1792 474 praevalens

108 482 288 548 quibus
326 484 546 547 potuerit
585 483 835 547 oppressis
883 490 932 532 et
978 484 1208 532 extinctis
1247 483 1453 547 praedas
1493 490 1627 550 agat,
1679 498 1790 532 cum

105 559 176 606 eis
226 562 385 622 certe,
431 571 556 621 quos
603 555 828 605 occidere
878 571 976 605 non
1022 563 1186 621 potest
1231 564 1281 606 et
1328 572 1451 621 quos
1500 557 1600 606 vult
1638 557 1790 605 latere

105 630 239 695 quod
273 630 404 697 facit,
445 630 852 694 qualemcumque
886 630 1111 679 umbram
1149 632 1284 695 pacis
1323 637 1473 680 tenet.
1551 631 1605 679 In
1646 631 1790 679 domo

109 711 271 753 autem
312 719 399 753 sua
439 719 551 753 cum
591 719 746 753 uxore
786 712 835 753 et
874 719 988 754 cum
1026 704 1163 771 filiis,
1203 711 1252 753 et
1291 706 1332 753 si
1371 720 1496 769 quos
1535 704 1655 753 alios
1694 704 1792 752 illic

101 776 262 843 habet,
301 778 467 827 studet
505 779 728 843 profecto
769 793 877 827 esse
917 786 1143 844 pacatus3
1183 780 1254 828 eis
1295 780 1476 844 quippe
1518 778 1576 827 ad
1616 785 1792 827 nutum

102 851 562 917 obtemperantibus
616 853 720 901 sine
761 852 910 904 dubio
950 852 1236 902 delectatur.
1314 852 1436 902 Nam
1475 854 1518 902 si
1557 868 1655 901 non
1695 853 1792 917 fiat,

108 925 391 990 indignatur
431 927 638 991 corripit
685 926 899 975 vindicat
946 934 996 976 et
1035 927 1210 976 domus
1250 942 1366 977 suae
1406 942 1599 993 pacem,
1645 928 1687 975 si
1725 927 1791 975 ita

109 1014 313 1049 necesse
363 1001 447 1066 sit,
494 1002 641 1049 etiam
681 1000 940 1049 saeviendo
989 994 1260 1068 componit,
1307 1017 1453 1065 quam
1493 1002 1643 1050 sentit
1682 1015 1790 1049 esse

105 1088 204 1122 non
243 1088 405 1140 posse,
447 1075 542 1122 nisi
582 1074 775 1122 cuidam
813 1076 1073 1140 principio,
1114 1075 1244 1139 quod
1285 1076 1388 1140 ipse
1430 1077 1480 1124 in
1520 1075 1664 1123 domo
1706 1090 1790 1123 sua

105 1155 205 1213 est,
260 1154 424 1196 cetera
481 1149 533 1196 in
587 1147 756 1197 eadem
804 1149 1073 1197 domestica
1125 1151 1358 1198 societate
1407 1147 1627 1198 subiecta
1679 1149 1790 1196 sint.

103 1220 318 1285 Ideoque
360 1222 402 1269 si
438 1221 702 1270 offerretur
742 1223 788 1270 ei
827 1223 1039 1271 servitus
1079 1222 1311 1289 plurium,
1351 1222 1427 1272 vel
1466 1223 1676 1271 civitatis
1716 1222 1791 1270 vel

102 1296 278 1360 gentiS,
318 1296 385 1343 ita
418 1301 473 1343 ut
503 1296 574 1344 sic
614 1296 661 1344 ei
701 1297 961 1363 servirent,
1002 1311 1149 1360 quem
1188 1296 1247 1345 ad
1287 1297 1487 1346 modum
1528 1296 1620 1345 sibi
1660 1295 1791 1344 domi

103 1383 220 1418 suae
270 1370 444 1417 serviri
491 1368 704 1418 volebat:
752 1385 850 1418 non
901 1385 953 1419 se
1002 1372 1097 1419 iam
1145 1370 1387 1420 latronem
1435 1370 1636 1420 latebris
1677 1385 1790 1419 con-

102 1441 268 1509 deret,
319 1442 405 1491 sed
445 1458 615 1508 regem
654 1446 977 1509 conspicuum
1018 1443 1332 1512 sublimaret,
1379 1461 1492 1494 cum
1533 1445 1702 1494 eadem
1742 1446 1791 1492 in

102 1515 185 1565 illo
234 1516 476 1581 cupiditas
525 1523 574 1566 et
619 1517 802 1567 malitia
849 1526 1176 1583 permaneret.
1253 1518 1432 1568 Pacem
1471 1521 1638 1583 itaque
1679 1533 1792 1567 cum

106 1592 208 1639 suis
270 1605 441 1639 omnes
503 1590 685 1640 habere
749 1594 978 1660 cupiunt,
1040 1608 1165 1657 quos
1220 1592 1278 1642 ad
1331 1592 1591 1643 arbitrium
1647 1607 1791 1642 suum

105 1663 273 1713 volunt
324 1666 500 1714 vivere.
576 1664 699 1714 Nam
739 1672 788 1715 et
827 1681 940 1715 cum
979 1666 1160 1730 quibus
1199 1666 1382 1716 bellum
1422 1673 1624 1733 gerunt,
1675 1681 1790 1715 suos

103 1738 282 1803 facere,
322 1739 363 1786 si
394 1740 600 1804 possint,
640 1739 809 1788 volunt
841 1741 1010 1804 eisque
1052 1740 1288 1790 subiectis
1327 1740 1460 1806 leges
1501 1756 1618 1790 suae
1656 1742 1791 1805 pacis

102 1812 356 1876 inponere.

258 1884 354 1933 Sed
394 1886 628 1935 faciamus
662 1885 889 1954 aliquem,
930 1887 1124 1952 qualem
1164 1889 1296 1937 canit
1333 1890 1525 1953 poetica
1565 1895 1615 1937 et
1655 1887 1789 1936 fabu-

107 1958 209 2007 losa
257 1960 495 2019 narrati0,
547 1974 692 2023 quem
742 1962 951 2010 fortasse
998 1968 1203 2027 propter
1248 1963 1405 2027 ipsam
1454 1960 1789 2011 insociabilem

108 2032 353 2082 feritatem
394 2033 766 2083 semihominem
809 2051 954 2100 quam
1001 2036 1250 2085 hominem
1291 2035 1456 2085 dicere
1497 2036 1789 2086 maluerunt.

107 2105 338 2163 Quamvis
387 2122 504 2172 ergo
550 2107 699 2157 huius
745 2124 954 2174 regnum
1001 2109 1136 2159 dirae
1185 2109 1448 2175 speluncae
1488 2111 1639 2159 suerit
1679 2109 1788 2158 soli—

109 2180 226 2228 tudo
260 2186 457 2244 tamque
491 2181 673 2230 malitia
705 2183 985 2248 singulariS,
1023 2191 1080 2233 ut
1110 2198 1169 2233 ex
1201 2183 1291 2233 hac
1325 2185 1370 2232 ei
1402 2199 1582 2233 nomen
1622 2185 1789 2232 inven-

110 2260 213 2303 tum
264 2256 329 2304 sit
378 2249 587 2322 (Graece
640 2271 850 2321 namque
898 2257 1054 2307 malus
1093 2252 1243 2317 κακὸς
1280 2257 1488 2324 dicitur,
1539 2256 1670 2322 quod
1708 2256 1790 2305 ille

110 2323 425 2395 vocabatur),
481 2329 612 2378 nulla
663 2332 844 2380 coniux
893 2333 939 2380 ei
988 2331 1222 2380 blandum
1273 2331 1427 2380 ferret
1479 2332 1788 2394 referretque

109 2414 401 2469 sermonem,
440 2402 588 2452 nullis
631 2403 743 2453 filiis
781 2404 856 2454 vel
896 2404 1152 2454 adluderet
1189 2405 1405 2470 parvulis
1446 2405 1521 2454 vel
1560 2404 1786 2470 grandiu-

107 2473 255 2524 sculis
309 2477 606 2544 imperaret,
660 2477 794 2527 nullo
849 2480 992 2528 amici
1047 2478 1307 2543 conloquio
1363 2479 1645 2544 frueretur,
1696 2492 1788 2526 nec

106 2545 306 2597 Vulcani
353 2552 531 2617 patris,
580 2567 677 2616 quo
726 2551 800 2600 vel
848 2552 962 2601 hinc
1009 2558 1199 2602 tantum
1247 2567 1345 2601 non
1383 2567 1558 2617 parum
1598 2551 1788 2600 felicior

228 2768 250 2806 1
286 2764 375 2808 Sed
407 2778 489 2812 om.
522 2766 588 2810 R¹
625 2768 641 2823 ΙΙ
680 2771 705 2810 2
739 2767 949 2818 conscios
980 2766 1126 2821 RAv,·
1158 2766 1368 2811 conscius
1399 2767 1517 2824 Lf9;
1549 2767 1788 2811 consocios

106 2834 165 2923 (125
180 2823 196 2876 ll
219 2825 278 2926 {g
281 2836 404 2927 2na15n
428 2825 578 2870 malus
606 2825 780 2871 Graece
804 2840 830 2871 v
854 2829 869 2883 ΙΙ
893 2831 947 2872 32
974 2839 1138 2883 parum
1157 2847 1212 2862 =
1222 2827 1446 2882 paulinum
1470 2827 1527 2881 cf.
1541 2827 1624 2871 vol.
1644 2826 1680 2869 I
1677 2860 1690 2882 ,
1708 2830 1785 2880 85,

175 2913 186 2932 ‚
315 2915 328 2935 ‚

1826 935 1880 975 10

1827 1304 1880 1344 15

1824 1674 1882 1714 20

1823 2043 1880 2083 25

1819 2411 1879 2453 30
