2044 3146
188 562 216 601 5

160 930 216 969 10

162 1297 214 1337 15

159 1665 214 1705 20

158 2032 213 2071 25

156 2398 214 2439 30

249 137 361 189 240
929 148 963 181 s.
988 148 1264 182 AUGUSTINI
1286 131 1290 134 ’

249 276 440 327 regem,
496 261 543 309 id
600 267 674 309 est
725 275 751 308 a
807 259 997 308 diaholo
1049 262 1225 308 transit
1275 260 1332 309 ad
1381 260 1646 309 Christum.
1722 260 1933 326 Propter

249 334 380 398 quod
436 336 481 382 ei
537 334 740 382 dicitur:
804 335 1109 383 Oblivisccrc
1157 338 1397 396 populum
1452 340 1588 383 tuum
1635 340 1685 383 et
1735 337 1930 384 domum

244 411 410 469 patris
443 404 528 457 tu'i.
604 407 755 455 Cuius
788 409 996 456 civitatis
1028 408 1204 471 impiae
1244 409 1406 472 portio
1446 414 1562 456 sunt
1601 414 1650 456 et
1682 407 1929 457 israelitae

250 481 351 529 sola
384 496 547 543 carne,
586 496 685 529 non
718 480 834 545 fide3
874 482 1060 529 inimici
1092 483 1237 529 etiam
1278 483 1372 545 ipsi
1411 483 1572 545 magni
1611 481 1759 530 huius
1802 484 1930 546 regis

249 556 453 619 eiusque
486 556 699 619 reginae.
754 554 824 602 Ad
858 556 990 620 ipsos
1024 556 1154 603 enim
1186 556 1387 603 veniens
1413 561 1461 603 et
1499 554 1557 603 ab
1598 556 1671 603 eis
1704 554 1931 604 Christus

249 630 443 677 occisus
474 630 627 692 magis
658 627 866 676 aliorum
899 628 1056 677 factus
1088 635 1177 694 est,
1218 643 1341 692 quos
1382 643 1479 676 non
1520 628 1638 677 vidit
1676 630 1726 677 in
1767 644 1930 678 carne.

247 701 385 750 Unde
411 717 501 767 per
526 701 781 750 cuiusdam
805 701 979 767 psalmi
1003 701 1311 766 prophetiam
1337 700 1456 749 dicit
1480 702 1584 766 ipse
1618 716 1705 750 rex
1738 709 1929 752 noster:

249 777 414 825 Erucs
453 791 530 826 me
576 778 637 824 dc
684 776 1173 824 contradictionibus
1206 777 1402 837 populi,
1453 778 1725 824 constitues
1765 790 1840 824 mc
1880 779 1931 824 in

249 855 404 911 caput
459 852 698 910 centium.
778 850 1018 910 Populus,
1082 863 1226 909 quem
1279 862 1378 897 non
1433 851 1665 909 coynovi‚
1727 852 1934 898 servivit

249 924 395 980 milii}
447 926 499 971 in
545 924 786 971 obauditu
835 925 979 971 auris
1025 924 1287 971 obaudivit
1334 923 1469 971 mihi.
1546 917 1769 986 Populus
1812 937 1929 987 ergo

247 998 338 1044 iste
378 998 613 1060 gentium,
654 1011 800 1060 quem
834 1011 931 1044 non
972 997 1199 1060 cognovit
1239 995 1464 1044 Christus
1503 997 1781 1060 praesentia
1821 1011 1927 1044 cor-

247 1068 424 1134 porali,
469 1071 520 1117 in
569 1085 716 1133 quem
764 1076 926 1117 tamen
968 1068 1219 1118 Christum
1259 1068 1352 1118 sibi
1392 1068 1734 1118 adnuntiatum
1773 1069 1929 1118 credi·

247 1143 332 1208 dit,
371 1149 426 1191 ut
465 1144 640 1192 merito
681 1142 740 1191 de
773 1142 854 1191 illo
895 1143 1167 1192 diceretur:
1210 1144 1270 1192 In
1310 1144 1552 1191 obauditu
1593 1146 1738 1192 auris
1777 1145 1929 1192 obau-

247 1219 371 1265 divit
431 1219 575 1277 milii,
639 1218 751 1280 quia
806 1215 926 1265 fides
981 1232 1041 1264 ex
1091 1216 1260 1265 auditu
1316 1222 1391 1265 est
1434 1243 1496 1249 —
1540 1217 1658 1282 iste,
1714 1217 1927 1281 inquam,

246 1289 458 1354 populus
491 1290 684 1338 additus
716 1291 846 1338 veris
879 1297 927 1338 et
967 1305 1113 1338 carne
1155 1297 1204 1339 et
1242 1289 1337 1338 fide
1378 1288 1611 1338 Israelitis
1652 1291 1820 1338 civitas
1855 1298 1930 1339 est

247 1362 362 1428 Dei,
403 1378 526 1427 quae
566 1365 728 1427 ipsum
769 1378 966 1427 quoque
1007 1363 1279 1412 secundum
1320 1377 1517 1411 carnem
1558 1365 1750 1427 peperit
1790 1362 1927 1412 Chri·

247 1443 404 1503 stum,
461 1436 653 1501 quando
706 1438 755 1485 in
812 1436 928 1485 solis
979 1436 1072 1485 illis
1120 1436 1355 1485 Israelitis
1403 1437 1508 1485 fuit.
1586 1435 1704 1485 Inde
1746 1438 1927 1502 quippe

247 1517 353 1559 erat
391 1512 527 1574 virgo
559 1510 723 1575 Maria,
762 1511 813 1558 in
853 1525 947 1574 qua
988 1524 1186 1558 carnem
1220 1509 1461 1575 ChristUS,
1500 1516 1555 1559 ut
1593 1509 1738 1558 homo
1779 1517 1927 1575 esset,

247 1583 533 1648 adsumpsit.
624 1582 693 1632 De
748 1598 843 1647 qua
900 1585 1093 1632 civitate
1148 1583 1364 1648 psalmus
1427 1583 1550 1632 alius
1605 1585 1694 1632 ait:
1758 1584 1930 1634 Mater

247 1658 392 1717 Sion,
434 1659 567 1706 dicct
604 1659 767 1718 homo,
808 1662 857 1706 et
894 1659 1037 1706 homo
1076 1664 1226 1706 natus
1265 1664 1338 1706 cst
1375 1659 1426 1706 in
1466 1672 1541 1718 ea,
1583 1662 1631 1706 et
1670 1659 1774 1719 ipse
1807 1657 1926 1718 fun-

248 1733 387 1779 davit
418 1745 526 1779 eam
559 1731 851 1779 Altissimus.
931 1730 1051 1787 Quis
1085 1737 1160 1779 est
1191 1733 1284 1780 iste
1316 1730 1595 1779 Altissimus
1629 1732 1722 1779 nisi
1754 1728 1926 1780 Deus?

245 1803 308 1852 Et
345 1819 436 1868 per
482 1803 574 1852 hoc
616 1803 841 1853 Christus
881 1802 1034 1870 Deus,
1081 1811 1342 1868 antequam
1392 1806 1441 1852 in
1482 1803 1562 1852 illa
1602 1805 1798 1854 civitate
1837 1819 1926 1869 per

246 1876 446 1926 Mariam
486 1878 627 1926 fieret
665 1876 826 1943 homo,
866 1878 970 1942 ipse
1011 1880 1062 1927 in
1100 1878 1394 1943 patriarchis
1434 1884 1483 1927 et
1520 1877 1776 1942 prophetis
1816 1878 1923 1926 sun·

247 1950 377 1999 davit
430 1966 551 2000 eam.
630 1949 753 1999 Cum
806 1952 957 2015 igitur
1011 1951 1125 2000 huic
1161 1953 1369 2015 reginae
1417 1952 1602 2000 civitati
1651 1950 1739 1999 Dei
1789 1958 1924 2000 tanto

247 2030 358 2072 ante
399 2023 584 2073 dictum
641 2025 704 2072 sit
752 2039 842 2088 per
886 2023 1220 2090 prophetiam,
1273 2024 1402 2088 quod
1442 2026 1537 2072 iam
1577 2023 1798 2073 videmus
1838 2026 1924 2072 im·

245 2097 451 2161 pletum:
503 2099 605 2146 Pro
646 2099 882 2159 patribus
930 2100 1028 2146 tuis
1066 2100 1178 2146 nati
1212 2103 1329 2146 sunt
1367 2099 1458 2146 tibi
1489 2100 1607 2156 filii,
1656 2100 1926 2148 constitues

247 2185 329 2219 eos
362 2172 623 2232 principes
661 2185 814 2232 super
852 2185 1042 2219 omnem
1082 2176 1273 2219 terram
1325 2165 1407 2237 (ex
1447 2169 1557 2218 filiis
1597 2171 1780 2235 quippe
1820 2173 1926 2220 eius

244 2258 336 2307 per
386 2258 581 2291 omnem
627 2249 811 2291 terram
858 2250 972 2292 sunt
1018 2244 1284 2308 praepositi
1332 2250 1381 2293 et
1418 2250 1583 2308 patres
1622 2245 1755 2309 eiuS,
1812 2259 1924 2293 cum

247 2317 574 2365 confiteantur
621 2317 665 2364 ei
715 2315 884 2380 populi
924 2324 1278 2366 concurrentes
1318 2317 1376 2365 ad
1418 2333 1523 2366 eam
1564 2317 1925 2366 confessionem

246 2389 401 2438 laudis
450 2396 676 2438 aeternae
716 2391 777 2451 ‚in
818 2389 1067 2439 saeculum
1108 2385 1337 2456 saeculi):
1385 2390 1558 2455 procul
1597 2389 1745 2439 dubio
1787 2390 1925 2454 quid·

246 2589 282 2631 P
352 2532 439 2632 ἐξ)
459 2530 542 2633 gs.
580 2535 653 2586 17,
690 2535 747 2574 44
780 2545 845 2586 sq.
912 2532 982 2585 14)
1018 2532 1144 2575 Rom.
1180 2536 1255 2586 10,
1300 2536 1367 2578 17.
1431 2534 1505 2588 21)
1538 2531 1610 2575 Ps.
1643 2536 1714 2586 86,
1749 2536 1789 2576 5.
1852 2535 1924 2587 27)

285 2604 317 2633 s.
413 2625 423 2645 ,
517 2624 525 2632 .

364 2753 389 2791 5
422 2748 481 2792 ab
513 2748 626 2805 ipsis
657 2749 702 2793 R.
725 2751 740 2806 ΙΙ
764 2754 789 2792 9
814 2749 862 2793 in
895 2749 1046 2806 capite
1079 2751 1123 2793 A
1159 2751 1296 2795 Parr.
1328 2750 1395 2805 (3)
1425 2753 1440 2807 ΙΙ
1475 2755 1527 2795 10
1560 2752 1606 2795 in
1640 2751 1803 2796 auditu
1834 2751 1880 2795 R
1910 2752 1924 2810 Η

244 2819 355 2862 ergo
387 2820 469 2850 om.
495 2807 541 2850 R
563 2810 579 2864 ΙΙ
603 2813 658 2852 20
683 2810 819 2852 natus
843 2808 914 2861 R,·
943 2807 1091 2853 factus
1123 2823 1147 2852 v
1171 2811 1187 2865 fl
1211 2814 1265 2853 29
1299 2810 1635 2854 confessionem
1667 2810 1785 2864 RF;
1818 2823 1924 2854 cum

245 2864 578 2909 confessionem
609 2867 680 2920 A,·
713 2881 817 2912 eum
850 2866 1136 2911 confessione
1169 2881 1194 2911 v
