2044 3146
598 152 664 184 DE
690 151 926 184 CIVITATE
951 152 1039 183 DEI
1063 152 1104 183 L,
1130 152 1252 184 xvn.
1277 151 1315 184 c.
1342 153 1375 184 8.
1696 140 1804 191 225

121 267 257 317 nales
298 265 475 314 Iudaei.
552 263 672 312 Nam
714 270 763 311 et
801 264 895 327 ipsi
935 278 1092 326 usque
1133 263 1252 312 adeo
1294 263 1469 329 filium,
1509 279 1654 327 quem
1696 263 1802 312 loco

115 344 212 391 isto
260 341 364 404 regi
404 336 552 386 David
602 338 902 401 promissum
943 336 1132 400 legunt,
1180 336 1472 400 intellegunt
1512 353 1608 385 non
1650 337 1802 386 fuisse

115 414 441 476 Salomonem,
482 417 536 459 ut
568 426 641 475 e0,
685 411 769 474 qui
800 411 1076 474 promissus
1109 417 1184 459 est
1216 416 1350 458 tanta
1390 412 1483 458 iam
1526 411 1802 459 manifesta-

116 490 264 552 tione,
303 485 549 534 declarato
590 483 748 532 adhuc
790 483 999 532 mirabili
1040 486 1273 532 caecitate
1316 484 1463 532 alium
1503 499 1702 548 sperare
1745 500 1796 532 se

112 561 292 610 dicant.
375 558 522 606 Facta
583 563 659 606 est
718 557 915 620 quidem
971 557 1205 605 nonnulla
1259 559 1417 620 imago
1474 560 1546 606 rei
1601 559 1795 607 futurae

112 635 257 683 etiam
290 634 339 680 in
374 631 648 696 Salomone,
686 632 736 679 in
781 646 838 679 eo
872 630 1001 695 quod
1035 630 1270 695 templum
1313 630 1583 679 aedificavit
1623 638 1671 679 et
1711 647 1796 695 pa-

112 723 220 756 cem
251 706 423 754 habuit
454 704 726 754 secundum
760 719 938 752 nomen
971 719 1116 752 suum
1157 698 1412 771 (Salomon
1446 707 1627 769 quippe
1668 706 1796 769 paci—

112 782 235 830 ficus
275 786 350 829 est
395 774 592 844 Latine)
639 786 688 827 et
736 780 783 826 in
828 777 1029 827 exordio
1070 779 1210 842 regni
1250 780 1327 826 sui
1367 778 1657 827 mirabiliter
1697 778 1795 827 lau·

110 853 284 903 dabilis
333 854 446 918 suit3
494 852 579 901 sed
628 851 795 900 eadem
845 866 931 900 sua
979 866 1190 915 persona
1236 866 1326 916 per
1377 851 1602 900 umbram
1642 853 1797 901 futuri

111 926 488 993 praenuntiabat
521 927 666 975 etiam
707 927 810 990 ipse
853 925 1103 974 Christum
1144 924 1420 991 Dominum,
1460 941 1558 974 non
1599 925 1796 974 exhibe·

114 1001 209 1051 hat.
286 999 424 1049 Unde
481 999 719 1064 quaedam
773 998 833 1047 de
888 998 970 1046 illo
1022 1001 1088 1047 ita
1136 1001 1317 1063 scripta
1364 1007 1501 1065 sunt,
1550 1001 1688 1063 quasi
1740 1000 1798 1049 de

113 1077 219 1140 ipso
252 1076 344 1123 ista
376 1073 626 1139 praedicta
659 1075 770 1132 sint,
811 1072 926 1121 dum
969 1074 1214 1136 scriptura
1255 1079 1420 1121 sancta
1462 1075 1608 1121 etiam
1648 1072 1799 1122 rebus

112 1150 264 1213 gestis
315 1147 615 1212 prophetans
666 1145 877 1211 quodam
930 1146 1073 1194 modo
1131 1147 1182 1194 in
1234 1161 1292 1194 eo
1344 1147 1549 1210 figuram
1601 1146 1799 1196 deliniat

87 1222 410 1271 futurorum.
505 1220 627 1269 Nam
680 1226 879 1284 praeter
932 1219 1085 1267 libros
1141 1219 1331 1268 divinae
1386 1219 1649 1280 historiae,
1713 1220 1798 1268 ubi

113 1310 344 1360 regnasse
391 1301 643 1359 narratur,
689 1292 905 1358 psalmus
953 1294 1101 1341 etiam
1141 1295 1568 1357 septuagensimus
1602 1295 1796 1358 ‘primus

113 1368 255 1418 titulo
303 1369 516 1417 nominis
564 1369 671 1416 eius
710 1368 978 1431 inscriptus
1020 1373 1116 1431 est3
1169 1368 1219 1414 in
1260 1382 1357 1430 quo
1399 1374 1495 1415 tam
1538 1367 1687 1416 multa
1728 1368 1796 1416 di-

114 1449 317 1507 cuntur,
372 1456 495 1506 quae
545 1443 744 1489 omnino
792 1442 837 1489 ei
878 1442 1141 1489 convenire
1183 1455 1281 1488 non
1320 1447 1551 1506 possunt,
1592 1440 1798 1489 Domino

114 1522 275 1565 autem
318 1514 513 1564 Christo
562 1515 811 1580 aptissima
850 1515 1202 1578 perspicuitate
1242 1516 1567 1580 conveniunt,
1609 1521 1662 1563 ut
1703 1516 1799 1563 evi·

114 1589 289 1638 denter
328 1595 580 1654 appareat,
630 1587 759 1652 quod
810 1588 862 1636 in
900 1586 982 1636 illo
1023 1587 1178 1651 figura
1219 1586 1592 1652 qualiscumque
1632 1588 1798 1637 adum-

114 1662 253 1711 brata
293 1664 377 1727 sit,
423 1664 474 1710 in
513 1664 608 1710 isto
649 1668 813 1710 autem
852 1662 959 1726 ipsa
997 1662 1177 1709 veritas
1216 1667 1539 1726 praesentata.
1617 1661 1798 1711 Notum

115 1743 191 1785 est
222 1738 368 1801 enim,
409 1734 588 1799 quibus
620 1735 846 1783 terminis
887 1749 1096 1798 regnum
1136 1734 1425 1783 conclusum
1466 1736 1627 1784 fuerat
1668 1734 1800 1784 Salo-

116 1811 297 1874 monis3
345 1815 395 1857 et
445 1814 608 1856 tamen
656 1810 706 1856 in
758 1822 816 1856 eo
862 1807 1050 1872 psalmo
1096 1807 1300 1873 legitur,
1353 1814 1408 1856 ut
1459 1807 1551 1856 alia
1591 1815 1801 1873 taceam3

117 1883 473 1932 Dominabitur
520 1897 552 1930 a
599 1883 736 1931 mari
764 1895 922 1942 usque
954 1883 1026 1930 ad
1062 1895 1205 1930 mare
1243 1887 1293 1930 et
1330 1896 1362 1929 α
1395 1883 1607 1941 flumine
1645 1897 1802 1943 usque

114 1958 189 2005 ad
232 1958 469 2005 terminos
516 1956 654 2004 orbis
701 1960 895 2017 terrae,
943 1954 1074 2019 quod
1121 1956 1172 2002 in
1213 1953 1409 2002 Christo
1448 1955 1672 2004 videmus
1711 1958 1797 2004 im-

115 2029 255 2094 pleri.
342 2029 380 2077 A
431 2028 630 2077 flumine
687 2029 868 2092 quippe
923 2027 1205 2076 dominandi
1264 2030 1475 2092 sumpsit
1529 2028 1799 2088 exordium,

116 2102 202 2151 uhi
233 2102 504 2167 baptizatus
537 2117 561 2150 a
593 2101 806 2150 Iohanne
841 2101 1014 2150 eodem
1055 2107 1360 2150 monstrante
1402 2104 1564 2166 coepit
1603 2106 1804 2167 agnosci

114 2191 142 2225 a
181 2174 449 2241 discipuliS,
491 2177 574 2240 qui
607 2190 720 2224 eum
762 2190 859 2223 non
900 2174 1059 2224 solum
1099 2177 1403 2241 magistrum,
1443 2191 1615 2224 verum
1654 2178 1801 2225 etiam

116 2248 376 2298 Dominum
416 2248 797 2314 appellaverunt.

264 2323 364 2372 Nec
397 2322 459 2371 ob
492 2322 622 2371 aliud
661 2324 852 2371 vivente
893 2320 1052 2370 adhuc
1091 2327 1230 2386 patre
1271 2336 1360 2370 suo
1403 2321 1551 2371 David
1591 2338 1799 2388 regnare

115 2398 278 2460 coepit
326 2395 579 2461 Salomon,
633 2395 763 2460 quod
812 2394 933 2444 nulli
972 2409 1145 2459 regum
1184 2394 1380 2444 illorum
1421 2398 1653 2461 contigit,
1705 2398 1798 2445 nisi

117 2477 172 2518 ut
210 2469 323 2518 hinc
363 2484 559 2533 quoque
610 2471 727 2518 satis
767 2468 957 2517 eluceat
995 2483 1094 2516 non
1134 2483 1243 2516 esse
1285 2470 1462 2533 ipsum,
1503 2484 1649 2533 quem
1689 2485 1800 2534 pro-

116 2542 283 2607 phetia
330 2545 421 2592 ista
469 2544 770 2607 praesignat,
818 2557 942 2606 quae
990 2541 1050 2589 ad
1090 2543 1197 2590 eius
1235 2549 1427 2606 patrem
1466 2542 1683 2606 loquitur
1731 2542 1800 2591 di-

118 2630 258 2665 cens:
306 2617 372 2664 Et
417 2619 536 2676 erit,
583 2631 697 2666 cum
745 2618 925 2678 repleti
964 2614 1164 2676 fuerint
1209 2617 1314 2664 dies
1355 2618 1448 2676 tui,
1498 2621 1545 2664 et
1585 2617 1802 2665 dormies

238 2730 312 2782 24)
344 2727 416 2771 Ps.
453 2732 522 2782 71,
556 2732 596 2772 8.

240 2877 294 2916 10
328 2873 458 2918 Dom.
491 2876 701 2918 nostrum
732 2887 756 2918 v
779 2876 794 2930 ss
821 2878 873 2917 13
908 2874 1113 2918 delineat
1142 2887 1168 2917 v
1192 2876 1207 2930 u
1231 2879 1283 2917 21
1318 2873 1458 2917 fuerit
1489 2887 1514 2917 v

210 2961 304 2987 Auo.
328 2962 379 2986 m:
405 2962 481 2989 cnr.
507 2964 585 2988 nm.
624 2956 674 2987 IL
1394 2950 1447 2990 15

1830 566 1855 605 5

1835 936 1888 974 10

1834 1302 1886 1341 15

1834 2038 1887 2077 ’25

1837 2407 1893 2444 30
