2004 3140
563 171 630 203 DE
655 169 893 204 CIVITATE
916 171 1006 203 Dm
1029 171 1071 203 L.
1095 172 1178 203 xx.
1203 171 1240 204 c.
1265 155 1304 205 6]
1665 161 1774 213 417

90 291 181 351 est,
219 285 470 349 pertinere
501 297 775 348 possemus.
853 283 924 331 Ad
958 283 1083 333 hanc
1115 286 1245 333 enim
1273 276 1486 349 *primam
1524 299 1623 334 non
1663 301 1772 350 per-

89 361 276 424 tinent,
330 358 427 406 nisi
473 357 559 421 qui
605 356 737 406 beati
784 365 930 406 erunt
975 359 1027 406 in
1075 365 1360 424 aeternum3
1408 358 1466 407 ad
1508 359 1774 409 secundam

88 447 229 498 vero,
280 431 339 480 de
381 446 476 495 qua
515 445 628 479 mox
666 430 926 480 locuturus
966 438 1063 497 est,
1103 438 1151 481 et
1191 432 1360 482 beatos
1397 434 1650 497 pertinere
1690 433 1772 483 do-

89 505 220 555 cebit
259 511 308 554 et
339 506 561 554 miseros,
624 504 721 554 Ista
762 512 836 553 est
874 506 1257 572 misericordiae,
1296 506 1378 555 illa
1416 506 1599 556 iudicii.
1654 506 1772 556 Pro-

85 586 197 645 pter
236 578 366 643 quod
406 580 457 627 in
507 578 693 644 psalmo
735 580 975 643 scriptum
1015 586 1112 629 est:
1160 581 1572 630 Misericordiam
1612 586 1660 630 et
1699 584 1771 631 iu-
1806 591 1832 631 5

86 655 275 703 dicium
314 654 531 703 cantabo
572 654 675 714 tibi,
715 653 939 702 Domine.

234 725 304 775 De
352 742 449 791 quo
496 727 678 776 iudicio
731 733 1095 791 consequenter
1135 727 1356 776 adiunxit
1395 734 1541 792 atque
1582 730 1668 777 ait:
1710 730 1777 778 Et

79 806 378 865 potestatem
425 803 565 851 dedit
611 804 660 851 ei
704 803 948 850 iudicium
987 800 1189 863 facere,
1230 804 1351 863 quia
1384 804 1524 862 filius
1562 804 1775 852 hominis

85 881 173 925 est.
250 873 340 924 Hic
389 874 630 941 ostendit,
682 875 813 939 quod
861 876 912 924 in
964 890 1020 924 ea
1060 891 1206 924 carne
1246 877 1411 925 veniet
1448 875 1772 937 iudi-caturuS,

84 951 137 998 in
185 963 279 1014 qua
327 956 526 998 venerat
572 949 878 998 iudicandus,
954 949 1026 998 Ad
1072 950 1165 998 hoc
1215 951 1345 998 enim
1385 951 1472 998 ait:
1527 951 1773 1009 Quoniam
1808 960 1863 1000 10

80 1023 484 1083 filius‘hominis
532 1029 616 1072 est.
695 1023 762 1072 Ac
810 1022 985 1072 deinde
1034 1022 1339 1088 subiungens
1391 1023 1521 1072 unde
1562 1026 1772 1088 agimus:

87 1098 264 1160 Nolite,
295 1099 471 1163 inquit,
502 1099 689 1146 mirari
709 1098 817 1157 hoc,
851 1100 971 1157 quia
1004 1101 1168 1147 veniet
1197 1100 1342 1163 horu,
1375 1100 1426 1146 in
1459 1112 1560 1158 qua
1593 1113 1773 1164 omneS,

87 1174 176 1233 qui
206 1174 257 1221 in
289 1173 616 1220 monumentis
645 1177 776 1230 sunt,
818 1173 1028 1220 audient
1057 1185 1226 1220 vocem
1258 1174 1366 1220 eius
1399 1177 1448 1220 et
1479 1174 1772 1233 procedent,
1811 1212 1814 1215 Α

86 1247 177 1307 qui
229 1246 360 1294 bona
405 1243 663 1306 fecerunt,
721 1247 771 1293 in
821 1248 1248 1294 resurrectionem
1300 1248 1462 1303 vitae;
1515 1248 1604 1306 qui
1652 1261 1771 1295 vero

86 1322 221 1369 mala
268 1325 501 1380 eqerunt,
550 1321 600 1367 in
647 1321 1074 1368 resurrectionem
1123 1321 1314 1368 iudicii.
1391 1318 1496 1367 Hoc
1537 1326 1612 1368 est
1650 1319 1770 1368 illud
1806 1328 1860 1368 15

83 1393 348 1459 iudicium,
396 1392 526 1457 quod
565 1392 710 1457 paulo
758 1399 896 1458 ante,
951 1394 1078 1442 sicut
1118 1408 1276 1458 nunc,
1327 1407 1417 1456 pro
1458 1393 1768 1442 damnatione

83 1474 317 1532 posuerat
363 1465 563 1516 dicens:
618 1467 716 1526 Qui
762 1468 969 1516 verbum
1014 1481 1176 1516 meum
1223 1469 1369 1516 audit
1415 1473 1464 1515 et
1518 1469 1687 1516 credit
1723 1470 1772 1517 ei

86 1543 176 1603 qui
211 1542 346 1589 misit
382 1555 478 1602 me,
526 1542 677 1590 habet
715 1543 868 1589 vitam
907 1547 1169 1590 aeternam
1209 1547 1258 1590 et
1295 1543 1347 1590 in
1389 1543 1632 1590 iudicium
1671 1556 1771 1590 non

86 1617 241 1683 venit,
287 1617 379 1663 sed
423 1617 628 1664 transiit
672 1629 704 1662 a
743 1620 902 1663 morte
943 1617 993 1663 in
1032 1617 1206 1679 vitam,
1246 1614 1296 1663 id
1337 1622 1436 1679 est,
1476 1615 1770 1679 pertinendo

88 1689 147 1738 ad
193 1690 401 1753 primam
450 1689 895 1754 resurrectionem,
946 1703 1041 1752 qua
1088 1704 1219 1737 nunc
1267 1690 1507 1738 transitur
1547 1704 1572 1736 a
1612 1695 1770 1737 morte
1806 1699 1861 1739 20

87 1762 146 1811 ad
198 1763 371 1827 vitam,
421 1763 472 1809 in
512 1761 876 1810 damnationem
925 1776 1024 1810 non
1063 1763 1248 1828 veniet,
1300 1777 1445 1825 quam
1484 1762 1772 1826 significavit

87 1835 411 1901 appellatione
462 1835 656 1901 iudicii,
710 1836 838 1884 sicut
885 1837 1031 1883 etiam
1078 1835 1171 1884 hoc
1218 1834 1353 1901 loco,
1401 1835 1487 1884 ubi
1526 1837 1614 1884 ait:
1677 1837 1776 1894 Qui

86 1924 206 1960 vero
238 1913 372 1959 malci
405 1915 631 1971 efferunt,
673 1911 724 1957 in
757 1912 1184 1958 resurrectionem
1216 1910 1412 1970 iudicii,
1451 1909 1501 1958 id
1534 1915 1610 1958 est
1641 1909 1771 1958 dam-

88 1984 314 2032 nationiS.
391 1982 636 2047 Resurgat
683 1997 800 2046 ergo
851 1984 902 2031 in
949 1985 1133 2048 prima,
1181 1984 1266 2046 qui
1312 1998 1411 2031 non
1459 1983 1561 2031 vult
1606 1985 1657 2031 in
1698 1998 1771 2031 se-

87 2055 248 2105 cunda
287 2058 653 2105 resurrectione
694 2055 927 2106 damnari.
1018 2057 1160 2106 Venit
1198 2058 1328 2105 enim
1367 2057 1512 2118 hora,
1553 2063 1601 2106 et
1638 2072 1774 2106 nunc
1807 2065 1863 2105 25

88 2137 188 2190 est,
243 2132 445 2190 quando
508 2133 695 2179 mortui
756 2133 967 2180 audient
1028 2145 1195 2180 vocem
1251 2132 1352 2190 filii
1403 2132 1523 2191 Dei,
1587 2136 1636 2179 et
1688 2133 1777 2191 qui

90 2206 371 2264 audierint,
428 2207 610 2264 vivent,
666 2203 715 2252 id
765 2211 861 2270 est,
914 2206 965 2252 in
1013 2204 1376 2253 damnationem
1424 2219 1523 2252 non
1565 2205 1774 2269 venient,

91 2292 214 2342 quae
257 2277 472 2326 secunda
504 2292 637 2327 mors
678 2278 880 2344 dicitur3
920 2279 972 2326 in
1011 2293 1156 2342 quam
1197 2284 1408 2326 mortem
1446 2284 1558 2343 post
1598 2293 1771 2327 secun-

88 2350 215 2417 dam,
256 2366 380 2415 quae
414 2366 679 2416 corporum
712 2352 877 2400 futura
911 2359 1000 2418 est,
1032 2353 1451 2401 resurrectionem
1482 2353 1772 2416 praecipita-

90 2422 291 2490 buntur,
333 2426 417 2489 qui
447 2426 499 2473 in
534 2426 706 2491 prima,
747 2440 870 2489 quae
911 2427 1183 2475 animarum
1223 2432 1313 2491 est,
1353 2441 1449 2474 non
1491 2431 1774 2488 resurgunt.
1807 2435 1863 2474 30

103 2498 277 2547 Veniet
327 2501 458 2548 enim
507 2500 637 2548 liora
685 2494 794 2564 (ubi
840 2514 939 2548 non
986 2501 1072 2549 ait:
1122 2500 1188 2547 Et
1233 2515 1369 2548 nunc
1415 2505 1515 2558 est,
1571 2500 1683 2562 quia
1724 2499 1774 2545 in

90 2627 255 2739 2731OEss
295 2625 368 2728 ξέ.
411 2630 517 2681 100,
560 2631 600 2670 1.
663 2628 707 2680 9)
738 2626 802 2671 Ιο.
836 2630 884 2680 5,
925 2631 995 2670 27.
1061 2629 1132 2681 15)
1171 2626 1238 2669 Ib.
1279 2629 1337 2669 28
1371 2639 1435 2680 sq.
1502 2626 1572 2679 19)
1603 2625 1670 2668 Ην.
1703 2630 1774 2670 24.

92 2900 192 2946 niet
214 2849 507 2947 ffipjzsemus
537 2845 655 2899 RA‚·
686 2846 916 2903 possimus
954 2860 980 2890 v
1027 2847 1042 2901 ΙΙ
1089 2850 1142 2889 19
1174 2844 1305 2890 uenit
1336 2844 1403 2889 R¹
1433 2847 1557 2900 (415,
1589 2849 1669 2901 18)
1699 2859 1776 2889 ue·

182 2991 277 3019 Auo.
299 2993 353 3018 m:
375 2993 454 3021 ew.
479 2995 559 3021 nm.
594 2987 648 3021 11.
1368 2984 1421 3024 27
