2004 3140
138 954 191 993 10

137 1471 191 1509 15

134 2237 187 2276 25

132 2606 188 2645 30

225 156 334 207 290
914 166 952 199 s.
985 165 1263 199 AUGUSTINI

229 286 345 328 sunt
399 286 584 328 autem:
649 278 797 327 Solon
852 278 1196 346 Atheniensis,
1252 278 1424 328 Chilon
1480 278 1916 347 LacedaemoniuS,

224 353 524 402 Periandrus
565 352 871 419 CorinthiUS,
913 351 1176 402 Cleobulus
1217 353 1438 419 Lindius,
1476 353 1589 402 Bias
1627 353 1910 404 PrienanS.

226 427 409 476 Omnes
449 427 515 492 hi,
556 435 745 492 septem
785 426 1012 491 appellati
1053 429 1299 491 sapientes
1312 467 1325 493 ,
1365 435 1477 491 post
1515 434 1684 491 poetas
1725 427 1910 476 theolo-

224 516 312 566 gos
353 501 660 561 claruerunt,
710 502 823 564 quia
863 515 1044 564 genere
1083 503 1209 549 vitae
1251 500 1461 565 quodam
1501 500 1732 550 laudabili
1771 517 1910 566 prae-

227 574 421 624 stabant
467 574 749 623 hominibus
797 576 977 623 ceteris
1025 582 1074 623 et
1123 590 1316 623 morum
1364 575 1598 623 nonnulla
1648 584 1911 640 praecepta

224 651 581 698 sententiarum
613 648 852 697 brevitate
886 648 1126 712 complexi
1159 655 1288 697 sunt.
1366 648 1495 697 Nihil
1535 656 1696 698 autem
1737 665 1910 698 mouu-

223 730 526 788 mentorum,
575 722 705 786 quod
747 722 802 771 ad
845 722 1033 770 litteras
1074 722 1282 788 adtinet,
1333 724 1545 786 posteris
1585 722 1913 789 reliquerunt,

223 799 318 845 nisi
351 797 481 860 quod
517 796 665 844 Solon
700 796 934 860 quasdam
974 796 1107 859 leges
1139 795 1524 845 Atheniensibus
1565 795 1758 844 dedisse
1798 812 1908 861 per-

221 870 446 935 hibetur,-
495 866 671 918 Thales
720 885 835 918 vero
883 869 1115 933 physicus
1164 870 1255 918 fuit
1296 878 1344 918 et
1384 885 1585 918 suorum
1629 869 1910 934 dogmatum

224 943 377 992 libros
429 944 666 1007 reliquit..·
718 943 789 991 Eo
839 945 1132 1008 captivitatis
1172 943 1396 992 Iudaicae
1437 951 1658 1008 tempore
1700 951 1749 992 et
1788 944 1910 992 Ana-

222 1017 477 1066 ximander
509 1026 558 1066 et
589 1018 914 1066 Anaximenes
948 1024 998 1066 et
1028 1016 1356 1081 Xenophanes
1388 1017 1579 1082 physici
1610 1017 1910 1067 claruerunt.

223 1091 362 1140 Tunc
396 1100 445 1140 et
476 1091 791 1158 Pythagoras,
824 1107 881 1140 ex
917 1106 1014 1155 quo
1048 1098 1321 1156 coeperunt
1353 1091 1586 1155 appellari
1618 1091 1912 1156 philosophi.

853 1279 1047 1333 CAPUT
1087 1280 1284 1333 XXVI.

234 1388 379 1447 Quod
416 1402 472 1436 eo
505 1394 741 1453 tempore,
782 1402 877 1448 quo
911 1389 1123 1460 impletis
1153 1389 1475 1449 septuaqinta
1516 1389 1663 1435 annis
1696 1388 1912 1436 Iudaeo-

411 1475 524 1510 rum
565 1467 638 1510 est
676 1465 898 1510 resoluta
938 1464 1226 1523 captivum,
1275 1461 1496 1509 Romani
1532 1475 1728 1522 quoque

600 1550 631 1583 a
673 1537 930 1584 dominatu
970 1541 1088 1583 sunt
1125 1537 1267 1596 reqio
1307 1536 1524 1583 liberati.

369 1637 466 1686 Per
513 1637 643 1686 idem
696 1644 892 1702 tempus
934 1637 1115 1704 Cyrus,
1166 1653 1253 1686 rex
1293 1637 1584 1704 Persarum,
1640 1638 1725 1701 qui
1764 1639 1910 1687 etiam

223 1711 478 1760 Chaldaeis
527 1719 576 1760 et
623 1712 836 1775 Assyriis
883 1711 1181 1777 imperabat,
1221 1711 1433 1760 relaxata
1474 1711 1721 1775 aliquanta
1761 1713 1910 1776 capti-

221 1788 367 1834 vitate
415 1785 730 1851 Iudaeorum,
781 1787 1135 1850 quinquaginta
1175 1785 1306 1834 milia
1344 1785 1600 1833 hominum
1641 1800 1701 1834 ex
1739 1786 1811 1833 eis
1851 1784 1911 1833 ad

221 1859 595 1908 instaurandum
651 1858 890 1924 templum
944 1859 1141 1924 regredi
1194 1860 1322 1908 fecit.
1400 1859 1438 1906 A
1491 1858 1671 1922 quibus
1718 1865 1909 1907 tantum

220 1934 377 1997 prima
426 1940 598 1998 coepta
646 1934 929 1982 fundamina
979 1939 1026 1982 et
1074 1933 1224 1982 altare
1274 1939 1615 1981 constructum
1667 1939 1756 1981 est.
1833 1931 1908 1980 In-

222 2006 536 2056 cursantibus
562 2013 726 2055 autem
751 2006 977 2056 hostibus
1002 2021 1314 2071 nequaquam
1345 2005 1578 2071 progredi
1610 2005 1909 2054 aedificando

220 2080 509 2140 valuerunt,
556 2080 858 2144 dilatumque
906 2096 1030 2144 opus
1078 2088 1153 2129 est
1200 2094 1357 2143 usque
1406 2079 1465 2128 ad
1513 2078 1727 2127 Darium.
1812 2078 1911 2127 Per

220 2154 352 2202 idem
399 2161 595 2217 tempus
644 2156 790 2202 etiam
831 2153 911 2201 illa
951 2160 1066 2202 sunt
1105 2160 1267 2218 gesta,
1307 2167 1431 2216 quae
1473 2154 1752 2216 conscripta
1793 2160 1909 2201 sunt

221 2228 272 2275 in
311 2226 438 2275 libro
479 2226 665 2291 luditl13
715 2242 861 2290 quem
903 2242 1018 2275 sane
1059 2229 1109 2275 in
1151 2241 1390 2275 canonem
1430 2227 1790 2290 scripturarum
1830 2225 1906 2274 lu-

222 2300 329 2348 daei
377 2315 475 2348 non
523 2302 771 2364 recepisse
824 2300 1070 2349 dicuutur.
1150 2299 1253 2349 Sub
1294 2299 1437 2348 Dario
1479 2315 1596 2363 ergo
1636 2315 1752 2364 rege
1791 2299 1907 2347 Per-

222 2389 386 2423 sarum
419 2373 634 2438 impletis
668 2376 976 2438 septuaginta
1010 2375 1164 2439 anniS,
1206 2389 1330 2438 quos
1362 2373 1636 2422 Hieremias
1668 2372 1906 2438 propheta

219 2447 559 2512 praedixerat,
598 2447 787 2496 reddita
829 2454 904 2496 est
942 2447 1133 2496 Iudaeis
1175 2447 1332 2496 soluta
1374 2449 1651 2511 captivitate
1691 2445 1908 2505 libertaS‚

220 2529 456 2585 regnante
504 2521 838 2570 Romanorum
887 2523 1095 2585 septimo
1144 2536 1260 2584 rege
1308 2520 1589 2584 Tarquinio.
1668 2519 1775 2576 Quo
1824 2534 1904 2568 ex-

220 2594 362 2659 pulso
403 2597 549 2643 etiam
589 2597 683 2659 ipsi
721 2610 747 2643 a
786 2610 961 2658 regum
1001 2610 1204 2643 suorum
1245 2595 1574 2643 dominatione
1615 2592 1758 2641 liberi
1798 2607 1907 2641 esse

221 2675 506 2732 coeperunt.
584 2668 749 2732 Usque
802 2669 859 2717 ad
907 2669 1000 2716 hoc
1049 2676 1244 2733 tempus
1290 2667 1555 2732 prophetas
1603 2665 1774 2715 habuit
1819 2681 1906 2731 po-

343 2845 363 2882 1
399 2839 556 2883 chilon
581 2838 738 2894 (cilon)
770 2853 884 2893 mss;
917 2838 1038 2884 chilo
1063 2853 1089 2883 v
1112 2840 1128 2896 ΙΙ
1151 2844 1176 2882 2
1209 2839 1483 2895 periandrus
1514 2850 1627 2891 mss,·
1656 2836 1908 2880 Periander

219 2899 362 2954 ‘01125
397 2912 620 2942 canonem
651 2898 749 2942 RF
775 2901 903 2954 (247,
935 2903 987 2951 9,·
1021 2903 1109 2951 15;
1140 2902 1251 2951 255,
1283 2902 1359 2954 2)‚·
1392 2911 1565 2943 canone
1597 2911 1623 2940 v
