2004 3140
544 157 611 189 DE
636 154 874 189 οΙνΙΤΑΤΕ
898 155 987 188 DEI
1010 156 1052 188 L.
1076 155 1180 188 ΧΙΧ.
1205 155 1242 188 0.
1266 156 1319 188 23.
1671 144 1779 197 393

726 337 922 393 CAPUT
960 339 1159 392 XXIII.

105 449 245 508 Quae
292 447 610 510 Porphyrius
659 448 800 496 dicat
846 449 1071 496 oraculis
1126 447 1333 496 deorum
1382 461 1625 510 responsa
1676 461 1781 496 esse

775 522 837 570 de
882 521 1090 570 Christo.

242 625 364 674 Nam
411 626 462 682 in
509 623 672 691 libris,
724 639 847 689 quos
895 622 949 674 ἐκ
994 624 1174 690 λογίων
1221 625 1518 688 φιλοσοφίας
1558 625 1780 693 appellat,

94 701 146 749 in
193 699 375 764 quibus
423 700 685 763 exequitur
733 705 879 763 atque
928 697 1198 748 conscribit
1243 714 1414 748 rerum
1462 698 1519 748 ad
1568 699 1781 764 philoso-

93 774 259 839 phiam
306 774 663 838 pertinentium
710 772 844 822 velut
883 772 1043 821 divina
1090 787 1350 840 responsa,
1397 780 1452 822 ut
1490 775 1595 838 ipsa
1635 773 1783 823 verba

96 849 219 914 eius,
258 863 405 912 quem
438 847 496 896 ad
527 847 726 896 modum
769 862 828 896 ex
862 846 1046 896 Graeca
1084 846 1250 912 lingua
1289 849 1339 895 in
1371 846 1591 897 Latinam
1630 850 1781 898 inter-

93 929 286 988 pretata
341 930 478 988 sunt,
530 935 733 986 ponam:
787 920 1176 988 „Interroganti,
1222 923 1406 987 inquit,
1447 936 1594 986 quem
1635 922 1783 971 deum

94 995 331 1062 placando
386 1010 617 1044 revocare
673 997 830 1058 possit
876 1010 1083 1044 uxorem
1131 1011 1270 1044 suam
1318 991 1343 1043 a
1392 994 1782 1062 ChristianismO,

95 1070 220 1137 haec
264 1071 331 1119 ait
377 1068 603 1119 versibus
650 1063 875 1133 Ap0110.“
949 1069 1136 1118 Deinde
1187 1068 1337 1118 verba
1374 1069 1507 1118 velut
1545 1069 1782 1134 Apollinis

94 1146 188 1194 ista
229 1150 366 1193 sunt:
414 1143 603 1210 „Forte
645 1145 798 1207 magis
836 1145 1025 1208 poteris
1064 1141 1115 1191 in
1156 1158 1280 1207 aqua
1325 1145 1565 1207 inpressis
1605 1143 1784 1192 litteris

97 1217 315 1267 scribere
363 1224 448 1266 aut
499 1216 736 1265 adinflans
776 1217 907 1266 leves
953 1219 1129 1281 pinnas
1184 1232 1273 1281 per
1313 1232 1423 1265 aera
1465 1219 1565 1266 avis
1604 1216 1784 1284 volare,

97 1307 242 1357 quam
272 1290 487 1356 pollutae
521 1306 724 1340 revoces
762 1292 938 1355 impiae
980 1293 1148 1339 uxoris
1190 1306 1404 1340 sensum.
1467 1290 1646 1356 Pergat
1687 1307 1783 1355 quo

95 1365 240 1415 modo
291 1365 395 1414 vult
445 1364 676 1414 inanibus
727 1365 929 1413 fallaciis
979 1379 1303 1429 perseverans
1352 1371 1400 1414 et
1448 1363 1478 1396 '³‘
1525 1365 1783 1414 lamentari

96 1439 299 1489 fallaciis
350 1446 601 1488 mortuum
651 1438 809 1488 Deum
862 1446 1063 1488 cantans
1075 1479 1090 1506 7
1146 1453 1294 1503 quem
1348 1438 1595 1488 iudicibus
1650 1446 1784 1488 recta

98 1513 426 1563 sentientibus
477 1513 727 1578 perditum
783 1514 995 1578 pessima
1046 1515 1097 1562 in
1152 1514 1390 1578 speciosis
1441 1513 1575 1561 ferro
1623 1514 1785 1562 vincta

97 1603 231 1637 mors
281 1582 577 1636 interfecit.“
651 1586 837 1636 Deinde
884 1594 996 1652 post
1041 1586 1132 1636 hos
1180 1602 1353 1636 versus
1393 1587 1652 1654 Apollinis,
1700 1589 1786 1651 qui

97 1677 195 1710 non
229 1668 391 1711 stante
422 1668 580 1710 metro
614 1659 785 1709 Latine
817 1663 1133 1725 interpretati
1171 1667 1304 1728 sunt,
1344 1659 1598 1710 subiunxit
1638 1668 1783 1725 atque

99 1737 186 1784 ait:
223 1735 310 1802 „In
348 1734 426 1783 his
467 1735 665 1799 quidem
697 1734 1066 1784 inremediabile
1108 1736 1379 1784 sententiae
1421 1750 1594 1784 eorum
1633 1736 1784 1783 mani-

99 1809 294 1858 festavit
347 1808 543 1874 dicem,
599 1810 830 1873 quoniam
880 1807 1071 1857 Iudaei*
1099 1810 1376 1872 suscipiunt
1422 1807 1580 1857 Deum
1630 1810 1783 1872 magis

101 1897 245 1947 quam
285 1877 415 1931 isti.“
482 1881 626 1948 Ecce,
666 1881 752 1931 ubi
792 1881 1082 1931 decolorans
1115 1881 1367 1931 Christum
1399 1881 1606 1930 Iudaeos
1644 1897 1783 1947 prae-

99 1957 266 2021 posuit
298 1955 604 2022 ChristianiS,
644 1956 885 2005 confitens
926 1956 1056 2020 quod
1096 1955 1264 2005 Iudaei
1304 1957 1575 2020 suscipiant
1614 1954 1784 2005 Deum.

103 2029 184 2079 Sic
241 2031 370 2078 enim
423 2032 649 2095 exposuit
696 2045 868 2079 versus
908 2029 1170 2095 Apollinis,
1219 2029 1305 2078 ubi
1355 2028 1602 2079 iudicibus
1651 2037 1786 2078 recta

102 2103 430 2153 sentientibus
478 2103 728 2153 Christum
775 2105 893 2153 dicit
939 2106 1181 2169 occisum,
1228 2111 1477 2168 tamquam
1523 2103 1618 2152 illis
1657 2105 1786 2152 iuste

101 2177 432 2227 iudicantibus
486 2180 662 2227 merito
716 2179 779 2228 sit
832 2178 912 2227 ille
967 2180 1186 2243 punitus,
1274 2176 1499 2226 Viderint
1553 2177 1671 2242 quid
1726 2177 1784 2225 de

103 2249 298 2300 Christo
346 2258 480 2301 vates
533 2251 741 2301 mendax
787 2252 1026 2317 Apollinis
1072 2252 1251 2300 dixerit
1298 2259 1444 2316 atque
1493 2252 1586 2300 iste
1627 2250 1784 2300 credi-

103 2323 230 2374 derit
269 2331 354 2374 aut
385 2326 594 2376 sortasse
627 2333 801 2393 vatem,
842 2326 972 2390 quod
1014 2341 1112 2374 non
1153 2325 1287 2392 dixit,
1327 2325 1508 2374 dixisse
1548 2326 1641 2374 iste
1681 2327 1785 2389 ipse

225 2487 278 2535 12
309 2482 475 2526 inflans
505 2483 596 2526 AL
626 2485 642 2540 ΙΙ
674 2497 851 2540 pennas
882 2483 1009 2526 leves
1039 2495 1065 2526 v
1099 2484 1116 2539 ss
1147 2481 1246 2526 auis
1277 2481 1513 2525 RAParr.
1539 2481 1703 2536 plerr.;
1734 2481 1789 2523 ut

105 2539 204 2583 auis
237 2554 283 2584 ev
325 2542 340 2596 ΙΙ
384 2547 435 2585 13
467 2544 666 2599 peragat
695 2555 716 2585 e
753 2543 768 2598 ΙΙ
809 2547 864 2585 14
895 2555 1198 2597 perseuerans
1231 2542 1278 2584 et,
1307 2540 1558 2583 lamentari
1587 2538 1788 2582 fallaciis

104 2599 339 2642 mortuum
371 2600 508 2644 deum
548 2603 739 2644 cantans
771 2600 862 2643 ΕΑ
896 2601 1019 2643 codd.
1046 2601 1188 2654 plerr.
1220 2599 1532 2650 Benedictin.;
1573 2610 1787 2652 perseue-

104 2670 211 2700 rans
247 2657 495 2702 lamentari
532 2661 767 2703 mortuum
806 2659 944 2702 deum
985 2659 1032 2701 et
1071 2658 1262 2700 cantans
1293 2657 1475 2713 »τομίας
1505 2659 1629 2700 vetus
1660 2657 1788 2699 cod.“

104 2715 530 2770 Benedictinorum;
574 2731 873 2774 perseverans
922 2718 968 2760 et
1013 2715 1427 2760 lamentationibus
1473 2713 1787 2757 fallacissimis

105 2775 338 2817 mortuum
371 2775 508 2818 deum
541 2778 731 2820 cantans
762 2790 788 2819 v
812 2777 827 2832 ΙΙ
854 2780 906 2819 15
939 2774 1168 2818 iudicibus
1201 2773 1339 2817 RAL
1372 2776 1496 2828 (396,
1527 2777 1630 2826 13);
1663 2786 1690 2816 a
1720 2773 1787 2815 iu-

108 2831 285 2876 dicibus
316 2846 342 2877 v
374 2834 389 2889 ΙΙ
424 2838 478 2877 23
510 2834 649 2878 indic.
683 2835 775 2888 R¹;
807 2848 835 2878 a
865 2834 1003 2878 indic.
1037 2834 1152 2878 ALv
1192 2835 1207 2889 ΙΙ
1239 2838 1293 2877 25
1326 2832 1531 2876 uiderint,
1560 2832 1630 2884 A,·
1663 2831 1788 2875 uide-

104 2891 195 2934 rim
225 2891 294 2945 Β,-
323 2891 492 2936 viderit,
520 2907 546 2936 v

1817 1079 1871 1118 10

1817 1817 1873 1857 20

1818 2186 1873 2226 25
