2004 3140
211 154 318 208 576
618 160 620 162 ’
888 163 922 197 s,
947 163 1220 198 mensum

214 294 409 346 quoque
459 278 627 327 ultima
675 277 897 342 suerunt3
946 291 1058 325 nam
1106 292 1204 326 non
1252 277 1405 327 multo
1454 285 1566 343 post
1605 279 1752 327 etiam
1790 279 1895 343 ipse

215 354 478 404 defunctus
520 358 607 400 est.

365 425 530 474 Sanati
580 432 694 474 suut
741 424 839 473 illic
879 440 969 489 per
1009 423 1220 474 eundem
1261 434 1525 490 martyrem
1565 427 1711 474 etiam
1750 425 1908 490 poda-.

215 504 290 566 gri
322 500 418 548 duo
451 501 596 559 civeS‚
636 500 929 564 peregrinus
965 514 1113 548 unus:
1153 499 1239 547 sed
1272 500 1403 548 cives
1435 501 1569 548 omni
1607 499 1774 565 modo;
1813 515 1896 564 pe-

155 585 180 624 5
214 576 441 639 regrinus
488 580 652 622 autem
698 587 789 637 per
828 571 1199 638 revelationem,
1251 572 1368 636 quid
1408 572 1662 622 adhiberet
1702 572 1896 638 quando

214 649 423 714 doleret,
472 647 677 713 audivit3
718 654 767 696 et
808 662 920 695 cum
960 646 1052 695 hoc
1093 647 1290 712 fecerit,
1329 646 1468 695 dolor
1507 649 1741 696 continuo
1783 662 1895 696 con-

214 722 437 788 quiescit.

361 795 592 844 Audurus
647 810 825 843 nomen
881 802 955 843 est
1010 793 1175 861 fundi,
1228 793 1315 843 ubi
1366 801 1441 844 est
1491 794 1697 843 ecclesia
1747 800 1797 844 et
1846 796 1897 844 in

214 886 269 919 ea
310 870 546 918 memoria
584 870 814 933 martyris
854 867 1104 933 Stephani.
1181 867 1399 918 Puerum
1439 868 1684 933 quendam
1723 884 1896 934 parvu-

126 954 181 993 10
214 945 330 1010 lum,
371 958 484 992 cum
516 944 566 991 in
600 958 712 991 area
752 942 960 1008 luderet,
1000 941 1333 991 exorbitantes
1372 942 1536 1008 boveS,
1576 944 1660 1007 qui
1700 942 1895 992 vehicu-

141 1046 152 1054 ·
212 1019 313 1068 lum
363 1015 648 1082 trahebant,
702 1023 809 1065 rota
856 1015 1192 1082 obtriverunt,
1244 1023 1294 1066 et
1340 1017 1599 1066 confestim
1646 1016 1897 1082 palpitavit

211 1093 452 1156 expirans,
530 1089 672 1139 Hunc
725 1096 881 1138 mater
931 1097 1182 1154 arreptum
1238 1090 1297 1139 ad
1354 1090 1557 1139 eandem
1611 1091 1898 1139 memoriam

210 1167 399 1231 posuit,
452 1171 501 1213 et
547 1179 645 1213 non
693 1163 852 1213 solum
899 1165 1096 1230 revixit,
1146 1179 1315 1213 verum
1367 1166 1512 1214 etiam
1559 1163 1774 1214 inlaesus
1814 1179 1895 1229 ap-

211 1241 388 1305 paruit.

124 1322 177 1361 15
361 1312 755 1361 Sanctimonialis
802 1311 1040 1376 quaedam
1087 1313 1137 1360 in
1189 1313 1345 1360 vicina
1385 1313 1720 1378 possessione,
1771 1327 1895 1376 qnae
1940 1340 1943 1342 v

213 1386 495 1451 Caspaliana
536 1385 743 1451 dicitur,
791 1401 904 1435 cum
943 1384 1248 1449 aegritudine
1288 1384 1534 1435 laboraret
1573 1400 1627 1434 ac
1668 1386 1895 1450 despera·

210 1467 374 1526 retur,
414 1459 472 1507 ad
513 1459 719 1508 eandem
758 1461 1045 1508 memoriam
1086 1460 1251 1508 tunica
1291 1460 1397 1508 eius
1437 1458 1593 1508 adlata
1633 1466 1730 1524 est3
1771 1474 1895 1524 quae

212 1541 473 1598 antequam
520 1540 859 1599 revocaretur,
909 1532 991 1581 illa
1039 1532 1270 1582 defuncta
1311 1541 1399 1582 est.
1475 1532 1577 1582 Hac
1617 1539 1778 1582 tamen
1819 1539 1894 1582 tu-

211 1609 319 1656 nica
360 1614 665 1672 operuerunt
705 1606 911 1655 cadaver
951 1609 1056 1655 eius
1094 1614 1349 1672 parenteS,
1388 1613 1437 1655 et
1475 1613 1676 1672 recepto
1718 1609 1895 1672 spiritu

122 1690 177 1729 20
210 1681 338 1730 salva
378 1682 501 1730 facta
543 1687 631 1730 est.

358 1754 498 1820 Apud
539 1754 815 1819 Hipponem
855 1753 1036 1803 Bassus
1077 1753 1274 1818 quidam
1316 1753 1469 1819 Syrus
1509 1753 1567 1802 ad
1609 1756 1894 1804 memoriam

210 1828 431 1878 eiusdem
466 1830 694 1893 martyris
736 1827 905 1877 orabat
937 1843 1027 1892 pro
1059 1834 1343 1892 aegrotante
1378 1834 1427 1876 et
1456 1827 1765 1893 periclitante
1799 1828 1895 1877 filia

211 1917 368 1967 eoque
417 1917 585 1951 secum
635 1908 819 1951 vestem
867 1904 973 1950 eius
1020 1901 1283 1967 adtulerat,
1331 1916 1443 1949 cum
1496 1916 1610 1950 ecce
1650 1903 1794 1965 pueri
1833 1901 1893 1951 de

211 1977 355 2025 domo
389 1983 735 2041 cucurrerunt,
776 1977 859 2040 qui
894 1977 938 2023 ei
982 1982 1224 2024 mortuam
1265 1976 1563 2024 nuntiarent.
1643 1974 1738 2023 Sed
1779 1990 1894 2024 cum

122 2057 178 2096 25
212 2055 382 2099 orante
422 2049 506 2098 illo
545 2048 604 2098 ab
646 2051 815 2098 amicis
856 2051 963 2098 eius
1004 2050 1369 2114 exciperentur,
1407 2047 1769 2113 prohibuerunt
1808 2063 1893 2098 eos

208 2123 278 2172 illi
318 2123 498 2188 dicere,
538 2138 599 2171 ne
639 2138 729 2187 per
768 2121 1021 2187 publicum
1059 2122 1327 2187 plangeret.
1406 2121 1502 2179 Qui
1541 2137 1654 2171 cum
1693 2121 1892 2171 domum

209 2197 420 2245 redisset
473 2198 567 2244 iam
623 2211 828 2244 suorum
882 2195 1147 2245 eiulatibus
1200 2202 1548 2260 personantem
1603 2203 1652 2244 et
1706 2202 1891 2245 vestem

210 2270 357 2331 filiae,
406 2283 551 2333 quam
598 2268 815 2335 serebat,
862 2284 1011 2333 super
1060 2283 1166 2317 eam
1215 2270 1528 2333 proiecisset‚
1575 2268 1764 2318 reddita
1817 2277 1892 2318 est

207 2344 348 2392 vitae.

119 2424 175 2464 30
354 2416 546 2465 Rursus
578 2414 759 2464 ibidem
799 2415 926 2480 apud
968 2430 1056 2464 nos
1096 2415 1285 2464 Irenaei
1324 2414 1578 2464 cuiusdam
1617 2415 1890 2464 collectarii

208 2490 335 2538 filius
382 2488 686 2554 aegritudine
737 2491 983 2538 extinctus
1030 2496 1119 2538 est.
1204 2488 1424 2553 Cumque
1478 2503 1659 2553 corpus
1706 2491 1890 2538 iaceret

207 2565 428 2611 exanime
483 2570 628 2627 atque
680 2579 706 2611 a
760 2562 1041 2627 lugentibus
1101 2569 1149 2611 et
1207 2561 1590 2611 lamentantibus
1651 2564 1886 2626 exequiae

325 2723 350 2762 3
383 2719 623 2776 podagrici
664 2719 708 2762 A
754 2721 769 2774 ΙΙ
815 2724 843 2762 4
874 2719 967 2763 duo
1000 2718 1137 2763 ciues.
1171 2717 1442 2775 peregrinus
1471 2732 1609 2772 unus;
1650 2718 1731 2762 sed
1762 2718 1887 2762 ciues

207 2776 352 2832 RAey
389 2779 642 2825 (verborum
682 2778 1016 2822 distinctionem
1047 2791 1102 2821 ecc
1131 2776 1177 2821 R
1207 2778 1400 2833 sumpsi)
1408 2794 1425 2830 ;
1463 2776 1576 2831 duo,
1607 2792 1725 2820 unus
1758 2777 1887 2831 civis,

207 2836 475 2892 peregrinus
506 2851 643 2890 unus;
686 2836 766 2880 sed
800 2836 912 2880 civis
944 2850 969 2880 v
993 2838 1008 2892 Ιῐ
1032 2841 1058 2880 6
1090 2835 1266 2880 faceret
1297 2836 1341 2879 A
1378 2837 1394 2892 ΙΙ
1434 2840 1457 2879 7
1491 2834 1667 2891 quieuit:
1697 2835 1742 2879 A
1776 2837 1792 2892 ΙΙ
1833 2840 1885 2879 19

206 2896 471 2949 praesentes
504 2896 547 2938 A
571 2896 586 2950 ΙΙ
610 2897 656 2939 et
689 2909 770 2939 om.
803 2894 849 2938 R
