2004 3140
190 158 297 212 596
862 167 894 200 S.
921 167 1195 202 AUGUSTINI

185 287 394 348 parvuli
439 284 617 332 iactati
662 287 709 331 et
755 279 1184 342 circumferamur
1230 283 1365 331 omni
1407 286 1552 331 vento
1592 283 1871 342 doctrinae,

191 362 239 408 in
291 359 536 407 inlusione
580 358 860 414 hominum,
905 357 957 403 in
997 357 1185 404 astutia
1223 357 1295 404 ad
1330 357 1752 405 machinationem
1791 371 1869 406 er-

191 435 340 492 roris,
380 433 641 481 veritatem
673 435 839 478 autem
867 427 1116 490 facientes
1150 431 1200 477 in
1242 432 1460 479 caritate
1499 444 1781 492 auqeamur
1821 432 1871 479 in

193 509 275 556 illo
316 521 414 568 per
461 506 648 564 omnia,
703 505 793 564 qui
837 508 911 552 est
956 508 1112 565 caput
1163 503 1417 562 Christus;
1464 519 1528 553 ex
1574 518 1671 565 quo
1720 510 1873 553 totum

133 590 159 629 5
193 595 378 642 corpus
424 591 672 628 conexum
718 582 767 626 et
813 582 1126 639 compactum
1166 592 1265 639 per
1305 591 1495 627 omnem
1534 583 1721 627 tactum
1759 579 1871 627 sub-

192 655 578 703 ministrationis
609 652 886 701 secundum
917 653 1259 715 operationem
1291 653 1343 700 in
1379 666 1664 701 mensuram
1702 654 1872 701 unius-

194 730 435 788 cuiusque
476 729 643 789 partis
691 728 1054 775 incrementum
1102 728 1333 787 corporis
1367 724 1503 787 facit
1540 728 1592 774 in
1633 728 1872 785 aedifica-

193 804 374 851 tionem
405 803 486 850 sui
516 803 567 849 in
601 802 834 849 caritate.
911 798 1038 848 Ecce
1074 801 1158 863 qui
1197 806 1273 851 est
1310 800 1384 847 vir
1424 799 1691 865 perfectus,
1730 807 1875 864 caput

193 882 241 924 et
281 882 477 940 corpu'S,
517 874 647 938 quod
680 880 872 922 constat
903 872 1131 922 omnibus
1171 872 1419 933 membriS,
1461 888 1584 937 quae
1626 888 1713 922 suo
1753 879 1874 922 tem·

106 957 160 997 10
191 964 311 1013 pore
345 947 741 1013 complebuntur,
783 946 960 997 cotidie
994 955 1159 997 tamen
1191 947 1351 996 eidem
1384 949 1582 1012 corpori
1621 947 1876 1014 accedunt,

192 1022 308 1071 dum
365 1021 649 1071 aedificatur
704 1021 937 1088 ecclesia,
993 1023 1074 1071 cui
1128 1021 1330 1070 dicitur:
1396 1022 1489 1070 Vos
1539 1027 1704 1071 autem
1760 1024 1877 1071 estis

193 1111 378 1159 corpus
424 1097 612 1145 Christi
649 1102 697 1145 et
735 1097 981 1157 membra,
1024 1102 1074 1144 et
1112 1094 1247 1145 alibi:
1289 1096 1391 1144 Pro
1431 1110 1660 1158 corpore,
1701 1097 1875 1161 inquit,

193 1173 300 1220 eius
339 1172 475 1232 quod
513 1175 586 1220 est
624 1172 861 1230 ecclesia,
901 1166 1121 1234 itemque
1162 1167 1297 1218 alibi:
1347 1170 1482 1219 Unus
1515 1172 1682 1235 panis,
1722 1183 1877 1218 unum

193 1259 380 1307 corpus
426 1247 569 1294 multi
612 1259 796 1293 sumus.
873 1242 942 1292 De
991 1245 1132 1293 cuius
1181 1245 1402 1308 corporis
1453 1243 1787 1292 aedificatione
1829 1249 1877 1292 et

107 1326 160 1366 15
191 1318 271 1367 hic
312 1318 499 1367 dictum
547 1324 644 1367 est:
692 1319 775 1367 Aa
818 1319 1291 1367 consummationem
1328 1323 1621 1367 sanctorum
1661 1319 1712 1366 in
1754 1331 1877 1379 opus

192 1394 480 1450 ministerii,
529 1394 580 1441 in
628 1394 1032 1451 aedificationem
1079 1393 1310 1453 corporis
1355 1392 1543 1439 Christi
1590 1405 1644 1439 ac
1699 1389 1874 1439 deinde

194 1465 473 1515 subiectum
519 1465 650 1514 unde
691 1480 823 1513 nunc
862 1467 1073 1529 agimus:
1120 1465 1292 1514 Donec
1328 1479 1662 1514 occurramus
1710 1479 1877 1514 omnes

194 1542 245 1588 in
285 1541 528 1588 unitatem
570 1541 698 1598 fidei
743 1544 791 1587 et
829 1541 1134 1600 aqnitionem
1168 1540 1269 1598 filii
1305 1539 1422 1604 Dei,
1469 1540 1521 1586 in
1561 1541 1725 1587 virum
1758 1553 1877 1601 per-

189 1612 401 1674 fectum,
449 1615 500 1661 in
541 1626 829 1662 mensuram
869 1615 1051 1661 aetatis
1083 1614 1415 1674 plenitudinis
1461 1612 1670 1671 Christi,
1711 1618 1760 1660 et
1799 1627 1875 1660 ce-

106 1694 320 1752 2Ote1·a;
368 1686 524 1735 donec
571 1685 743 1735 eadem
789 1701 1020 1735 mensura
1066 1687 1118 1734 in
1166 1700 1262 1749 quo
1303 1700 1510 1749 corpore
1550 1684 1877 1750 intellegenda

195 1767 346 1820 esset,
396 1760 681 1809 ostenderet
734 1759 924 1809 dicens:
987 1760 1282 1821 Auqeamur
1327 1762 1380 1808 in
1427 1762 1510 1809 illo
1550 1775 1649 1822 per
1696 1762 1876 1820 omnia,

195 1836 284 1895 qui
327 1839 401 1884 est
447 1840 601 1897 caput
653 1835 880 1884 Christus
890 1851 908 1891 ;
956 1849 1021 1883 ex
1068 1848 1164 1894 quo
1212 1838 1365 1883 totum
1405 1847 1591 1896 corpus
1631 1847 1877 1883 conexum

196 1915 245 1957 et
289 1914 602 1970 compactum
649 1924 747 1971 per
795 1922 986 1958 omnem
1036 1913 1226 1956 tactum
1276 1908 1754 1956 subministrationis
1802 1921 1876 1956 se-

198 1984 418 2031 cundum
458 1985 799 2044 operationem
847 1984 897 2030 in
944 1995 1230 2031 mensuram
1269 1983 1664 2042 uniuscuiusque
1696 1982 1877 2043 partis.

108 2062 163 2102 25
199 2055 337 2104 Sicut
384 2070 501 2120 ergo
551 2062 627 2104 est
672 2070 904 2104 mensura
951 2056 1341 2118 uniuscuiusque
1388 2055 1564 2119 partiS,
1611 2055 1678 2102 ita
1727 2054 1879 2102 totius

197 2130 442 2195 eorporis,
491 2129 622 2193 quod
663 2128 891 2178 omnibus
931 2130 1033 2177 suis
1073 2127 1295 2193 partibus
1335 2133 1547 2194 constat,
1595 2134 1670 2176 est
1707 2129 1878 2190 utique

197 2216 427 2250 mensura
474 2202 816 2268 plenitudiniS‚
863 2202 923 2250 de
972 2217 1066 2266 qua
1115 2202 1299 2250 dictum
1340 2207 1436 2250 est:
1493 2202 1553 2250 In
1593 2215 1879 2251 mensuram

195 2278 381 2324 aetatis
430 2278 760 2337 plenitudinis
821 2276 1020 2324 Christi.
1111 2274 1266 2332 Quam
1320 2273 1678 2338 plenitudinem
1733 2275 1878 2323 etiam

196 2348 278 2397 illo
312 2351 710 2398 commemoravit
741 2348 866 2414 loco,
904 2347 989 2398 ubi
1029 2349 1104 2398 ait·
1135 2348 1193 2396 de
1235 2346 1452 2397 Christo:
1492 2348 1559 2396 Et
1596 2350 1755 2410 ipsum
1795 2349 1877 2397 de-

109 2430 166 2471 30
199 2424 274 2472 dit
311 2429 467 2486 caput
503 2438 656 2486 super
695 2437 886 2472 omnem
925 2424 1212 2480 ecclesiam,
1253 2436 1384 2482 quae
1423 2427 1497 2471 est
1535 2435 1719 2484 corpus
1758 2423 1878 2482 eiuS,

318 2552 362 2605 8)
407 2549 524 2606 Eph.
566 2556 615 2605 4,
659 2555 712 2593 10
755 2564 852 2605 sqq.
918 2550 989 2603 12)
1025 2554 1062 2592 1.
1098 2547 1199 2593 Cor.
1235 2552 1310 2603 12,
1350 2552 1420 2591 27.
1486 2549 1558 2604 13)
1592 2547 1688 2592 Col.
1723 2552 1768 2603 1,
1810 2550 1880 2591 24.

201 2609 273 2664 14)
307 2613 346 2653 1.
381 2608 480 2653 Cor.
520 2614 586 2664 10,
621 2613 689 2654 17.

321 2789 342 2826 1
379 2784 755 2828 circumferamur
800 2783 845 2827 R
894 2782 1114 2836 Clarom.;
1154 2781 1415 2826 circumlati
1452 2782 1524 2826 Av
1563 2783 1578 2838 ΙΙ
1619 2786 1644 2825 5
1678 2796 1878 2838 conpun-

201 2844 326 2887 ctum
358 2842 403 2886 R
441 2845 456 2899 ΙΙ
495 2848 549 2887 23
584 2845 894 2899 conpunctum
925 2841 1110 2898 R11130
1144 2855 1327 2885 omnem
1366 2841 1608 2885 ecclesiam
1639 2840 1684 2884 R
1713 2841 1876 2897 fraqm.

200 2901 434 2958 Frisin9.;
468 2902 594 2946 omni
625 2901 821 2946 ecclesia
850 2902 923 2954 A;
956 2900 1110 2945 omnia
1142 2899 1364 2944 ecclesiae
1396 2914 1421 2944 v
