2004 3140
206 127 317 180 472
889 137 923 171 s.
946 136 1222 173 AUGUSTIM

208 255 260 302 in
302 253 509 311 iustitia,
550 257 600 301 et
631 253 856 314 placebit
887 253 1099 301 Domino
1137 253 1452 312 sacrificium
1485 251 1649 301 Iudae
1685 255 1733 301 et
1771 251 1889 301 Hie-

209 329 448 385 rusalem,
495 327 630 375 sicut
675 327 850 375 diebus
890 328 1124 388 pristinis
1171 331 1220 375 et
1262 329 1396 375 sicut
1434 329 1580 374 annis
1611 326 1889 387 prioribus,

208 401 275 448 Et
313 401 556 449 accedam
596 401 668 449 ad
704 413 788 448 vos
829 402 880 449 in
921 401 1125 459 iudicio,
1167 406 1216 449 et
1253 414 1342 449 ero
1380 402 1518 449 testis
1556 403 1699 448 velox
1736 414 1890 462 super

207 476 461 533 maleficos
499 479 549 523 et
584 489 738 536 super
779 476 1037 523 adulteros
1077 479 1125 523 et
1161 488 1315 535 super
1354 487 1457 534 eos,
1497 476 1586 534 qui
1623 476 1799 523 iurant
1837 475 1890 522 in

149 557 175 598 5
207 550 406 597 nomine
436 562 543 597 meo
575 549 903 608 mendaciter,
944 554 993 598 et
1030 550 1119 609 qui
1151 546 1407 610 fraudant
1442 549 1722 597 mercedem
1760 561 1888 596 mer-

209 624 479 671 cennarios
534 627 583 671 et
635 624 925 684 opprimunt
970 637 1066 684 per
1114 624 1390 684 potentiam
1444 623 1623 670 viduas
1677 627 1726 670 et
1771 635 1889 684 per-

209 698 407 744 cutiunt
445 698 663 758 pupillos
711 702 760 745 et
793 701 1092 759 pervertunt
1129 697 1373 762 iudicium
1420 696 1668 755 advenae,
1720 701 1768 744 et
1805 696 1897 756 qui

208 784 307 818 non
348 772 655 832 timentyme,
707 772 833 820 dicit
870 771 1111 820 Dominus
1151 763 1485 832 omnipotens;
1523 771 1759 829 quoniam
1798 782 1891 830 eqo

209 845 452 894 Dominus
491 845 628 892 Deus
666 850 851 904 vester,
893 850 942 894 et
978 859 1076 893 non
1116 850 1294 893 mutor.
1371 842 1444 891 Ex
1483 842 1558 890 his
1599 857 1722 906 quae
1763 842 1893 891 dicta

118 927 175 968 10
207 923 323 966 sunt
373 917 568 967 videtur
617 917 891 966 evidentius
939 933 1174 982 apparere
1222 919 1273 965 in
1312 917 1394 965 illo
1434 916 1615 965 iudicio
1657 916 1892 980 quasdam

207 990 514 1055 quorundam
562 994 872 1056 purgatorias
922 1007 1105 1057 poenas
1158 992 1367 1040 futuras,
1440 989 1535 1038 Ubi
1592 992 1723 1038 enim
1773 990 1890 1039 dici-

206 1072 311 1114 tur:
367 1066 487 1124 Quis
531 1067 796 1115 sustinebit
843 1068 972 1115 diem
1021 1068 1255 1115 introitus
1295 1067 1422 1125 eius,
1471 1070 1563 1113 aut
1600 1067 1710 1125 quis
1744 1063 1894 1125 ferre

201 1141 417 1201 poterit,
473 1145 529 1188 ut
582 1142 800 1201 aspiciat
845 1136 991 1189 eum‘?
1075 1141 1205 1199 Quia
1254 1141 1358 1201 ipse
1405 1140 1695 1200 increditur
1746 1139 1896 1199 quasi

207 1215 337 1273 ionis
392 1215 683 1274 conflatorii
735 1219 784 1262 et
836 1217 986 1275 quasi
1037 1215 1198 1263 herba
1245 1215 1521 1262 lavantium
1530 1230 1549 1270 ;
1605 1218 1653 1262 et
1700 1213 1895 1261 sedebit

119 1295 173 1336 15
206 1288 433 1347 conflans
479 1293 528 1336 et
573 1289 822 1336 mundans
868 1290 1002 1337 sicut
1047 1292 1315 1349 arpentum
1364 1292 1412 1336 et
1448 1289 1582 1335 sicut
1619 1300 1803 1335 aurum
1843 1291 1894 1335 et

174 1358 470 1409 ‘mundabit
507 1363 641 1420 filios
688 1361 830 1422 Levi,
878 1368 924 1411 et
966 1360 1152 1423 fundet
1197 1375 1278 1410 eos
1324 1363 1458 1410 sicut
1496 1374 1680 1408 aurum
1720 1366 1769 1408 et
1806 1374 1890 1408 ar-

201 1439 429 1495 qentum:
470 1434 587 1498 quid
627 1433 756 1483 aliud
795 1434 1177 1499 intellegendum
1220 1431 1330 1484 est?
1406 1433 1534 1482 Dicit
1572 1432 1666 1482 tale
1707 1432 1889 1497 aliquid

205 1514 255 1555 et
300 1506 489 1557 Esaias:
537 1509 754 1558 Lavabit
800 1510 1042 1558 Dominus
1086 1510 1262 1558 sordes
1303 1510 1530 1568 filiorum
1577 1514 1626 1556 et
1658 1510 1888 1566 filiarum

204 1581 348 1641 Sion,
397 1588 446 1631 et
488 1585 787 1644 sanquinem
834 1584 1127 1632 emundabit
1173 1584 1234 1631 de
1281 1584 1442 1631 medio
1491 1595 1663 1630 eorum
1702 1583 1888 1643 spiritu

116 1665 174 1706 20
207 1657 389 1704 iudicii
425 1661 474 1705 et
511 1659 693 1718 spiritu
734 1658 1100 1706 combustionis.
1177 1655 1282 1705 Nisi
1321 1655 1447 1704 forte
1489 1656 1559 1704 sic
1599 1670 1683 1704 eos
1723 1654 1887 1703 dicen-

207 1728 322 1777 dum
363 1735 438 1778 est
478 1729 735 1779 emundari
780 1745 806 1778 a
853 1729 1082 1779 sordibus
1131 1737 1180 1780 et
1226 1725 1432 1794 eliquari
1481 1727 1691 1793 quodam
1730 1728 1892 1794 modO‚

207 1818 320 1851 cum
359 1802 418 1851 ab
457 1805 529 1852 eis
569 1803 682 1852 mali
719 1819 810 1868 per
847 1804 1053 1869 poenale
1104 1803 1341 1852 iudicium
1382 1809 1693 1869 separantur,
1741 1809 1797 1852 ut
1834 1801 1914 1869 il·-

205 1875 365 1925 lorum
421 1880 695 1942 segregatio
759 1884 906 1942 atque
970 1877 1214 1927 damnatio
1269 1878 1494 1942 purgatio
1549 1878 1613 1925 sit
1665 1878 1891 1941 istorum,

206 1951 321 2014 quia
360 1951 466 1999 sine
506 1951 675 2001 talium
709 1951 768 2000 de
802 1959 968 2001 cetero
1008 1953 1336 2016 permixtione
1377 1951 1556 1999 victuri
1594 1957 1723 1999 sunt.
1792 1948 1889 1998 Sed

115 2033 171 2073 25
206 2039 319 2072 cum
359 2024 499 2075 dicit:
545 2026 612 2074 Et
657 2027 950 2075 emundabit
987 2028 1122 2085 filios
1169 2026 1292 2074 Levi
1336 2030 1384 2075 et
1416 2024 1600 2086 fundet
1638 2038 1721 2073 eos
1758 2026 1892 2072 sicut

205 2112 390 2146 aurum
431 2104 479 2147 et
517 2106 811 2160 arqentum;
858 2106 907 2148 et
953 2105 1106 2148 erunt
1142 2100 1352 2148 Domino
1392 2099 1661 2158 offerentes
1700 2099 1891 2146 hostias

205 2173 257 2219 in
297 2173 503 2232 iustitia,
544 2178 594 2221 et
624 2174 848 2234 placebit
878 2173 1088 2222 Domino
1127 2175 1440 2231 sacrificium
1481 2171 1644 2220 Iudae
1683 2178 1733 2221 et
1769 2171 1887 2220 Hie-

204 2247 447 2306 rusalem,
503 2247 674 2309 utique
723 2245 939 2295 ostendit
994 2261 1078 2294 eos
1124 2247 1284 2311 ipSOS‚
1341 2246 1425 2309 qui
1475 2243 1891 2309 emundabuntur,

204 2317 437 2382 deinceps
476 2321 527 2367 in
566 2319 819 2368 sacrificiis
857 2321 1072 2368 iustitiae
1114 2318 1318 2367 Domino
1361 2333 1468 2367 esse
1508 2317 1790 2382 placituros,
1829 2331 1884 2365 ac

114 2402 172 2441 30
203 2406 293 2455 per
332 2391 425 2440 hoc
456 2393 550 2457 ipsi
583 2408 608 2441 a
641 2407 728 2442 sua
760 2394 999 2442 iniustitia
1038 2391 1422 2458 mundabuntur,
1459 2393 1510 2440 in
1551 2405 1646 2454 qua
1679 2390 1903 2439 Domino

205 2464 542 2530 displicebant.
619 2465 817 2516 Hostiae
865 2481 1014 2531 porro
1054 2468 1105 2514 in
1144 2466 1286 2530 plena
1325 2465 1643 2531 perfectaque
1684 2466 1891 2531 iustitia,

323 2580 367 2632 9)
400 2577 508 2625 Mal.
543 2582 584 2632 3,
619 2583 640 2620 1
676 2592 773 2634 sqq.
837 2580 910 2634 20)
942 2577 1064 2623 Esai.
1099 2583 1139 2633 4,
1173 2583 1213 2621 4.

325 2758 347 2796 1
367 2754 521 2797 Iudav
545 2755 560 2810 ΙΙ
585 2759 609 2797 5
643 2754 903 2798 mercedem
926 2754 1268 2798 mercennarios
1298 2754 1344 2798 R
1378 2749 1734 2811 (μισθωτούς2>;
1767 2765 1889 2796 mer·

204 2811 315 2855 cede
346 2813 686 2857 mercennarios
705 2814 831 2857 Aed.
858 2813 1062 2865 zavan„-
1094 2813 1362 2858 mercedem
1395 2812 1711 2858 mercennario
1746 2812 1888 2855 Parr

203 2883 228 2913 υ
253 2872 268 2926 ΙΙ
293 2874 347 2913 15
378 2871 605 2915 mundans
636 2872 707 2926 R,·
740 2885 824 2916 em.
859 2885 884 2916 v
909 2873 1002 2928 1127
1035 2872 1149 2915 Iuda,
1179 2886 1205 2916 v
