2004 3140
208 106 315 159 356
887 117 920 151 s,
945 117 1223 153 Auonsrrm

888 284 1080 340 CAPUT
1120 286 1215 340 IV,

209 396 286 444 De
323 408 511 444 summo
553 395 679 443 bono
719 398 768 443 et
804 407 992 443 summo
1031 397 1162 443 malo
1201 396 1326 455 quid
1360 395 1642 445 Christiani
1676 397 1899 445 sentiant

306 474 486 519 contra
519 468 855 530 philosophos,
894 469 984 528 qui
1019 482 1261 517 summum
1301 470 1480 518 bonum
1521 471 1574 519 in
1613 484 1667 519 se
1704 470 1805 518 sibi

855 557 961 592 esse
1000 544 1256 591 dixerunt.

156 654 182 694 5
371 645 423 694 Si
463 661 581 710 ergo
629 653 895 709 quaeratur
944 661 969 694 a
1021 645 1187 706 nobiS‚
1236 645 1353 709 quid
1393 646 1562 694 civitas
1602 645 1691 695 Dei
1729 646 1788 695 de
1828 646 1905 695 his
1939 695 1943 698 ,

212 719 418 785 singulis
458 721 757 783 interrogata
797 718 1094 784 respondeat
1141 734 1196 768 ac
1235 721 1452 784 primum
1493 719 1553 768 de
1598 718 1778 769 finibus
1818 718 1902 769 bo-

212 809 390 843 norum
444 793 784 857 malorumque
842 794 958 858 quid
1015 795 1214 842 sentiat:
1277 792 1600 858 respondebit
1654 800 1906 843 aeternam

212 870 359 917 vitam
401 882 509 921 esse
544 882 789 916 summum
830 867 1030 934 bonum,
1071 873 1321 916 aeternam
1366 882 1482 915 vero
1522 873 1731 916 mortem
1773 883 1903 917 sum·

212 957 346 990 mum
397 939 599 1006 malum;
646 948 850 1006 propter
898 940 1028 989 illam
1075 941 1283 1006 proinde
1337 940 1702 1006 adipiscendam
1740 942 1905 990 istam·

124 1026 179 1065 10
216 1031 310 1080 que
352 1014 596 1064 vitandam
644 1022 780 1064 recte
830 1014 972 1064 nobis
1022 1030 1130 1063 esse
1170 1014 1446 1064 vivendum.
1522 1014 1734 1080 Propter
1774 1015 1905 1079 quod

216 1092 456 1154 scriptum
489 1095 589 1138 est:
631 1090 799 1138 Iustus
831 1104 898 1139 ex
923 1091 1029 1150 fide
1061 1091 1208 1146 vivit;
1247 1091 1477 1153 quoniam
1517 1104 1680 1153 neque
1721 1088 1906 1137 bonum

218 1170 444 1212 nostrum
484 1165 579 1211 iam
619 1163 863 1229 videmUS,
915 1162 1046 1212 unde
1087 1170 1284 1227 oportet
1322 1170 1377 1211 ut
1417 1162 1664 1211 credendo
1706 1177 1907 1226 quaera-

216 1252 348 1302 muS,
402 1252 563 1300 neque
603 1238 766 1301 ipsum
807 1244 942 1286 recte
982 1239 1147 1286 vivere
1194 1236 1337 1285 nobis
1385 1253 1443 1285 ex
1483 1236 1625 1285 nobis
1665 1243 1763 1303 est,
1811 1237 1908 1285 nisi

218 1310 478 1360 credentes
530 1310 725 1359 adiuvet
771 1319 820 1359 et
868 1317 1065 1360 orantes
1121 1311 1206 1374 qui
1255 1317 1304 1359 et
1350 1311 1505 1374 ipsam
1554 1310 1699 1358 sidem
1755 1309 1904 1376 dedit,

129 1395 183 1435 15
220 1400 315 1449 qua
367 1399 457 1432 nos
507 1383 567 1432 ab
615 1384 697 1433 illo
734 1384 1046 1433 ·adiuvandos
1095 1399 1204 1433 esse
1253 1384 1526 1433 credamus
1604 1383 1677 1432 llli
1727 1390 1908 1450 autem,

220 1460 305 1522 qui
352 1460 402 1507 in
450 1459 542 1507 ista
591 1460 686 1507 vita
733 1459 856 1507 fines
903 1457 1146 1507 honorum
1190 1465 1239 1507 et
1278 1457 1518 1506 malorum
1559 1473 1667 1506 esse
1708 1463 1908 1522 putave-

218 1539 367 1598 runt,
423 1532 522 1580 sive
581 1534 631 1580 in
688 1547 895 1597 corpore
951 1534 1051 1581 sive
1107 1533 1158 1580 in
1213 1533 1374 1580 animo
1431 1533 1531 1580 sive
1587 1533 1637 1579 in
1694 1538 1907 1595 utroque

218 1612 461 1671 ponentes
511 1621 759 1654 summum
808 1606 1015 1671 bonum,
1063 1613 1232 1671 atque,
1280 1612 1335 1654 ut
1381 1604 1428 1653 id
1477 1604 1769 1670 explicatius
1810 1604 1906 1653 elo-

223 1695 367 1746 quar,
422 1681 522 1728 sive
572 1683 622 1729 in
670 1679 917 1744 voluptate
967 1682 1067 1728 sive
1115 1681 1166 1728 in
1214 1681 1394 1728 virtute
1443 1681 1543 1728 sive
1593 1680 1644 1728 in
1684 1685 1909 1744 utraque,

135 1764 191 1803 20
225 1756 326 1802 sive
374 1756 424 1802 in
472 1755 637 1818 quiete
687 1755 788 1803 sive
844 1756 894 1802 in
949 1756 1131 1803 virtute
1181 1755 1281 1802 sive
1328 1755 1378 1801 in
1426 1759 1658 1819 utraque,
1712 1754 1812 1802 sive
1859 1754 1911 1801 in

226 1827 474 1892 voluptate
515 1827 660 1876 simul
694 1834 743 1876 et
782 1829 947 1891 quiete
988 1829 1087 1876 sive
1128 1829 1178 1876 in
1218 1828 1399 1876 virtute
1440 1829 1540 1875 sive
1580 1828 1632 1875 in
1670 1827 1913 1892 utrisque,

228 1903 328 1950 sive
378 1904 427 1950 in
475 1903 649 1966 primis
696 1909 899 1951 naturae
956 1903 1056 1950 sive
1105 1903 1166 1950 in·
1202 1902 1383 1949 virtute
1431 1902 1530 1949 sive
1578 1902 1629 1949 in
1668 1902 1911 1966 utrisque,

225 1975 306 2024 hic
361 1975 492 2024 beati
547 1991 656 2024 esse
713 1983 762 2025 et
816 1991 841 2024 a
904 1990 956 2024 se
1011 1976 1131 2040 ipsis
1193 1974 1463 2024 beatificari
1523 1976 1647 2023 mira
1699 1976 1909 2023 vanitate

227 2048 503 2098 voluerunt.
581 2049 749 2098 Inrisit
794 2049 884 2098 hos
931 2048 1121 2097 Veritas
1167 2063 1258 2113 per
1302 2047 1593 2113 prophetam
1641 2048 1910 2097 dicentem:

137 2131 193 2171 25
227 2123 470 2171 Dominus
510 2125 647 2171 novit
683 2125 1014 2184 cogitationes
1052 2123 1305 2171 hominum
1344 2121 1435 2182 vel,
1474 2123 1602 2170 sicut
1640 2121 1733 2170 hoc
1773 2123 1910 2170 testi-

228 2197 449 2244 monium
495 2197 662 2259 posuit
712 2195 961 2260 apostolus
1001 2194 1204 2244 Paulus:
1253 2196 1494 2244 Dominus
1543 2197 1681 2244 novit
1717 2197 1908 2256 coqita-

228 2272 384 2318 tiones
422 2271 739 2334 sapientium,
777 2271 1014 2330 quoniam
1054 2283 1217 2317 vanae
1253 2274 1383 2317 sunt.

378 2341 498 2400 Quis
531 2344 661 2391 enim
698 2343 881 2391 sufficit
914 2344 1170 2406 quantovis
1203 2341 1510 2405 eloquentiae
1542 2341 1743 2390 flumine
1783 2343 1908 2390 vitae

226 2416 375 2465 huius
429 2417 652 2465 miserias
707 2412 990 2481 explicare?
1067 2415 1222 2473 Quam
1273 2415 1567 2464 lamentatus
1616 2422 1691 2464 est
1737 2414 1909 2464 Cicero

131 2502 187 2541 30
225 2492 275 2538 in
316 2489 648 2539 consolatione
683 2489 741 2538 de
775 2498 932 2538 morte
974 2489 1115 2554 filiae,
1155 2491 1284 2538 sicut
1321 2491 1503 2555 potuit3
1544 2488 1630 2538 sed
1671 2495 1908 2552 quantum

221 2570 297 2612 est
330 2563 461 2628 quod
493 2560 688 2628 potuit?
742 2562 811 2612 Ea
844 2565 1041 2629 qnippe,
1073 2577 1196 2626 quae
1231 2562 1465 2611 dicuntur
1497 2565 1654 2627 prima
1687 2570 1907 2627 naturae,

339 2693 410 2745 11)
444 2691 585 2736 Abao.
613 2696 653 2748 2,
680 2695 730 2746 43
771 2690 871 2735 Gal.
905 2694 946 2747 3,
981 2695 1048 2733 11.
1112 2690 1186 2746 27)
1218 2689 1289 2733 Ps.
1324 2694 1394 2745 93,
1435 2694 1514 2744 113
1549 2694 1588 2733 1.
1623 2688 1724 2734 Cor.
1759 2693 1800 2744 3,
1834 2691 1907 2732 20.

338 2859 394 2897 23
426 2852 686 2897 beatifica-ri
717 2853 762 2896 R
791 2853 895 2907 (vol.
930 2853 977 2906 I,
1009 2855 1111 2906 314,
1145 2855 1198 2905 3;
1230 2854 1303 2907 5);
1334 2850 1461 2895 beati
1491 2850 1591 2895 fieri
1621 2864 1646 2895 v
