2044 3146
244 158 353 210 242
915 169 950 202 S.
974 168 1249 203 Aneusmm

246 282 501 331 manifesta
534 283 836 343 reseruntur,
875 296 999 346 quae
1030 280 1175 347 paulo
1208 281 1469 332 obscurius
1502 283 1553 331 in
1593 281 1765 331 eodem
1804 283 1934 347 psal·

247 372 324 405 mo
350 358 509 421 posita
533 364 664 422 sunt,
704 355 898 420 quando
923 363 1060 404 recte
1092 355 1467 422 intelleguntur3
1501 355 1632 420 quod
1663 357 1714 404 in
1747 358 1932 406 nostris

244 432 340 479 iam
379 429 699 494 popularibus
740 429 1051 478 sermonibus
1090 430 1311 479 fecimus,
1390 429 1471 479 Sic
1512 436 1561 478 et
1599 431 1649 478 in
1687 428 1797 496 illo,
1845 429 1931 479 ubi

245 503 568 553 humilitatem
615 505 857 568 passionis
905 518 1022 552 suae
1071 518 1161 568 per
1207 503 1516 568 prophetiam
1557 502 1782 552 Christus
1831 503 1928 552 elo·

186 588 210 626 5
244 579 412 642 quitur
445 578 636 627 dicens:
675 579 937 627 Foderunt
973 592 1151 627 manus
1181 592 1318 627 meas
1358 583 1407 627 et
1431 579 1600 639 pede8‚
1641 579 1930 627 dinumera-

246 658 427 701 verunt
479 654 645 701 omnia
700 666 813 701 ossa
867 666 978 701 mea
987 669 1006 710 ;
1060 654 1158 713 ipsi
1200 666 1318 701 vero
1373 653 1828 700 consideraverunt
1883 658 1931 701 et

245 731 619 788 conspexerunt
664 740 740 774 me
786 721 991 791 (quibus
1037 727 1210 789 utiquc
1256 724 1421 773 verbis
1467 726 1519 774 in
1558 739 1708 773 cruce
1747 739 1932 790 corpus

246 800 536 864 significavit
575 806 830 848 extentum
878 799 1104 848 manibus
1151 798 1458 863 pedibusque
1500 798 1705 846 confixis
1745 804 1796 847 et
1835 799 1929 847 cla-

244 888 418 922 vorum
451 872 931 921 transverberatione
965 873 1223 939 confossiS,
1262 887 1419 936 eoque
1461 871 1605 920 modo
1646 886 1698 919 se
1739 879 1929 936 specta-

160 956 212 994 10
246 946 411 995 culum
452 937 879 995 considerantibus
920 954 969 995 et
1009 945 1428 1011 conspicientibus
1468 939 1809 1012 praebuisse),
1849 947 1930 995 ad-

245 1021 367 1069 dens
400 1022 568 1070 etiam:
608 1021 903 1070 Diviserunt
932 1022 1031 1069 sibi
1060 1023 1351 1070 vestimenta
1383 1034 1493 1069 mea
1525 1025 1574 1068 et
1601 1034 1756 1090 super
1786 1022 1931 1069 vesti-

243 1100 461 1144 mentum
500 1110 661 1144 meum
700 1097 946 1144 miserunt
981 1100 1179 1157 sortem,
1221 1109 1344 1158 quae
1384 1093 1643 1158 prophetia
1682 1108 1829 1157 quem
1870 1093 1929 1141 ad

243 1168 443 1217 modum
483 1167 681 1233 impleta
713 1171 778 1217 sit
815 1168 1092 1232 evangelica
1131 1175 1361 1217 narratur
1399 1167 1618 1232 historia,
1657 1173 1775 1215 tunc
1814 1182 1927 1232 pro-

245 1243 373 1290 fecto
425 1249 474 1291 et
525 1242 615 1290 alia
662 1250 797 1291 recte
844 1242 1222 1308 intelleguntur,
1269 1256 1392 1306 quae
1439 1239 1507 1289 ibi
1556 1242 1719 1289 minus
1759 1247 1930 1304 aperte

159 1326 211 1364 15
245 1315 373 1364 dicta
414 1323 544 1382 sunt,
583 1331 695 1364 cum
737 1323 1019 1380 congruunt
1056 1315 1158 1382 his,
1196 1331 1320 1379 quae
1362 1322 1495 1363 tanta
1536 1314 1928 1377 manifestatione

245 1389 552 1455 claruerunt3
601 1392 894 1454 praesertim
945 1391 1058 1454 quia
1110 1396 1159 1438 et
1208 1388 1310 1455 illa,
1361 1404 1485 1452 quae
1536 1403 1633 1436 non
1682 1394 1930 1437 transacta

245 1463 508 1529 credimuS,
549 1464 633 1511 sed
666 1466 944 1528 praesentia
985 1470 1293 1528 contuemur,
1333 1464 1463 1511 sicut
1501 1463 1549 1510 in
1593 1462 1765 1510 eodem
1803 1461 1930 1526 psal-

245 1552 323 1585 mo
363 1537 596 1602 leguntur
643 1544 778 1586 tanto
828 1544 939 1586 ante
980 1537 1250 1603 praedicta,
1300 1538 1367 1585 ita
1406 1551 1538 1584 nunc
1578 1534 1795 1584 exhibita
1834 1537 1931 1584 iam

245 1618 346 1659 toto
389 1610 506 1659 orbe
548 1618 836 1660 cernuntur.
914 1610 987 1659 Ibi
1027 1612 1158 1659 enim
1197 1610 1341 1675 paulo
1381 1617 1494 1674 post
1532 1608 1735 1658 dicitur:
1768 1609 1929 1658 ·Com—

156 1695 211 1733 20
244 1686 658 1734 memorabuntur
720 1691 767 1734 et
828 1690 1187 1734 convertentur
1249 1686 1320 1733 ad
1378 1685 1645 1733 Dominum
1706 1685 1938 1732 universi

237 1762 367 1817 sines
422 1765 596 1809 terrae
649 1764 698 1807 et
747 1760 1039 1808 adorabunt
1088 1761 1140 1807 in
1191 1764 1460 1822 conspectu
1509 1760 1616 1806 eius
1663 1759 1933 1807 universae

236 1835 445 1894 patriae
491 1822 746 1894 yentium;
796 1835 1033 1893 quoniam
1073 1832 1278 1881 Domini
1326 1837 1400 1881 est
1445 1845 1678 1893 reanum,
1729 1836 1778 1881 et
1826 1833 1934 1893 ipse

243 1907 587 1956 dominabitur
623 1908 862 1968 yentium.

873 2063 1069 2117 CAPUT
1101 2063 1303 2117 XVIII.

156 2181 210 2219 25
314 2171 391 2219 De
422 2173 617 2232 psalmo
658 2173 805 2220 tertio
845 2177 893 2220 et
932 2172 995 2220 de
1033 2171 1458 2232 quadraqensimo
1498 2176 1546 2218 et
1584 2171 1646 2219 de
1684 2171 1857 2231 quinto

282 2245 475 2293 decimo
515 2250 564 2293 et
603 2245 665 2292 de
703 2248 1052 2304 sexayensimo
1091 2246 1310 2305 septimO,
1351 2246 1403 2292 in
1444 2245 1624 2304 quibus
1662 2257 1796 2293 mors
1834 2249 1885 2293 et

612 2319 924 2367 resurreetio
965 2318 1169 2366 Domini
1199 2318 1550 2379 prophetatur.

390 2418 459 2468 De
494 2422 862 2469 resurrectione
896 2435 1092 2484 quoque
1133 2421 1239 2469 eius
1279 2435 1589 2484 nequaquam
1627 2419 1930 2484 psalmorum

245 2493 441 2542 oracula
492 2500 767 2543 tacuerunt,
843 2493 964 2542 Nam
1014 2493 1130 2557 quid
1178 2501 1254 2542 est
1299 2493 1427 2542 aliud
1477 2492 1607 2557 quod
1654 2494 1704 2541 in
1742 2492 1929 2558 psalmo

153 2578 211 2617 30
243 2569 390 2616 tertio
439 2583 496 2616 ex
546 2583 756 2632 persona
809 2569 916 2616 eius
957 2569 1171 2617 canitur:
1219 2567 1328 2629 qu
1368 2568 1585 2616 dormivi
1621 2572 1668 2616 et
1706 2581 1930 2616 somnum

363 2682 405 2734 7)
437 2679 509 2723 Ps.
546 2684 617 2733 21,
653 2684 704 2723 17
739 2694 835 2735 sqq.
902 2681 974 2735 13)
1007 2679 1088 2723 Mt.
1124 2684 1195 2734 27,
1227 2684 1297 2723 35.
1362 2681 1436 2735 23)
1468 2678 1538 2723 Ps.
1573 2683 1643 2734 21,
1676 2683 1730 2722 27
1764 2693 1830 2734 sq.

361 2846 387 2885 8
412 2841 610 2885 extentis
633 2840 679 2884 R
701 2842 717 2897 ll
743 2846 792 2885 11
819 2840 1149 2885 uestimentum
1172 2854 1326 2885 meum
1343 2839 1442 2884 RF
1461 2844 1512 2884 ut
1531 2841 1728 2893 Amiat.,·
1751 2840 1928 2884 vestem

241 2913 393 2943 meam
424 2914 450 2943 v
481 2901 496 2956 u
528 2904 583 2943 27
616 2900 922 2956 prophetatur
952 2899 1023 2953 F;
1054 2899 1392 2956 prophet-antur
1421 2913 1448 2943 v
