2004 3140
583 145 650 177 DE
673 145 913 178 οΙνῙΤΑΤΕ
936 145 1025 179 DEI
1046 147 1089 181 L.
1115 147 1221 181 XXI.
1247 147 1285 181 c,
1309 148 1364 182 27.
1688 137 1795 188 549

113 258 238 307 hanc
289 259 560 307 orationem
608 259 916 307 occasionem
962 259 1408 324 perpetrandorum
1460 260 1638 309 cotidie
1692 277 1794 310 sce·

112 332 270 382 lerum
302 339 562 398 quaerunt,
599 331 770 381 dicunt
802 331 1062 382 Dominum
1095 334 1396 398 significasse
1438 336 1584 383 etiam
1624 349 1797 400 magna

123 413 343 472 peccata,
391 407 620 470 quoniam
669 421 767 454 non
807 406 950 456 dixit:
995 406 1255 473 „Dimittet
1293 406 1431 456 vobis
1469 404 1676 475 parva“,
1717 408 1803 458 sed

117 486 337 544 peccata
368 486 560 529 vestra:
598 479 667 528 ibi
707 495 797 529 nos
838 480 1206 530 considerantes
1248 481 1472 546 qualibus
1512 482 1805 546 loquebatur

126 562 174 603 et
221 553 477 603 audientes
524 553 711 603 dictum
753 562 971 617 peecata
1017 562 1185 604 vestra
1230 555 1351 604 nihil
1398 555 1526 605 aliud
1569 555 1805 605 debemus
1838 567 1864 606 5

127 629 406 677 existimare
455 643 600 692 quam
651 643 824 695 parva,
879 630 1110 693 quoniam
1162 629 1332 678 talium
1379 631 1474 678 iam
1522 645 1620 678 non
1669 637 1810 679 erant

125 717 312 767 magna.
390 700 572 751 Verum
611 708 774 751 tamen
814 718 906 751 nec
944 705 1050 768 ipsa
1089 717 1284 770 magna,
1324 718 1349 752 a
1390 702 1570 768 quibus
1609 706 1807 752 omnino

126 778 325 826 mutatis
375 777 425 824 in
472 775 649 825 melius
698 775 921 826 moribus
967 777 1302 826 recedendum
1350 784 1445 844 est,
1494 777 1808 827 dimittuntur

126 849 404 916 orantibUS,
452 851 547 899 nisi
593 850 675 899 fiat
715 850 845 915 quod
886 850 954 899 ibi
994 851 1196 900 dicitur:
1245 852 1393 901 Sicut
1431 857 1480 901 et
1516 866 1605 901 nos
1645 854 1807 900 dimit-

123 928 270 974 timus
311 925 620 974 debitoribus
658 927 855 974 nostris
936 924 987 973 Si
1028 927 1159 974 enim
1199 927 1400 974 minima
1438 931 1662 992 peccata,
1701 927 1807 974 sine
1843 936 1897 976 10

126 997 305 1063 quibus
345 1013 443 1046 non
484 1005 559 1047 est
599 1000 744 1047 etiam
784 1000 881 1047 vita
918 1001 1190 1066 iustorum,
1230 999 1371 1048 aliter
1411 1014 1508 1048 non
1549 1001 1807 1048 remittun—

119 1079 225 1122 tur:
276 1079 458 1136 quanto
505 1074 660 1136 magis
707 1072 876 1121 multis
924 1080 972 1122 et
1019 1075 1207 1138 magnis
1259 1072 1549 1122 criminibus
1587 1072 1810 1138 involuti,

122 1148 312 1195 etiamsi
360 1161 414 1195 ea
461 1153 750 1211 perpetrare
798 1148 893 1195 iam
934 1146 1182 1213 desinant,
1230 1146 1411 1196 nullam
1453 1146 1808 1211 indulgentiam

123 1226 510 1285 consequuntur,
551 1222 592 1268 si
632 1220 690 1269 ad
730 1220 1082 1269 remittendum
1121 1220 1250 1287 aliis,
1291 1221 1419 1285 quod
1460 1223 1510 1269 in
1551 1236 1636 1269 eos
1676 1222 1807 1285 quis-

122 1309 216 1359 que
264 1295 564 1359 peccaverit,
611 1293 938 1343 inexorabiles
977 1295 1186 1362 fuerint,
1227 1309 1339 1344 cum
1379 1294 1508 1343 dicat
1547 1294 1804 1344 Dominus:
1840 1306 1893 1345 15

119 1369 178 1417 Si
215 1374 383 1417 autem
431 1382 530 1417 non
578 1370 870 1418 dimiseritis
908 1367 1211 1430 hominibus‘,
1258 1384 1420 1430 neque
1453 1375 1604 1431 pater
1643 1375 1806 1418 vester

119 1444 337 1491 dimittet
381 1443 531 1491 vobis.
610 1442 680 1490 Ad
729 1441 823 1490 hoc
871 1444 1002 1491 enim
1049 1442 1177 1492 valet
1225 1442 1354 1507 quod
1403 1444 1549 1491 etiam
1599 1441 1805 1491 lacobus

119 1515 368 1581 apostolus
410 1517 475 1564 ait
514 1515 751 1564 iudicium
792 1516 1015 1565 futurum
1057 1519 1161 1565 sine
1201 1517 1540 1565 misericordia
1579 1515 1670 1583 illi,
1721 1518 1806 1580 qui

119 1605 217 1638 non
249 1589 368 1638 fecit
399 1590 803 1638 misericordiam.
882 1589 1058 1639 Venire
1091 1593 1273 1655 quippe
1315 1589 1461 1639 debet
1499 1593 1550 1639 in
1589 1596 1806 1639 mentem

115 1664 266 1712 etiam
307 1678 480 1712 servus
518 1663 621 1729 ille,
662 1665 742 1712 cui
783 1663 995 1712 debitori
1035 1664 1264 1713 dominus
1304 1666 1411 1713 eius
1451 1663 1683 1713 relaxavit
1723 1664 1803 1712 de·
1837 1674 1893 1715 20

115 1752 222 1786 cem
256 1736 386 1785 milia
420 1736 735 1803 talentorum,
775 1752 899 1801 quae
931 1744 1103 1802 postea
1135 1739 1280 1787 iussit
1311 1745 1366 1787 ut
1406 1737 1651 1804 redderet,
1691 1739 1805 1802 quia

114 1813 219 1876 ipse
266 1825 366 1859 non
413 1812 647 1860 misertus
673 1817 772 1859 >est
819 1813 1045 1860 conservi
1085 1813 1183 1877 sui,
1233 1813 1316 1876 qui
1357 1813 1402 1860 ei
1443 1810 1652 1860 debebat
1691 1826 1804 1860 cen-

117 1893 221 1933 tum
261 1884 503 1934 denarios
580 1883 635 1933 In
675 1884 752 1933 his
793 1900 926 1951 erg0,
966 1887 1051 1949 qui
1091 1885 1176 1934 filii
1216 1891 1332 1934 sunt
1373 1886 1715 1950 promissionis
1756 1892 1806 1933 et

115 1973 226 2007 vasa
273 1958 666 2026 misericordiae,
713 1957 840 2007 valet
887 1959 1017 2023 quod
1066 1961 1132 2008 ait
1170 1959 1300 2008 idem
1340 1958 1591 2024 apostolus
1631 1974 1802 2008 conse-

118 2037 328 2096 quenter
391 2032 683 2096 adiungens:
770 2033 1135 2095 Superexultat
1202 2039 1369 2082 autem
1446 2035 1802 2082 misericordia
1834 2042 1890 2082 25

118 2108 321 2167 iudicio,
362 2107 592 2170 quoniam
626 2113 673 2154 et
704 2105 773 2154 illi
806 2107 939 2172 iusti,
980 2108 1063 2170 qui
1104 2113 1236 2156 tanta
1269 2107 1526 2155 sanctitate
1560 2107 1803 2172 vixerunt,

119 2187 172 2227 ut
204 2179 323 2227 alios
357 2194 553 2243 quoque
587 2181 828 2244 recipiant
859 2181 910 2228 in
950 2179 1266 2229 tabernacula
1305 2187 1518 2246 aeterna,
1559 2195 1584 2228 a
1624 2179 1803 2244 quibus

117 2254 260 2301 amici
298 2253 412 2302 facti
452 2260 568 2302 sunt
607 2253 666 2302 de
708 2268 981 2302 mammona
1020 2255 1293 2318 iniquitatis
1306 2294 1320 2320 ,
1367 2261 1422 2303 ut
1461 2253 1583 2302 tales
1623 2261 1803 2319 essent,

118 2327 453 2375 misericordia
506 2326 699 2376 liberati
755 2333 872 2375 sunt
922 2326 980 2376 ab
1032 2343 1117 2394 eo,
1169 2329 1254 2392 qui
1301 2327 1533 2376 iustificat
1582 2328 1803 2392 impium,

117 2402 364 2465 imputans
418 2400 698 2449 mercedem
753 2400 1025 2450 secundum
1080 2403 1314 2468 gratiam,
1376 2416 1474 2449 non
1531 2400 1803 2450 secundum
1836 2410 1894 2449 30

117 2473 351 2522 debitum.
429 2473 484 2522 In
517 2489 689 2523 eorum
723 2476 903 2539 quippe
944 2490 1151 2523 numero
1193 2482 1268 2523 est
1307 2473 1572 2540 apost0111S,
1612 2475 1697 2537 qui
1737 2473 1805 2522 di-

118 2548 207 2596 cit:
248 2547 660 2597 Misericordiam
700 2554 999 2597 consecutus
1037 2563 1159 2608 sum,
1200 2554 1256 2596 ut
1288 2550 1456 2606 fidelis
1496 2561 1665 2596 essem.

238 2646 314 2699 19)
345 2645 434 2688 Iac.
469 2649 517 2698 2,
552 2649 620 2688 13.
684 2646 757 2700 23)
789 2645 873 2688 Mt.
909 2650 988 2700 18,
1033 2649 1087 2688 23
1122 2659 1219 2700 sqq.
1283 2646 1358 2700 26)
1391 2645 1480 2689 Iac.
1517 2649 1567 2699 2,
1601 2649 1668 2688 13.
1732 2646 1806 2700 28)

116 2702 193 2747 Lc.
230 2708 299 2758 16,
332 2708 372 2746 9.
435 2705 509 2759 32)
543 2708 580 2747 1.
616 2702 715 2747 Cor.
752 2709 791 2758 7,
825 2708 893 2747 25.

241 2825 294 2863 14
326 2822 668 2876 consequantur
699 2821 744 2863 A
768 2822 783 2877 ΙΙ
809 2826 862 2864 27
897 2834 925 2864 a
956 2820 1122 2876 quibus
1153 2833 1242 2865 mss
1273 2824 1452 2876 excepto
1485 2821 1509 2864 b
1542 2823 1668 2875 (550,
1700 2823 1803 2875 19),-

118 2892 147 2921 a
177 2891 258 2923 om.
292 2893 317 2924 v
