2004 3140
183 632 209 671 5

157 1002 212 1041 10

161 1369 213 1409 15

160 1737 214 1778 20

159 2106 215 2145 25

160 2474 218 2514 30

239 114 348 167 366
906 125 941 159 s,
967 124 1239 159 Auensnm

901 236 1096 317 CAPUT
1130 263 1252 318 Vn.

242 371 319 420 De
344 372 636 420 diversitate
659 372 964 432 linquarum,
995 378 1097 432 ‘qua
1121 373 1336 420 societas
1367 373 1618 421 hominum
1651 373 1937 432 dirimitur„

325 451 373 494 et
406 446 473 494 de
511 447 718 494 miseria
758 446 1013 507 bellorum,
1053 448 1203 494 etiam
1243 460 1373 506 quae
1413 449 1544 495 iusta
1585 447 1838 495 dicuntur.

390 547 509 597 Post
555 549 800 597 civitatem
847 548 922 597 vel
968 547 1145 597 urbem
1191 551 1416 612 sequitur
1466 548 1600 598 orbis
1641 555 1826 615 terrae,
1872 550 1925 598 in

244 637 341 686 quo
381 623 583 671 tertium
622 621 827 686 gradum
867 630 1058 686 ponunt
1096 624 1344 671 societatis
1383 622 1649 689 humanae,
1687 624 1926 688 incipien-

243 704 319 745 tes
360 710 385 744 a
425 695 569 744 domo
610 703 755 760 atque
795 696 908 745 inde
948 696 1007 744 ad
1049 695 1244 762 urbem,
1291 695 1466 745 deinde
1507 697 1565 746 ad
1605 696 1776 745 orbem
1814 711 1926 762 pro·

244 769 513 835 grediendo
546 771 821 835 venientes3
861 771 945 834 qui
985 771 1171 835 utique,
1212 772 1339 818 sicut
1378 785 1617 834 aquarum
1655 773 1939 836 congerieS,

246 851 430 908 quanto
479 845 634 892 maior
682 850 778 904 est,
834 850 968 892 tanto
1016 843 1250 908 periculis
1297 843 1502 908 plenior.
1579 843 1634 892 In
1683 859 1779 908 quo
1828 845 1927 909 pri-

245 933 380 967 mum
430 915 708 982 linguarum
765 918 1021 966 diversitas
1076 917 1325 966 hominem
1375 918 1553 967 alienat
1606 917 1665 966 ab
1716 918 1929 967 homine.

244 991 366 1040 Nam
417 992 459 1040 si
506 991 603 1040 duo
653 990 848 1039 sibimet
901 992 1113 1040 invicem
1159 992 1278 1040 fiant
1336 990 1526 1040 obviam
1581 1007 1742 1056 neque
1788 1006 1930 1057 prae·

245 1067 419 1132 terire,
470 1065 557 1114 sed
605 1064 750 1114 simul
801 1079 910 1113 esse
958 1064 1117 1129 aliqua
1163 1067 1457 1114 necessitate
1498 1072 1759 1132 cogantur,
1811 1080 1931 1130 quo-

246 1154 357 1188 rum
411 1146 588 1188 neuter
642 1138 857 1202 linguam
919 1140 1054 1188 novit
1115 1139 1339 1189 alterius:
1402 1139 1592 1188 facilius
1647 1138 1740 1188 sibi
1795 1145 1931 1191 mum

246 1212 485 1279 animalia,
525 1214 672 1261 etiam
711 1212 892 1261 diversi
925 1214 1136 1279 generiS,
1177 1228 1322 1276 quam
1361 1212 1444 1279 illi,
1485 1228 1597 1262 cum
1638 1214 1736 1262 sint
1774 1212 1930 1261 homi-

246 1301 334 1335 nes
383 1286 548 1352 amho,
599 1287 864 1336 sociantur.
942 1286 1146 1344 Quando
1194 1288 1326 1336 enim
1377 1302 1501 1350 quae
1542 1288 1763 1336 sentiunt
1800 1287 1937 1335 inter

247 1376 298 1409 se
347 1361 710 1409 communicare
758 1375 855 1408 non
903 1366 1111 1424 possunt
1161 1366 1365 1424 propter
1405 1360 1556 1409 solam
1596 1361 1930 1411 diversitatem

246 1434 462 1499 linguae,
510 1433 630 1482 nihil
676 1433 879 1498 prodest
925 1433 984 1482 ad
1033 1434 1388 1482 consociandos
1427 1434 1651 1483 homines
1691 1440 1825 1482 tanta
1865 1435 1929 1482 si-

247 1506 470 1556 militudo
504 1514 729 1572 naturae;
768 1509 834 1556 ita
875 1514 929 1556 ut
967 1506 1200 1556 libentius
1240 1507 1385 1556 homo
1426 1510 1490 1556 sit
1529 1522 1642 1556 cum
1681 1522 1800 1556 cane
1841 1523 1933 1556 suo

248 1596 395 1646 quam
442 1596 554 1630 cum
600 1580 797 1629 homine
845 1581 1017 1630 alieno.
1095 1582 1156 1629 At
1203 1583 1334 1630 enim
1381 1597 1530 1646 opera
1579 1581 1688 1630 data
1729 1587 1825 1648 est,
1877 1587 1934 1630 ut

246 1657 507 1720 imperiosa
549 1656 717 1704 civitas
757 1670 856 1703 non
897 1654 1056 1704 solum
1094 1657 1278 1719 iugum,
1318 1670 1490 1704 verum
1530 1657 1678 1704 etiam
1715 1654 1932 1720 linguam

248 1743 387 1778 suam
418 1728 615 1778 domitis
647 1728 877 1792 gentibus
909 1743 998 1793 per
1030 1743 1201 1792 pacem
1241 1731 1489 1778 societatis
1529 1731 1805 1795 inponeret,
1842 1744 1932 1794 per

248 1817 393 1867 quam
433 1817 532 1851 non
572 1802 788 1868 deesset,
827 1804 976 1851 immo
1018 1809 1067 1851 et
1106 1802 1378 1852 abundaret
1417 1804 1563 1851 etiam
1602 1804 1933 1867 interpretum

230 1878 401 1942 copia.
479 1875 659 1925 Verum
707 1884 802 1942 est,
852 1876 938 1925 sed
985 1875 1078 1925 hoc
1119 1891 1265 1941 quam
1304 1876 1471 1926 multis
1512 1883 1560 1925 et
1600 1891 1746 1940 quam
1785 1891 1927 1941 gran-

248 1950 393 1999 dibus
446 1949 612 2011 hellis,
670 1957 849 2014 quanta
905 1956 1066 2014 strage
1121 1950 1402 2017 hominum,
1457 1957 1638 2014 quanta
1691 1950 1930 1999 effusione

247 2023 448 2073 humani
512 2025 762 2088 sanguinis
825 2030 1160 2088 comparatum
1223 2021 1334 2074 est?
1411 2023 1600 2082 Quibus
1655 2025 1933 2089 transactiS,

248 2113 348 2146 non
387 2104 465 2146 est
503 2104 665 2146 tamen
698 2097 970 2146 eorundem
1009 2097 1249 2146 malorum
1289 2098 1423 2146 finita
1462 2098 1674 2146 miseria.
1751 2096 1929 2154 Quam-

248 2172 321 2219 vis
361 2172 492 2219 enim
524 2185 623 2218 non
656 2170 904 2219 defuerint
934 2185 1095 2234 neque
1136 2170 1297 2219 desint
1336 2170 1503 2219 hostes
1542 2178 1737 2219 exterae
1778 2171 1932 2218 natio—

250 2259 338 2292 nes
350 2283 365 2310 ,
420 2250 591 2292 contra
641 2258 762 2307 quas
809 2258 1004 2307 semper
1054 2242 1180 2292 bella
1226 2249 1363 2307 gesta
1409 2250 1526 2293 sunt
1572 2250 1621 2292 et
1666 2251 1932 2307 geruntur:

250 2325 413 2366 tamen
454 2318 601 2366 etiam
647 2318 751 2382 ipsa
803 2317 996 2381 imperii
1036 2315 1240 2365 latitudo
1280 2318 1474 2381 peperit
1511 2318 1695 2381 peioris
1734 2319 1932 2382 generis

251 2390 392 2457 bella,
432 2390 627 2439 socialia
660 2390 849 2439 scilicet
888 2397 937 2438 et
976 2390 1148 2456 civilia,
1188 2389 1367 2454 quibus
1409 2390 1734 2439 miserabilius
1774 2392 1930 2454 quati·

251 2473 332 2514 tur
371 2464 642 2514 humanum
681 2478 859 2530 genUS,
906 2465 1006 2512 sive
1048 2478 1161 2512 cum
1200 2463 1537 2528 belligeratur,
1578 2470 1633 2512 ut
1671 2461 1934 2527 aliquando-

250 2539 631 2603 conquiescant,
692 2539 792 2586 sive
848 2552 960 2585 cum
1015 2539 1244 2604 timetur,
1306 2553 1366 2586 ne
1421 2553 1596 2586 rursus
1651 2544 1933 2602 exsurgant.

252 2611 473 2669 Quorum
521 2611 760 2660 malorum
807 2611 984 2660 multas
1032 2617 1083 2659 et
1122 2610 1417 2675 multiplices
1458 2610 1640 2672 cladeS‚
1693 2610 1841 2659 duras
1881 2616 1931 2659 et

251 2686 381 2734 diras
429 2686 749 2734 necessitates
802 2686 843 2733 si
889 2691 945 2733 ut
991 2683 1192 2748 dignum
1232 2690 1308 2733 est
1347 2684 1510 2749 eloqui
1550 2684 1715 2751 velim,
1763 2698 1931 2748 quam—

372 2860 424 2899 12
456 2856 580 2900 norit
610 2855 819 2913 linguam
849 2857 994 2912 01120
1027 2868 1156 2898 suam
1188 2867 1271 2900 om.
1303 2853 1350 2899 R
