2004 3140
199 110 305 163 616
883 121 917 153 5.
943 120 1219 154 Auousrmi

200 237 251 284 in
284 241 381 283 tam
408 234 575 283 multis
600 233 750 282 rebus
783 232 993 282 tuendae
1027 239 1110 281 aut
1141 233 1452 297 recipiendae
1486 232 1655 282 salutis
1688 233 1887 284 auxilia!

203 309 359 367 Quam
391 315 527 373 grata
560 307 848 356 vicissitudo
882 306 979 354 diei
1012 305 1300 355 alternantis
1332 311 1381 355 et
1420 305 1602 355 noctis!
1642 307 1886 358 Aurarum

205 397 349 446 quam
389 381 565 430 blanda
606 378 893 445 temperies!
956 379 1012 428 In
1053 379 1316 428 fruticibus
1357 387 1405 428 et
1443 380 1706 444 pecoribus
1745 382 1885 431 indu-

204 462 487 504 mentorum
536 454 956 504 conficiendorum
1011 459 1191 518 quanta
1230 451 1481 502 materies!
1545 453 1718 503 Omnia
1759 470 1887 504 com-

147 540 172 578 5
205 545 480 578 memorare
534 530 644 593 quis
697 524 891 593 possit?
967 526 1098 576 Haec
1163 533 1326 576 autem
1379 526 1503 593 sola,
1557 543 1682 592 quae
1733 544 1757 577 a
1810 544 1890 578 me>

203 603 337 652 velut
375 605 426 652 in
468 602 710 667 quendam
752 608 868 650 sunt
908 616 1135 666 aggerem
1176 606 1412 667 coartata,
1464 602 1506 649 si
1544 601 1715 650 vellem
1755 602 1893 652 velut

205 677 445 741 conligata
494 676 747 738 involucra
798 675 987 724 solvere
1041 680 1188 738 atque
1229 674 1502 740 discutere,
1549 681 1731 739 quanta
1768 677 1889 725 mihi

203 766 341 799 mora
389 757 521 800 esset
559 752 610 798 in
652 750 883 814 singuliS‚
930 748 1110 813 quibus
1157 747 1370 812 plurima
1409 748 1748 798 continentur!
1825 749 1926 799 Et.

203 824 324 874 haec
364 826 526 873 omnia
567 826 863 873 miserorum
905 829 1020 871 sunt
1059 821 1500 886 damnatorumque
1541 822 1739 888 solacia,
1790 839 1889 873 non

117 909 170 947 10
204 900 420 963 praemia
467 898 741 947 beatorum.
820 896 955 954 Quae
995 898 1147 960 igitur
1185 895 1267 943 illa
1307 902 1446 962 sunt,
1494 898 1536 945 si
1575 902 1648 945 tot
1687 903 1737 945 et
1775 897 1888 946 talia

203 987 258 1021 ac
304 978 439 1021 tanta
489 978 605 1020 sunt
650 967 780 1020 ista?
858 970 983 1028 Quid
1033 969 1168 1018 dabit
1215 971 1286 1018 eis
1334 984 1458 1033 quos
1508 969 1891 1034 praedestinavit

202 1045 258 1094 ad
294 1048 456 1111 vitam,
498 1047 582 1109 qui
614 1045 734 1094 haec
770 1044 906 1093 dedit
945 1046 1091 1093 etiam
1131 1045 1203 1092 eis
1243 1058 1368 1107 quos
1406 1043 1789 1107 praedestinavit
1827 1044 1886 1093 ad

203 1117 448 1168 mortem?
512 1119 646 1177 Quae
679 1118 808 1167 bona
847 1119 899 1167 in
930 1117 1011 1166 illa
1050 1117 1192 1166 beata
1231 1119 1327 1165 vita
1367 1117 1513 1166 saciet
1553 1132 1637 1166 eos
1677 1133 1892 1183 sumere,

202 1208 293 1258 pro
335 1193 514 1257 quibus
555 1195 604 1241 in
651 1192 742 1241 hac
790 1194 970 1242 misera
1009 1193 1318 1256 unigenitum
1359 1206 1503 1239 suum
1544 1190 1697 1240 filium
1737 1191 1894 1240 voluit

115 1278 168 1316 15
203 1282 361 1331 usque
412 1267 469 1315 ad
518 1272 731 1315 mortem
782 1266 906 1315 mala
950 1272 1083 1314 tanta
1122 1261 1383 1330 perferre?
1459 1263 1598 1313 Unde
1639 1265 1892 1329 apostolus

204 1340 263 1389 de
303 1342 424 1405 ipsis
463 1342 511 1389 in
546 1340 664 1389 illud
698 1355 906 1404 regnum
946 1339 1324 1403 praedestinatis
1362 1338 1592 1402 loquens:
1639 1340 1739 1398 Qui
1767 1354 1888 1401 pro-

197 1417 339 1480 prio,
393 1416 576 1480 inquit,
626 1416 734 1473 filio
785 1428 884 1462 non
917 1415 1170 1475 pepercit,
1225 1414 1316 1461 sed
1345 1426 1444 1474 pro
1484 1413 1626 1461 nobis
1665 1415 1894 1463 omnibus

204 1490 422 1537 tradidit
475 1502 608 1548 eum,
664 1502 760 1548 quo
811 1489 955 1536 modo
1004 1501 1103 1535 non
1150 1492 1198 1535 et
1244 1499 1358 1535 cum
1406 1488 1487 1535 illo
1534 1489 1701 1535 omnia
1748 1488 1893 1536 nobis

206 1558 448 1611 donabit?
513 1560 635 1610 Cum
678 1561 798 1609 haec
837 1561 1099 1624 promissio
1141 1558 1483 1624 complebitur,
1523 1558 1640 1623 quid
1681 1559 1889 1610 erimus!

114 1645 170 1685 20
203 1634 371 1698 quales
412 1633 621 1683 erimus!
664 1634 798 1691 Quae
839 1633 966 1682 bona
1005 1635 1056 1681 in
1096 1633 1179 1681 illo
1218 1648 1371 1697 regno
1412 1635 1665 1698 accepturi
1703 1649 1893 1700 sumuS‚

205 1708 398 1773 quando
425 1708 625 1772 quidem
651 1707 849 1757 Christo
883 1709 1125 1756 moriente
1156 1722 1247 1771 pro
1281 1705 1422 1755 nobis
1456 1706 1549 1755 tale
1582 1708 1679 1755 iam
1709 1709 1890 1772 pignus

205 1781 505 1846 accepimus!
561 1781 729 1839 Qualis
780 1783 875 1830 erit
927 1782 1131 1846 spiritus
1181 1780 1395 1828 hominis
1447 1779 1637 1829 nullum
1689 1783 1889 1830 omnino

203 1855 389 1904 habens
429 1858 630 1920 vitium,
677 1871 770 1904 nec
818 1854 911 1904 sub
959 1870 1056 1918 quo
1097 1857 1276 1919 iaceat,
1328 1869 1420 1902 nec
1460 1855 1540 1903 cui
1581 1853 1746 1920 cedat,
1797 1870 1891 1904 nec

209 1935 379 1978 contra
429 1929 559 1993 quod
607 1929 780 1978 saltem
827 1927 1138 1978 laudabiliter
1179 1927 1399 1992 dimicet,
1444 1929 1754 1992 pacatissima
1794 1930 1889 1977 vir—

118 2013 173 2052 25
213 2009 314 2052 tute
365 2002 638 2068 perfectus!
694 2002 881 2051 Rerum
935 2001 1004 2050 ibi
1051 2002 1270 2050 omnium
1323 2007 1529 2066 quanta,
1581 2016 1728 2065 quam
1779 2010 1896 2066 spe-‘

205 2078 360 2141 ciosa‚
400 2091 546 2141 quam
588 2085 722 2125 certa
762 2077 993 2141 scientia,
1034 2077 1138 2124 sine
1180 2089 1349 2123 errore
1390 2074 1551 2138 aliquo
1591 2074 1667 2123 vel
1705 2074 1891 2142 labore,

204 2149 289 2198 ubi
327 2149 415 2198 Dei
457 2151 694 2213 sapientia
733 2150 793 2198 de
833 2151 939 2213 ipso
982 2164 1071 2197 suo
1114 2149 1249 2197 sonte
1289 2147 1562 2213 potabitur,
1603 2163 1716 2197 cum
1755 2164 1887 2198 sum-

204 2237 281 2270 ma
329 2222 588 2288 felicitate,
644 2225 750 2270 sine
806 2223 903 2271 ulla
952 2220 1261 2270 difficultate!
1341 2220 1491 2278 Quale
1545 2223 1639 2270 erit
1681 2213 1889 2286 'corpi1S,

207 2295 335 2359 quod
377 2297 510 2344 omni
557 2295 702 2344 modo
752 2297 949 2360 spiritui
996 2294 1248 2343 subditum
1290 2301 1338 2343 61
1379 2310 1436 2342 66
1478 2295 1782 2344 sufficienter
1821 2297 1887 2344 vi-

116 2380 172 2419 30
206 2369 451 2418 vificatum
506 2369 655 2418 nullis
709 2368 952 2417 alimoniis
1006 2366 1265 2432 indIgebit!
1328 2367 1435 2415 Non
1487 2370 1617 2416 enim
1668 2369 1890 2434 animale,

204 2443 289 2491 sed
343 2443 562 2507 spiritale
614 2444 734 2508 erit,
784 2442 970 2491 habens
1018 2442 1216 2506 quidem
1265 2443 1451 2506 ca1·niS‚
1498 2441 1584 2490 sed
1633 2444 1738 2491 51116
1791 2442 1887 2491 ulla

205 2516 388 2565 carnali
429 2518 746 2581 corruptione
788 2516 1126 2565 substantiam.

325 2644 397 2698 19)
429 2643 561 2687 Rom.
595 2648 635 2697 8,
669 2648 739 2688 32.

324 2794 346 2831 1
381 2790 462 2832 aut
492 2789 538 2831 R
547 2805 563 2841 ;
595 2803 649 2832 ac
681 2803 706 2832 v
741 2791 756 2845 ΙΙ
794 2788 1090 2845 recipiendae
1122 2803 1234 2842 mss,·
1265 2787 1608 2843 recuperandae
1639 2802 1665 2831 v
1695 2790 1711 2844 ΙΙ
1745 2792 1800 2831 10
1832 2801 1886 2831 ac

202 2845 319 2890 talia,
351 2849 398 2891 61
427 2862 452 2891 v
476 2849 492 2903 ΙΙ
518 2853 569 2891 12
604 2847 702 2904 qui]
737 2848 775 2891 si
806 2847 853 2891 R
