2004 3140
238 157 345 210 308
910 165 946 200 s,
969 165 1245 201 AUGUS'rmi

238 288 334 347 tur,
374 279 459 330 ubi
490 279 689 329 ethaeo
729 278 986 344 prophetia
1026 286 1438 330 commemoratur
1478 295 1537 329 ex
1575 287 1730 347 parte,
1771 295 1921 345 quan-

239 362 343 404 tum
396 353 466 402 illi
520 353 627 403 loco
684 353 912 402 sufficere
960 354 1118 402 visum
1169 361 1258 403 est.
1334 353 1440 403 Alio
1488 354 1596 404 loco
1649 354 1708 403 ad
1758 356 1922 419 ipsum

240 427 489 477 Christum
521 429 572 476 in
604 428 781 492 spiritu
813 427 1100 492 prophetiae
1131 426 1339 491 loquens
1379 428 1437 477 de
1478 424 1769 478 remissione
1809 443 1923 493 pec-

240 507 460 551 catorum
500 517 590 566 per
630 503 737 551 eius
778 503 1087 565 sanguinem:
1133 501 1204 550 Tu
1244 517 1458 564 quoque,
1498 503 1674 568 inquit,
1715 505 1766 552 in
1805 517 1922 551 san-

181 585 206 624 5
235 578 391 636 quine
423 578 707 625 testamenti
735 577 813 624 tui
842 577 1049 624 emisisti
1078 577 1268 624 vinctos
1309 581 1418 625 tuos
1458 578 1520 626 a’e
1558 579 1690 637 lacu,
1733 579 1784 625 in
1825 590 1922 637 quo

154 953 207 992 10

154 1320 207 1360 15

154 1688 209 1727 20

152 2053 207 2093 25

239 663 338 698 non
378 655 451 698 est
489 664 637 710 aqua.
717 648 845 706 Quid
883 663 973 713 per
1013 648 1144 698 hunc
1183 648 1344 698 lacum
1382 649 1498 699 velit
1536 649 1773 716 intellegi,
1811 665 1923 714 pos-

241 729 355 772 sunt
394 721 586 771 diversa
625 724 799 772 sentiri
848 724 993 772 etiam
1034 723 1306 772 secundum
1346 729 1530 781 rectam
1570 722 1729 773 fidem.
1807 722 1926 771 Mihi

239 802 402 845 tamen
436 795 630 845 videtur
662 811 762 845 non
794 811 851 845 eo
886 796 1151 861 significari
1191 795 1380 864 melum,
1420 798 1516 846 nisi
1553 796 1793 847 humanae
1834 798 1923 846 mi-

240 871 396 918 seriae
427 870 838 934 ,profunditatem
894 872 1074 919 siccam
1129 870 1342 934 quodam
1394 870 1536 919 modo
1592 878 1641 920 et
1691 870 1925 935 sterilem,

242 942 327 992 ubi
366 958 464 991 non
505 949 620 992 sunt
659 943 843 993 fluenta
882 945 1124 1010 iustitiae,
1166 944 1252 993 sed
1291 945 1565 1009 iniquitatis
1605 944 1778 994 lutum.
1859 943 1927 992 De

238 1016 332 1065 hoc
382 1018 562 1082 quippe
611 1019 759 1067 etiam
806 1018 857 1067 in
902 1017 1089 1082 psalmo
1146 1017 1349 1068 dicitur:
1406 1019 1471 1067 Et
1517 1021 1695 1068 eduxit
1740 1032 1818 1067 me
1867 1019 1929 1067 de

239 1093 356 1139 lacu
396 1093 633 1140 miseriae
673 1097 720 1140 et
760 1094 822 1141 a'e
861 1095 962 1141 luto
1002 1095 1120 1141 limi.

387 1163 646 1214 Malachias
694 1164 995 1230 prophetans
1037 1165 1316 1231 ecclesiam,
1364 1182 1510 1230 quam
1547 1181 1637 1231 per
1677 1164 1927 1215 Christum

241 1239 491 1287 cernimus
522 1245 853 1305 propagatam,
892 1239 1084 1289 Iudaeis
1117 1241 1427 1304 apertissime
1460 1240 1580 1289 dicit
1620 1255 1677 1289 ex
1717 1253 1930 1304 persona

241 1310 350 1360 Dei:
390 1313 501 1362 Non
533 1318 607 1362 est
636 1315 762 1362 mihi
789 1317 1019 1363 voluntas
1053 1317 1104 1362 in
1136 1315 1287 1376 vobis,
1328 1320 1378 1363 et
1413 1328 1593 1363 munus
1632 1328 1732 1363 non
1770 1328 1927 1363 susei-

234 1388 376 1447 piam
431 1387 493 1435 de
552 1401 705 1436 manu
761 1393 943 1437 vestra.
1020 1388 1097 1436 Ab
1152 1393 1267 1437 ortu
1315 1390 1446 1437 enim
1491 1389 1609 1437 solis
1656 1402 1814 1450 usque
1863 1389 1934 1437 ad

240 1474 477 1509 oceasum
523 1474 759 1521 maqnum
807 1475 984 1511 nomen
1024 1475 1186 1511 meum
1226 1463 1277 1510 in
1312 1462 1568 1522 qentibu8‚
1618 1466 1667 1510 et
1706 1463 1757 1510 in
1797 1463 1934 1510 omni

240 1535 348 1582 loeo
387 1535 772 1593 sacrificabitur
811 1540 860 1584 et
898 1535 1147 1595 offeretur
1193 1537 1386 1584 nomini
1421 1549 1527 1584 meo
1567 1536 1750 1584 oblatio
1790 1549 1930 1583 mun·

242 1607 309 1654 da
319 1623 338 1663 ,·
377 1609 497 1667 quia
536 1621 773 1668 magnum
805 1623 982 1657 nomen
1022 1622 1184 1658 meum
1223 1611 1275 1657 in
1310 1610 1559 1669 qentibuS,
1601 1610 1727 1658 dicit
1762 1608 1929 1658 Domi-

242 1694 349 1728 nus.
427 1679 532 1728 Hoc
581 1681 877 1730 sacrificium
923 1697 1012 1746 per
1065 1681 1395 1730 sacerdotium
1435 1681 1619 1731 Christi
1659 1681 1932 1731 secundum
1977 1721 1990 1725 ,

242 1752 466 1802 ordinem
519 1753 878 1804 Melchisedech
931 1771 1043 1804 cum
1107 1757 1159 1803 in
1215 1757 1348 1817 omni
1402 1755 1510 1804 loco
1565 1771 1592 1804 a
1645 1755 1762 1804 solis
1817 1761 1931 1804 ortu

240 1841 398 1891 usque
448 1827 506 1876 ad
555 1843 784 1877 occasum
824 1827 925 1877 Deo
965 1831 1061 1877 iam
1108 1827 1358 1878 videamus
1399 1829 1589 1895 offerri,
1635 1829 1931 1878 sacrificium

241 1906 406 1949 autem
437 1900 747 1967 Iudaeorum,
781 1901 961 1967 quibus
995 1903 1183 1952 dictum
1215 1909 1311 1952 est:
1352 1903 1463 1952 Non
1495 1909 1570 1952 est
1597 1904 1722 1951 mihi
1759 1906 1928 1952 volun·
1975 1920 1980 1925 ’

242 1979 319 2022 tas
368 1977 420 2023 in
465 1977 623 2035 vobis‘,
672 1991 766 2025 nee
814 1979 1066 2039 accipiam
1120 1990 1300 2026 munus
1349 1979 1411 2026 de
1460 1977 1691 2026 manibus
1738 1978 1930 2035 vestriS,

243 2061 463 2096 cessasse
505 2063 683 2112 negare
726 2065 823 2098 non
855 2056 1086 2114 possunt:
1129 2049 1244 2113 quid
1285 2049 1444 2098 adhuc
1484 2055 1745 2114 expectant
1783 2048 1932 2098 alium

243 2118 513 2186 Christum,
550 2137 663 2170 cum
694 2121 803 2183 hoc,
844 2122 976 2186 quod
1007 2122 1358 2187 prophetatum
1391 2122 1561 2186 legunt
1593 2129 1642 2171 et
1673 2121 1932 2187 impletum

244 2192 422 2258 vident,
462 2194 656 2258 impleri
695 2210 795 2243 non
834 2197 1057 2259 potuerit
1098 2197 1193 2244 nisi
1231 2211 1322 2259 per
1359 2192 1563 2259 ipsum?
1633 2194 1760 2244 Dicit
1799 2197 1932 2244 enim

242 2265 385 2329 paulo
436 2274 549 2330 post
596 2267 654 2316 de
695 2269 802 2332 ipso
850 2283 908 2317 ex
947 2283 1161 2333 persona
1198 2267 1309 2318 Dei:
1363 2268 1729 2319 Testamentum
1769 2283 1930 2318 meum

243 2344 357 2388 erat
387 2354 499 2389 eum
531 2355 588 2390 eo
628 2343 760 2391 vitae
799 2347 848 2391 et
879 2345 1039 2404 paciS,
1081 2348 1129 2391 et
1167 2345 1287 2392 dedi
1323 2345 1384 2402 ei,
1424 2348 1481 2391 ut
1518 2345 1696 2392 timore
1735 2345 1931 2392 timeret

155 2421 211 2460 30
243 2427 340 2474 me,
389 2419 437 2462 et
485 2429 516 2462 a
557 2413 700 2475 faeie
746 2418 959 2465 nominis
998 2418 1097 2465 mei
1134 2420 1473 2465 revereretur.
1552 2417 1662 2466 Lex
1701 2418 1930 2465 veritatis

244 2491 359 2535 erat
396 2489 448 2536 in
489 2502 576 2536 ore
608 2490 777 2550 ἱρείας,
820 2491 870 2537 in
902 2503 1038 2551 paee
1071 2491 1298 2551 diriqens
1339 2490 1613 2538 ambulavit
1649 2503 1842 2538 meeum
1881 2495 1930 2538 et

243 2563 419 2609 multos
460 2563 708 2611 convertit
746 2563 809 2610 ab
851 2564 1144 2623 iniquitate5
1195 2565 1433 2623 quoniam
1472 2564 1609 2612 labia
1647 2563 1929 2613 sacerdotis

363 2703 407 2757 6)
440 2701 574 2745 Zach.
610 2707 650 2758 9,
687 2707 752 2747 11.
821 2704 892 2757 12)
924 2703 999 2747 Ps.
1033 2707 1103 2757 39,
1137 2708 1176 2747 3.
1239 2706 1315 2760 20)
1346 2704 1455 2749 Mal.
1493 2709 1532 2759 1,
1567 2709 1622 2749 10
1654 2719 1719 2759 sq.

367 2896 418 2934 17
451 2905 673 2948 magnum
705 2891 870 2946 RAF;
901 2906 1122 2950 magnum
1154 2894 1224 2938 est
1253 2907 1278 2938 v
