2004 3140
579 171 645 202 DE
670 169 907 202 CIVITATE
931 170 1020 202 DEI
1044 171 1086 202 11.
1112 172 1238 203 xxn.
1263 169 1300 202 O.
1325 173 1357 204 6.
1698 158 1805 212 563

123 283 254 348 quod
295 285 357 333 sit
396 290 627 348 receptus
666 284 717 331 in
758 283 898 349 deOS,
945 284 1188 333 creditum
1229 290 1399 333 tenent
1438 283 1652 350 litterae,
1703 299 1802 332 non

121 357 303 407 sactum
335 357 528 406 docent.
605 356 761 406 Nullis
795 359 975 423 quippe
1016 373 1186 407 rerum
1226 357 1522 407 mirabilium
1562 359 1714 422 signis
1753 357 1803 406 id

121 433 165 480 ei
213 446 326 480 vere
373 432 658 496 provenisse
709 437 1027 481 monstratur.
1104 431 1240 496 Lupa
1280 434 1460 497 quippe
1501 431 1579 480 illa
1620 433 1803 497 nutrix,

120 505 251 569 quod
302 505 494 554 videtur
547 506 688 570 quasi
738 521 968 570 magnum
1027 507 1248 555 extitisse
1298 512 1608 571 portentum,
1661 505 1802 569 quale

121 587 205 629 aut
245 585 483 643 quantum
522 585 598 628 est
645 579 702 628 ad
751 579 1189 629 demonstrandum
1227 576 1410 629 deum‘?
1488 579 1632 628 Certe
1673 581 1802 627 enim

121 655 216 702 etsi
247 668 346 702 non
379 655 615 702 meretrix
648 653 740 702 suit
771 653 885 718 lupa
917 653 1011 720 illa,
1052 654 1138 703 sed
1176 653 1348 720 bestia,
1390 668 1503 701 cum
1544 668 1804 701 commune

121 728 271 776 fuerit
325 726 563 776 ambobus
579 767 592 793 ,
655 728 808 776 frater
869 734 1033 776 tamen
1089 730 1196 777 eius
1251 743 1350 776 non
1403 726 1613 776 habetur
1669 726 1804 775 deus

120 801 241 859 Quis
290 806 453 850 autem
500 800 780 865 prohibitus
832 809 908 850 est
962 808 1046 851 aut
1092 801 1356 851 Romulum
1408 807 1492 849 aut
1542 799 1806 849 Herculem

119 881 203 925 aut
246 874 367 923 alios
405 874 527 923 tales
566 875 791 924 homines
832 875 950 924 deos
990 875 1155 925 dicere
1195 883 1244 925 et
1283 877 1409 924 mori
1449 874 1619 923 maluit
1659 889 1805 938 quam

120 964 219 998 non
259 945 460 998 dicere?
536 950 633 998 Aut
671 965 788 998 vero
829 949 989 1014 aliqua
1028 952 1249 1014 gentium
1290 949 1474 998 coleret
1512 950 1643 997 inter
1682 948 1802 996 deos

121 1038 237 1081 suos
268 1022 547 1083 Romulum,
587 1024 682 1071 nisi
714 1023 919 1072 Romani
952 1026 1164 1073 nominis
1198 1030 1358 1072 metus
1392 1019 1626 1087 cogeret?
1680 1021 1802 1080 Quis

118 1111 268 1161 porro
310 1103 553 1163 numeret,
593 1112 738 1161 quam
778 1097 919 1146 multi
960 1098 1262 1162 quantalibet
1302 1099 1500 1146 saevitia
1541 1095 1802 1145 crudelita-

119 1172 180 1219 tis
251 1170 410 1219 occidi
479 1186 626 1234 quam
696 1171 947 1221 Christum
1016 1171 1171 1221 Deum
1241 1187 1420 1236 negare
1485 1166 1804 1219 maluerunt?

117 1243 330 1293 Proinde
370 1251 532 1294 metus
574 1244 841 1309 quamlibet
879 1245 999 1294 levis
1038 1246 1404 1311 indignationiS,
1445 1260 1567 1309 quae
1609 1236 1668 1292 ab
1702 1245 1801 1291 ani—

117 1319 210 1367 mis
250 1317 605 1385 Romanorum,
657 1321 698 1367 si
738 1335 836 1368 non
876 1320 1039 1386 fieret,
1084 1335 1229 1384 posse
1269 1318 1534 1384 putabatur
1575 1319 1804 1383 existere,

118 1391 439 1457 compellebat
493 1392 678 1457 aliquas
741 1395 962 1442 civitates
1023 1395 1207 1458 positas
1274 1392 1366 1442 sub
1420 1394 1528 1442 iure
1584 1391 1803 1440 Romano

118 1472 366 1530 tamquam
419 1466 566 1515 deum
621 1466 783 1516 colere
835 1467 1121 1534 Romulum3
1173 1483 1199 1516 a
1247 1467 1441 1516 Christo
1490 1472 1654 1515 autem
1703 1464 1803 1513 Deo

117 1555 216 1588 non
265 1539 423 1589 solum
470 1540 698 1607 colend0,
745 1556 917 1590 verum
965 1544 1111 1591 etiam
1159 1541 1437 1590 confitendo
1490 1546 1675 1589 tantam
1714 1553 1805 1603 per

117 1612 289 1662 orbem
320 1619 482 1662 terrae
515 1621 788 1679 martyrum
825 1615 1192 1665 multitudinem
1231 1622 1392 1664 metus
1431 1628 1663 1663 revocare
1703 1628 1803 1661 non

116 1689 278 1751 potuit
328 1702 426 1736 non
476 1687 596 1737 levis
647 1689 933 1738 offensionis
980 1691 1282 1750 animorum,
1331 1688 1416 1738 scd
1466 1689 1802 1736 inmensarum

117 1762 459 1825 variarumque
491 1776 763 1826 poenarum
796 1769 845 1811 et
883 1764 1038 1827 ipsius
1077 1765 1266 1829 mortis,
1307 1777 1431 1827 quae
1470 1761 1582 1826 plus
1622 1761 1802 1810 ceteris

118 1834 423 1884 formidatur.
500 1834 671 1900 Neque
728 1842 846 1885 tunc
894 1838 1063 1886 civitas
1111 1836 1321 1903 Christi,
1373 1837 1593 1900 quamvis
1641 1833 1800 1883 adhuc

117 1909 519 1973 peregrinaretur
564 1911 615 1958 in
664 1911 811 1959 terris
859 1916 908 1959 et
946 1910 1150 1960 haberet
1189 1917 1351 1962 tamen
1392 1923 1683 1973 magnorum
1722 1923 1800 1972 ag-

117 1983 248 2030 mina
294 1982 613 2050 populorum,
661 1983 896 2032 adversus
943 1986 1119 2049 impios
1166 1990 1514 2049 persecutores
1555 1997 1670 2032 suos
1709 1996 1800 2046 pro

120 2055 378 2119 temporali
417 2055 572 2105 salute
612 2059 868 2123 pugnavit3
908 2057 994 2106 sed
1033 2059 1224 2124 potius,
1263 2065 1318 2106 ut
1357 2057 1604 2106 obtineret
1644 2062 1798 2104 aeter-

118 2144 256 2195 nam,
307 2144 406 2178 non
452 2132 755 2194 repugnavit.
833 2130 1134 2195 Ligahantur
1179 2130 1581 2194 includebantur,
1632 2128 1800 2178 caede-

116 2202 298 2252 bantur
335 2203 711 2271 torquebantur,
750 2203 1022 2254 urebantur
1060 2204 1391 2271 laniabantur,
1428 2202 1802 2253 trucidabantur

117 2304 190 2311 —
222 2284 271 2325 et
311 2276 774 2341 multiplicabantur.
853 2277 961 2327 Non
1002 2286 1107 2328 erat
1145 2281 1217 2328 eis
1255 2294 1346 2344 pro
1387 2277 1542 2327 salute
1581 2291 1800 2342 pugnare

118 2351 211 2399 nisi
252 2349 458 2399 salutem
496 2366 587 2415 pro
629 2350 877 2400 Salvatore
917 2359 1249 2402 contemnere.

269 2423 381 2472 Scio
420 2425 471 2472 in
512 2423 637 2473 libro
679 2423 930 2475 Ciceronis
971 2428 1140 2492 tertio,
1180 2427 1275 2475 nisi
1314 2423 1476 2490 fallor,
1515 2424 1575 2472 de
1616 2439 1668 2472 re
1708 2439 1797 2487 pu-

235 2551 309 2606 30)
343 2549 392 2594 G.
426 2555 496 2596 23.

235 2732 262 2771 3
302 2740 407 2771 vere
445 2739 528 2771 om.
567 2727 612 2769 A
658 2727 673 2782 ΙΙ
722 2730 775 2770 18
814 2728 995 2770 tantum
1028 2761 1037 2771 .
1072 2759 1080 2767 .
1114 2728 1264 2770 terrae
1302 2727 1502 2783 populus
1540 2728 1798 2782 martyrum

118 2785 415 2830 multitudine
454 2786 612 2829 metufi
651 2783 743 2838 R¹,·
789 2786 972 2829 tantam
1012 2821 1021 2830 .
1063 2822 1071 2831 .
1111 2787 1263 2830 terrae
1292 2785 1492 2843 populus
1523 2785 1797 2842 martyrium

118 2844 418 2889 multitudine
457 2845 608 2888 metus
647 2842 728 2887 ΑΙ.
793 2844 859 2887 In
896 2844 1096 2900 populus
1128 2845 1401 2900 pullulandi
1439 2845 1621 2889 verbum
1660 2845 1796 2889 latere

119 2904 297 2949 videtur
329 2903 723 2961 (pullulantem?);
756 2903 812 2957 cf.
846 2907 952 2958 565,
982 2906 1164 2960 261120
1198 2903 1452 2948 occasionis
1483 2903 1530 2947 R

1349 2977 1441 3020 36*

1838 959 1892 998 10

1839 1328 1893 1368 15

1835 1698 1891 1738 20

1831 2434 1888 2474 30
