2044 3146
541 132 609 164 m]
633 131 874 164 01v1'rATE
895 133 984 165 DEI
1008 133 1050 165 L.
1074 134 1176 167 XVI.
1201 134 1238 166 e.
1262 136 1316 168 31.
1340 137 1393 168 32.
1705 128 1731 176 1

1742 124 1767 176 -d

1775 125 1809 178 Q!

756 314 950 369 CAPUT
980 315 1176 370 XXXI.

153 424 230 472 De
270 423 422 472 Isaac
459 424 736 472 secundum
769 426 1150 486 promissionem
1190 432 1332 487 nato,
1374 429 1462 475 cui
1498 441 1675 476 nomen
1716 442 1781 476 ex

437 499 546 546 risu
585 500 850 559 utriusque
880 502 1115 560 parentis
1155 506 1230 548 est
1269 502 1493 550 luditum.

270 601 389 650 Post
418 600 539 649 haec
573 607 716 650 natus
748 607 824 649 est
854 600 1077 651 Abrahae
1117 602 1393 652 seeundum
1432 605 1811 668 promissionem

122 675 211 725 Dei
250 676 310 725 de
352 675 499 724 Sarra
537 674 690 740 filius,
729 689 942 739 eumque
982 678 1251 726 nominavit
1290 677 1445 744 Isaac,
1488 677 1619 742 quod
1659 679 1808 727 inter·
1844 687 1869 726 5

121 756 346 815 pretatur
394 750 540 799 risus.
625 748 820 798 Riserat
866 751 995 799 enim
1045 756 1094 799 et
1140 758 1306 818 pater,
1362 751 1556 816 quando
1605 753 1650 800 ei
1698 767 1810 816 pro-

122 825 302 873 missus
342 830 433 890 est,
471 823 718 872 admirans
756 825 808 872 in
846 824 1045 891 gaudi03
1099 827 1279 874 riserat
1319 833 1367 874 et
1406 832 1577 887 mater,
1618 826 1812 890 quando

121 914 212 963 per
265 897 375 947 illos
429 904 532 946 tres
583 899 714 946 viros
772 899 956 947 iterum
1002 901 1278 963 promissus
1326 907 1427 964 est,
1481 899 1712 949 dubitans
1763 901 1814 948 in

122 972 320 1038 gaud103
353 973 575 1036 quamvis
609 970 938 1036 exprobrante
963 972 1150 1037 angele,
1186 973 1317 1038 quod
1350 976 1481 1023 risus
1513 973 1609 1039 ille,
1643 975 1811 1022 etiam·

123 1049 165 1096 si
196 1046 360 1110 gaudii
391 1046 499 1111 fuit,
537 1052 700 1094 tamen
732 1045 904 1110 plenae
946 1046 1059 1096 fidei
1098 1062 1198 1096 11011
1239 1047 1345 1114 fuit,
1383 1054 1497 1113 post
1535 1047 1594 1096 ab
1635 1046 1810 1096 eodem
1845 1055 1899 1095 10

123 1119 295 1185 angelo
345 1122 396 1168 in
443 1120 537 1168 fide
586 1122 731 1169 etiam
779 1120 1065 1169 confirmata
1112 1127 1202 1170 est.
1279 1121 1353 1171 Ex
1391 1122 1485 1171 1100
1526 1137 1644 1185 ergo
1684 1136 1810 1186 puer

123 1209 303 1244 nomen
344 1195 546 1258 accepit.
623 1193 744 1242 Nam
797 1194 928 1258 quod
968 1196 1098 1243 risus
1137 1194 1218 1244 ille
1259 1211 1359 1244 non
1399 1195 1458 1244 ad
1498 1194 1816 1244 inridendum

123 1267 457 1334 opprobrium,
499 1267 586 1316 sed
619 1267 677 1316 ad
710 1267 1060 1317 celebrandum
1091 1268 1325 1333 gaudium
1363 1268 1660 1336 pertinebat,
1699 1275 1813 1318 nato

122 1342 256 1391 Isaac
295 1349 345 1391 et
392 1357 449 1390 eo
502 1343 700 1391 nomine
740 1348 911 1391 vocato
954 1342 1100 1391 Sarra
1140 1345 1456 1409 monstravit3
1507 1345 1574 1392 ait
1613 1345 1817 1407 quippe:

125 1417 302 1466 Risum
356 1417 482 1464 mihi
528 1414 656 1477 feeit
710 1417 981 1473 Dominus;
1035 1420 1337 1478 quicumque
1390 1420 1522 1468 enim
1578 1419 1816 1478 audierit,
1853 1425 1906 1465 15

126 1491 468 1553 eouqaudebit
504 1492 638 1539 mihi.
719 1489 816 1539 Sed
854 1497 967 1554 post
1007 1491 1367 1555 aliquantulum
1406 1498 1603 1556 tempus
1643 1490 1818 1540 aneilla

127 1565 186 1614 de
220 1564 365 1613 domo
396 1565 574 1613 eicitur
606 1580 719 1613 eum
760 1563 858 1612 filio
899 1580 1004 1631 sue,
1045 1573 1094 1614 et
1132 1566 1228 1614 duo
1270 1565 1350 1614 illa
1390 1565 1664 1615 secundum
1705 1579 1819 1629 apo-

128 1638 310 1688 stolum
329 1644 634 1690 ,testamenta
666 1638 1020 1705 significantur,
1062 1647 1201 1689 vetus
1234 1647 1283 1689 et
1315 1655 1513 1706 novum,
1551 1638 1638 1688 ubi
1672 1638 1819 1687 Sarra

127 1711 207 1761 illa
257 1726 500 1777 supernae
547 1711 882 1778 Hierusalem,
936 1712 1029 1761 hoc
1082 1720 1159 1762 est
1197 1715 1406 1763 civitatis
1447 1713 1557 1780 Dei,
1613 1713 1819 1777 figuram

129 1787 269 1850 gerit.
1852 1796 1910 1838 20

746 1943 939 1999 CAPUT
977 1944 1200 1998 XXXII.

131 2052 208 2102 De
247 2054 562 2102 oboedientia
603 2059 651 2101 et
683 2054 788 2112 fide
827 2053 1083 2115 Abrahae,
1124 2067 1224 2114 qua
1258 2068 1356 2115 per
1396 2054 1694 2102 oblationem
1736 2052 1820 2100 ἰηι-

279 2128 503 2175 molcmdz'
534 2127 782 2189 probatus
822 2133 896 2175 est
930 2129 1039 2188 filii,
1081 2131 1130 2176 et
1168 2129 1230 2176 de
1269 2132 1430 2176 morte
1471 2127 1679 2176 Sarrae.

278 2229 412 2279 Inter
452 2229 598 2296 haee,
638 2245 762 2294 quae
803 2231 966 2279 omnia
1007 2245 1394 2280 commemorare
1434 2231 1580 2279 nimis
1620 2230 1822 2295 longum

131 2310 230 2370 est,
280 2310 550 2369 temptatur
596 2303 840 2354 Abraham
895 2304 954 2353 de
1010 2304 1306 2354 immolando
1354 2303 1674 2353 dilectissimo
1723 2303 1820 2352 filio
1856 2313 1911 2353 25

132 2379 238 2442 ipso
286 2377 441 2443 Isaac,
495 2384 552 2427 ut
598 2380 677 2443 pia
725 2379 832 2427 eius
883 2377 1198 2427 oboedientia
1236 2377 1555 2444 probaretur,
1612 2376 1822 2426 saeculis

134 2452 185 2500 in
223 2453 447 2501 notitiam
486 2452 798 2518 proferenda,
837 2466 936 2501 non
969 2451 1091 2500 Deo..
1162 2451 1333 2516 Neque
1375 2453 1506 2500 enim
1548 2453 1708 2499 omnis
1749 2458 1825 2499 est

135 2524 374 2590 culpanda
419 2527 700 2592 temptam,
747 2527 861 2590 quia
909 2532 959 2574 01
1005 2525 1292 2590 gratulanda
1332 2532 1436 2591 est,
1484 2539 1580 2588 qua
1619 2524 1674 2574 fit
1713 2538 1823 2588 pro·

256 2654 328 2708 10)
361 2651 472 2697 Gen.
508 2657 576 2709 18,
613 2658 680 2697 13.
745 2654 819 2710 16)
853 2653 964 2698 Gen.
999 2658 1070 2709 21,
1103 2657 1143 2698 6.
1209 2653 1280 2707 18)
1313 2652 1412 2696 Gal.
1447 2657 1488 2706 4,
1523 2655 1594 2696 26.

255 2818 308 2858 17
341 2814 397 2858 de
429 2827 512 2858 om.
545 2814 736 2871 Ruina
765 2828 848 2860 om.
881 2814 979 2860 RF
1013 2818 1029 2873 fl
1070 2820 1125 2859 20
1159 2814 1301 2873 gerit]
1334 2816 1463 2859 tenet
1493 2813 1538 2858 R
1561 2815 1576 2869 Η
1602 2818 1656 2857 23
1689 2813 1738 2858 effi
1768 2792 1827 2856 de

138 2872 285 2916 morte
319 2872 481 2917 Sarrae
514 2886 596 2918 om.
630 2874 680 2917 F
