2004 3140
538 152 607 184 DE
627 150 868 184 OIVITATE
892 150 981 182 DEI
1005 151 1047 182 L.
1072 151 1218 182 XVIII.
1242 150 1280 183 C.
1304 151 1358 183 45.
1689 137 1797 189 327

121 267 361 331 pontifex,
409 266 510 329 qui.
540 263 808 313 crudeliter
854 264 905 311 in
953 278 1069 312 suos
1109 278 1341 328 regnasse
1384 263 1608 312 traditur.
1685 262 1802 311 Post

120 340 252 390 hunc
285 354 409 389 uxor
441 339 547 387 eius
580 336 853 386 Alexandra
884 338 1055 401 regina
1087 335 1383 386 Iudaeorum
1414 337 1521 402 suit,
1560 351 1620 385 ex
1661 337 1803 385 cuius

120 421 340 478 tempore
389 411 624 476 deinceps
674 409 798 459 mala
850 417 967 459 sunt
1020 426 1104 460 eos
1161 418 1329 460 secuta
1380 413 1616 475 graviora.
1693 409 1805 458 Filii

115 488 299 552 quippe
332 485 478 535 huius
511 484 812 534 Alexandrae
852 483 1162 534 Aristobolus
1202 492 1252 534 et
1282 484 1539 549 Hyrcanus
1578 487 1709 533 inter
1749 500 1801 532 se

116 562 179 610 de
218 561 424 624 imperio
465 558 754 608 dimicantes
806 560 935 607 vires
975 551 1210 608 adversus
1248 558 1566 607 Israeliticam
1606 566 1802 623 gentem

117 648 444 699 provocavere
493 633 750 681 Romanas.
827 631 1085 697 Hyrcanus
1135 647 1346 696 namque
1398 631 1457 680 ab
1511 634 1581 681 eis
1634 638 1804 681 contra

118 709 322 757 fratrem
360 708 586 772 poposcit
625 706 872 756 auxilium.
950 706 1090 755 Tunc
1128 708 1225 755 iam
1265 706 1418 755 Roma
1459 705 1803 770 subiugaverat

117 781 354 847 Africam,
400 780 746 845 subiugaverat
794 780 1047 829 Graeciam
1092 780 1288 845 lateque
1336 782 1483 829 etiam
1524 779 1630 829 aliis
1670 778 1804 828 orbis

116 854 341 920 partibus
378 856 628 919 imperans
668 863 915 919 tamquam
964 870 1016 903 se
1056 857 1161 919 ipsa
1201 870 1300 904 non
1341 854 1505 903 valens
1546 854 1676 903 serre
1718 869 1804 902 sua

117 944 170 978 se
203 928 414 993 quodam
446 928 590 977 modo
624 928 958 993 magnitudine
993 928 1220 993 fregerat.
1290 928 1590 978 Pervenerat
1623 929 1804 992 quippe

114 1002 177 1051 ad
225 1002 493 1051 seditiones
541 1002 838 1051 domesticas
885 1017 1057 1066 graves
1105 1009 1251 1067 atque
1299 1002 1412 1051 inde
1464 1001 1522 1050 ad
1562 1001 1687 1050 bella
1727 1017 1803 1050 so-

114 1076 256 1126 cialia
287 1091 500 1140 moxque
533 1076 709 1142 civilia,
748 1083 1036 1140 tantumque
1078 1092 1129 1125 se
1171 1078 1529 1125 comminuerat
1569 1083 1618 1124 et
1656 1075 1803 1124 adtri-

122 1157 278 1216 verat,
325 1157 378 1199 ut
418 1152 463 1198 ei
503 1150 768 1199 mutandus
809 1152 882 1198 rei
919 1149 1144 1215 publicae
1185 1157 1366 1215 statUS,
1406 1166 1502 1214 quo
1544 1157 1804 1214 regeretur

117 1223 333 1289 regibuS,
371 1225 666 1273 immineret.
742 1223 1008 1288 Pompeius
1040 1239 1173 1290 ergo,
1211 1223 1380 1289 populi
1419 1223 1626 1272 Romani
1665 1238 1803 1288 prae·

116 1297 419 1347 clarissimus
457 1299 712 1363 princepS,
759 1297 987 1346 Iudaeam
1027 1313 1140 1347 cum
1181 1300 1403 1347 exercitu
1443 1299 1697 1362 ingressus
1738 1298 1803 1346 ci-

117 1373 317 1421 vitatem
365 1373 517 1436 capit,
566 1371 804 1436 templum
851 1380 1063 1438 reserat,
1114 1387 1212 1420 non
1254 1372 1512 1421 devotione
1554 1371 1804 1436 suppliciS,

112 1445 202 1494 sed
242 1447 350 1494 iure
391 1447 613 1511 victoriS,
653 1453 703 1494 et
742 1446 802 1494 ad
843 1452 1010 1495 sancta
1050 1454 1360 1511 sanctorum,
1400 1461 1497 1510 quo
1538 1447 1633 1494 nisi
1673 1461 1803 1494 sum-

117 1534 251 1568 mum
300 1519 606 1568 sacerdotem
654 1535 752 1568 non
799 1519 978 1568 licebat
1022 1521 1234 1586 intrare,
1286 1535 1384 1568 non
1436 1527 1489 1569 ut
1531 1526 1804 1584 venerator,

114 1593 203 1642 sed
243 1601 298 1646 ut
334 1593 621 1658 profanator
667 1593 880 1658 accedit3
929 1594 1317 1658 confirmatoque
1356 1593 1571 1658 Hyrcani
1609 1594 1802 1658 pontifi-

118 1673 230 1716 catu
270 1674 319 1716 et
359 1666 646 1731 subiugatae
686 1669 822 1731 genti
861 1669 1075 1732 inposito
1115 1668 1320 1717 custode
1360 1669 1639 1732 AntipatrO,
1680 1683 1804 1731 quos

117 1748 236 1790 tunc
283 1747 633 1805 procuratores
681 1739 939 1806 vocabant,
988 1743 1205 1790 vinctum
1252 1757 1422 1790 secum
1469 1739 1803 1790 Aristobolum

115 1815 265 1864 ducit.
340 1813 414 1862 Ex
461 1813 543 1862 illo
591 1813 757 1863 ludaei
805 1816 952 1863 etiam
1014 1810 1261 1864 trib'utarii
1307 1814 1643 1863 Romanorum
1694 1829 1802 1863 esse

117 1895 404 1952 coeperunt.
504 1887 680 1936 Postea
743 1887 942 1937 Cassius
1012 1890 1158 1937 etiam
1229 1888 1468 1953 templum
1530 1887 1803 1953 expoliavit.

119 1961 305 2010 Deinde
363 1972 476 2026 post
539 1977 724 2026 paucos
781 1969 935 2011 annos
986 1964 1133 2011 etiam
1184 1961 1432 2012 Herodem
1482 1962 1803 2026 alienigenam

112 2050 284 2100 regem
315 2034 498 2084 habere
530 2043 838 2102 meruerunt,
878 2051 975 2100 quo
1007 2045 1244 2101 regnante
1277 2043 1422 2086 natus
1462 2044 1538 2086 est
1563 2035 1802 2085 Christus.

116 2108 216 2158 lam
247 2111 379 2158 euim
410 2117 611 2159 venerat
640 2109 895 2174 plenitudo
929 2112 1164 2175 temporis
1205 2112 1472 2176 significata
1512 2110 1802 2175 prophetico

112 2184 294 2247 spiritu
348 2198 438 2248 per
493 2199 548 2232 os
604 2184 911 2248 patriarchae
951 2184 1122 2251 Iacob,
1170 2184 1255 2234 ubi
1301 2186 1389 2234 ait:
1446 2186 1556 2234 Non
1604 2186 1803 2243 deliciet

109 2259 352 2319 princeps
391 2273 457 2306 ex
497 2259 651 2316 Iuda,
699 2274 860 2320 neque
899 2261 1007 2308 dux
1047 2260 1110 2308 de
1142 2259 1422 2320 femoribus
1461 2261 1591 2317 eim,
1643 2260 1803 2307 donec

118 2333 287 2379 veniat
338 2334 427 2380 cuz·
478 2335 749 2394 repositum
804 2339 905 2392 est,
968 2339 1017 2382 et
1070 2335 1175 2395 ipse
1228 2335 1512 2396 expectatio
1563 2334 1802 2393 qentium.

1842 937 1895 975 10

1841 1306 1893 1345 15

1836 1677 1893 1715 20

1837 2044 1891 2083 25

112 2402 223 2452 Non
264 2419 381 2469 ergo
420 2405 576 2454 defuit
607 2405 900 2456 ludaeorum
939 2408 1170 2471 princeps
1210 2423 1270 2456 ex
1308 2406 1501 2455 Iudaeis
1541 2420 1699 2469 usque
1740 2405 1798 2453 ad
1834 2414 1892 2453 30

117 2479 267 2526 istum
321 2477 596 2540 Herodem,
653 2495 800 2544 quem
856 2482 1071 2545 primum
1126 2486 1427 2546 acceperunt
1480 2479 1802 2543 alienigenam

118 2566 297 2615 regem.
374 2552 591 2618 Tempus
630 2569 748 2618 ergo
787 2555 884 2602 iam
924 2561 1044 2619 erat,
1083 2561 1139 2603 ut
1177 2556 1368 2603 veniret
1406 2552 1501 2618 ille,
1542 2554 1623 2601 cui
1661 2567 1801 2616 repo-

119 2626 266 2688 situm
307 2634 426 2686 erat,
467 2627 598 2691 quod
631 2643 756 2676 novo
796 2629 1096 2692 promissum
1136 2636 1213 2677 est
1252 2635 1563 2691 testamento,
1605 2633 1656 2675 ut
1696 2627 1802 2690 ipse

233 2741 311 2794 29)
343 2739 454 2783 Gen.
488 2745 559 2795 49,
595 2745 660 2785 10.

235 2891 260 2929 3
294 2885 510 2944 deinceps
542 2887 660 2941 RF;
692 2891 740 2932 et
771 2888 986 2945 deinceps
1019 2888 1091 2933 Av
1115 2890 1130 2945 ΙΙ
1154 2893 1179 2932 9
1212 2888 1315 2945 ipsa
1346 2887 1463 2940 RA;
1493 2886 1645 2943 ipsam
1676 2885 1752 2930 Fv
