2054 3152
142 1077 197 1117 10

142 1475 197 1513 15

141 1843 197 1882 20

142 2209 198 2249 25

235 150 339 202 156
904 161 938 195 s.
962 161 1235 196 AUGUSTINI

230 289 328 323 non
379 281 599 341 caveret,
651 276 804 339 magis
855 280 1118 339 temptaret
1167 273 1352 340 Deum,
1403 288 1549 337 quam
1597 280 1823 338 speraret
1870 274 1923 322 in

230 347 400 397 Deum.
477 347 546 397 De
596 363 691 412 qua
738 363 792 397 re
841 355 1014 397 contra
1061 348 1439 396 calumniantem
1489 346 1726 396 Faustum
1773 346 1926 395 Mani—

231 421 437 470 chaeum
477 423 595 470 satis
636 421 862 471 diximus,
941 421 1164 486 Denique
1204 421 1387 470 factum
1428 427 1517 486 est,
1557 419 1687 485 quod
1727 420 1789 477 de
1827 419 1921 468 Do·

231 496 364 543 mino
421 497 756 560 praesumpsit
810 494 1067 544 Abraham.
1144 494 1266 543 Nam
1323 494 1510 542 Pharao
1567 509 1655 542 rex
1701 494 1925 559 Aegypti,

233 570 318 631 qui
357 583 466 616 eam
514 568 607 617 sibi
654 584 862 618 uxorem
901 575 1179 635 acceperat,
1228 570 1455 632 graviter
1481 567 1707 616 adflictus
1746 569 1924 616 marito

230 641 456 691 reddidit.
534 641 627 690 Ubi
674 641 802 691 absit
846 649 903 691 ut
950 642 1210 691 credamus
1263 641 1421 690 alieno
1462 639 1729 690 concubitu
1770 641 1926 690 fuisse

231 714 488 782 pollutam,
537 717 651 780 quia
697 715 852 765 multo
905 722 981 765 est
1020 714 1329 780 credibiliuS‚
1379 714 1476 763 hoc>
1511 713 1818 762 Pharaonem
1857 713 1924 762 sa-

231 803 344 837 cere
385 788 748 838 adflictionibus
790 791 979 854 magnis
1022 805 1119 838 non
1160 789 1312 837 fuisse
1353 789 1664 852 permissum.

906 960 1099 1015 CAPUT
1138 961 1255 1014 XX.

230 1068 306 1117 De
343 1071 624 1118 secessione
663 1069 791 1119 Loth
831 1075 879 1119 et
918 1069 1174 1135 Abrahae,
1213 1083 1345 1130 quae
1386 1070 1482 1118 illis
1519 1071 1661 1117 salva
1702 1069 1926 1117 caritate

924 1145 1226 1206 conplacuit.

378 1244 595 1294 Reverso
642 1247 793 1310 igitur
833 1245 1077 1294 Abraham
1126 1260 1186 1294 ex
1225 1244 1443 1309 Aegypto
1493 1245 1544 1292 in
1583 1243 1747 1293 locum
1787 1244 1919 1293 unde

229 1324 451 1385 venerat,
498 1334 630 1368 nunc
669 1318 796 1368 Loth
854 1319 1019 1368 fratris
1058 1318 1188 1368 filius
1228 1317 1287 1367 ab
1326 1317 1408 1367 illo
1449 1319 1499 1366 in
1538 1326 1723 1366 terram
1764 1316 1917 1366 Sodo-

230 1407 424 1441 morum
457 1392 586 1441 salva
618 1394 820 1442 caritate
854 1393 1094 1442 discessit.
1173 1391 1355 1441 Divites
1395 1393 1577 1456 quippe
1618 1392 1735 1440 facti
1774 1400 1918 1440 eraut

230 1471 552 1530 pastoresque
587 1466 766 1516 multos
804 1481 1042 1531 pecorum
1082 1464 1262 1514 habere
1304 1473 1583 1531 coeperant,
1624 1464 1803 1530 quibus
1842 1467 1917 1514 in-

229 1547 307 1588 ter
346 1554 398 1588 se
447 1539 721 1589 rixantibus
768 1555 826 1589 eo
873 1540 1017 1589 modo
1068 1539 1358 1588 familiarum
1400 1554 1601 1588 suarum
1639 1554 1916 1604 pugnacem

230 1611 525 1662 discordiam
586 1615 875 1663 vitaverunt.
967 1613 1168 1662 Poterat
1229 1615 1411 1678 quippe
1474 1612 1619 1678 hinc,
1681 1620 1736 1661 ut
1798 1619 1915 1661 sunt

228 1685 454 1752 humana,
487 1689 634 1736 etiam
664 1689 796 1736 inter
827 1689 960 1752 ipsos
993 1687 1153 1751 aliqua
1185 1688 1291 1735 rixa
1321 1701 1636 1750 consurgere.
1699 1685 1913 1735 Proinde

229 1759 321 1808 hoc
354 1760 534 1809 malum
566 1763 904 1826 praecaventis
936 1758 1158 1810 Abrahae
1199 1759 1348 1809 verba
1386 1761 1479 1809 ista
1519 1767 1636 1809 sunt
1675 1759 1734 1808 ad
1765 1758 1917 1809 Loth:

232 1835 341 1882 Non
386 1837 454 1883 εῖτ
500 1837 623 1883 rixa
670 1837 804 1884 inter
851 1849 928 1885 me
975 1841 1024 1884 et
1061 1841 1131 1901 te,
1171 1841 1221 1884 et
1259 1837 1391 1884 inter
1423 1841 1658 1897 pastores
1696 1848 1830 1883 meos
1869 1839 1918 1883 et

231 1910 363 1956 inter
409 1914 644 1970 pastores
699 1914 832 1969 tuOS,
887 1912 1009 1970 quia
1063 1910 1286 1958 homines
1335 1907 1533 1969 fratres
1587 1921 1677 1957 nos
1730 1922 1915 1956 sumus.

230 1982 406 2030 Nonne
452 1996 572 2030 ecce
618 1987 722 2031 tota
769 1988 913 2032 terra
962 1987 1079 2031 ante
1126 1988 1174 2031 te
1220 1983 1324 2031 est?
1386 1982 1603 2030 Discede
1650 1995 1682 2029 a
1731 1994 1808 2029 me
1818 1998 1837 2038 ;
1875 1983 1924 2028 se·

231 2059 283 2102 tu
323 2056 375 2103 in
413 2057 694 2121 sinistram,
742 2069 832 2116 eqo
881 2058 933 2104 in
973 2058 1208 2104 dextram
1215 2072 1236 2112 ,·
1282 2057 1360 2103 vel
1394 2057 1442 2102 si
1476 2060 1529 2103 tu
1570 2056 1621 2102 2'n
1662 2056 1914 2115 dextram,

231 2141 323 2187 eqo
370 2130 421 2176 in
468 2130 742 2177 sinistram.
820 2127 945 2177 Hinc
997 2128 1220 2176 fortassis
1260 2128 1432 2176 effecta
1473 2134 1548 2176 est
1587 2122 1718 2175 inte‘r
1757 2126 1911 2175 homi—

230 2214 320 2249 nes
370 2201 571 2264 pacifica
618 2201 951 2267 consuetudo,
1001 2207 1077 2267 ut,
1128 2201 1323 2265 quando
1371 2207 1686 2249 terrenorum
1737 2199 1920 2265 aliquid

232 2273 546 2338 partiendum
587 2281 676 2335 est,
716 2276 872 2324 maior
911 2273 1107 2341 dividat,
1145 2276 1307 2322 minor
1347 2273 1505 2339 eligat.

351 2401 396 2455 3)
427 2400 477 2445 L.
521 2405 575 2444 22
609 2414 645 2445 e.
680 2406 750 2446 36.
815 2403 858 2457 6)
891 2399 1003 2445 Gen.
1042 2406 1116 2457 1-2,
1151 2405 1222 2446 2ο.
1287 2403 1360 2456 24)
1394 2400 1505 2446 Gen.
1543 2405 1619 2456 13,
1660 2404 1686 2444 s
1719 2414 1785 2456 sq.
1849 2401 1935 2457 26).

218 2458 393 2528 'Seneca
427 2460 632 2504 controv.
668 2465 707 2516 6,
741 2465 766 2503 3

350 2625 403 2664 21
440 2624 487 2665 et
516 2621 638 2665 inter
669 2622 879 2678 pastores
910 2623 1016 2665 tuos
1059 2621 1197 2665 VRF
1223 2634 1305 2666 sec.
1339 2620 1529 2676 Graec.;
1560 2621 1683 2666 inter
1715 2634 1800 2666 om.
1832 2634 1859 2665 v
