2004 3140
132 1173 185 1213 10

128 1541 182 1580 15

123 1908 179 1948 20

122 2277 175 2316 25

223 153 332 205 462
913 161 947 194 s.
971 159 1246 195 Aoeoszrnu

225 285 272 326 et
318 279 368 325 in
418 276 556 325 malis
607 274 827 324 membra
880 275 955 323 vel
1014 275 1248 324 cadavera
1295 277 1633 324 nominantur:
1683 274 1906 339 profecto

221 358 333 415 post
379 351 798 399 resurrectionem
845 351 1029 415 carniS,
1077 351 1218 398 cuius
1264 349 1385 398 fides
1434 349 1510 398 his
1558 363 1727 397 rerum
1767 362 1907 397 voca·

222 423 351 473 bulis
390 426 589 473 omnino
629 424 874 489 firmatur,
920 422 1062 484 illud,
1112 437 1209 487 quo
1255 422 1373 471 boni
1413 431 1462 472 et
1501 422 1614 471 mali
1654 423 1757 471 suis
1796 422 1903 470 fini-

222 498 314 546 bus
355 498 666 564 dirimentur,
706 498 930 546 futurum
970 512 1077 546 esse
1117 495 1352 546 iudicium
1393 497 1683 546 declaratur.

862 730 1060 784 CAPUT
1093 730 1265 783 XXII.

228 839 402 897 ‚Qualis
430 838 613 900 futw‘a
644 842 710 889 sit
741 842 962 902 eqressio
997 845 1291 888 sanctorum
1331 840 1403 888 ad
1438 840 1682 888 videndas
1715 853 1908 900 poenas

936 916 1196 963 malorum.

369 1016 465 1065 Sed
507 1032 604 1081 quo
646 1017 790 1065 modo
831 1001 1148 1081 egredientur
1196 1016 1312 1064 boni
1353 1016 1411 1064 ad
1451 1015 1684 1065 videndas
1722 1030 1906 1080 poenas

219 1087 495 1139 malorum?
571 1090 820 1154 Numquid
871 1093 1094 1155 corporis
1142 1098 1279 1139 motu
1329 1089 1497 1138 beatas
1536 1089 1643 1139 illas
1682 1089 1906 1139 relicturi

218 1171 335 1213 sunt
385 1164 527 1213 sedes
584 1172 634 1213 et
680 1164 739 1212 ad
786 1164 892 1213 loca
941 1164 1160 1229 poenalia
1207 1165 1511 1230 perrecturi,
1563 1170 1618 1213 ut
1665 1163 1906 1213 malorum

217 1245 464 1287 tormenta
526 1240 832 1302 conspiciant
894 1240 1172 1303 praesentia
1235 1235 1518 1302 corporali?
1594 1237 1755 1303 Absit3
1817 1236 1904 1286 sed

218 1311 534 1375 egredientur
581 1327 670 1376 per
722 1314 992 1361 scientiam.
1069 1311 1173 1360 Hoc
1214 1313 1346 1359 enim
1384 1310 1534 1359 verbo
1576 1312 1904 1375 significatum

217 1392 293 1433 est
332 1400 417 1433 eos
458 1387 543 1449 qui
576 1385 932 1434 cruciabuntur
972 1391 1109 1435 extra
1148 1385 1357 1434 futuros.
1434 1385 1646 1450 Propter
1686 1385 1817 1449 quod
1854 1391 1905 1433 et

216 1458 453 1507 Dominus
506 1474 561 1507 ea
610 1458 716 1508 loca
767 1458 996 1508 tenebras
1045 1460 1318 1507 exteriores
1358 1466 1519 1524 vocat,
1568 1458 1747 1522 quibus
1788 1473 1902 1507 con-

216 1534 399 1581 trarius
440 1539 516 1581 est
554 1532 634 1580 ille
674 1534 943 1596 ingressus,
985 1533 1043 1581 de
1086 1547 1183 1596 quo
1224 1532 1404 1581 dicitur
1445 1547 1586 1580 servo
1626 1531 1777 1581 bono:
1818 1533 1901 1582 In-

215 1612 298 1654 tra
347 1609 397 1654 in
443 1608 691 1667 qaudium
731 1607 935 1656 Domini
979 1609 1081 1664 tu2';
1127 1621 1188 1654 ne
1235 1605 1351 1655 illuc
1399 1606 1512 1654 mali
1550 1611 1790 1670 putentur
1829 1607 1901 1655 in·

214 1679 369 1744 gredi,
409 1687 464 1728 ut
497 1681 729 1742 sciantur,
771 1681 857 1729 sed
890 1681 949 1729 ad
981 1680 1090 1728 illos
1119 1682 1284 1743 potius
1318 1679 1451 1729 velut
1484 1681 1650 1744 egredi
1683 1681 1901 1746 scientia,

215 1768 311 1816 qua
357 1768 441 1801 eos
497 1755 744 1817 cognituri
799 1761 937 1819 sunt,
992 1753 1132 1820 boni,
1188 1756 1301 1818 quia
1355 1754 1404 1803 id
1456 1753 1586 1817 quod
1638 1759 1776 1802 extra
1826 1759 1902 1802 est

213 1828 460 1890 cognituri
510 1835 639 1876 sunt.
719 1827 814 1885 Qui
863 1829 994 1876 enim
1043 1835 1189 1876 erunt
1238 1830 1290 1875 in
1329 1829 1523 1893 poeniS,
1571 1826 1689 1891 quid
1729 1834 1901 1891 agatur

212 1901 346 1948 intus
392 1902 444 1948 in
490 1900 666 1964 gaudio
715 1901 910 1950 Domini
957 1903 1202 1966 nescient3
1251 1903 1335 1965 qui
1383 1916 1497 1949 vero
1540 1907 1688 1950 erunt
1726 1902 1776 1949 in
1815 1899 1898 1948 illo

210 1973 416 2039 gaudiO,
473 1974 591 2037 quid
647 1982 819 2038 agatur
874 1976 993 2023 foris
1049 1976 1099 2022 in
1153 1974 1249 2022 illis
1296 1974 1516 2023 tenebris
1569 1973 1898 2023 exterioribus

211 2048 381 2096 scient.
458 2047 573 2096 Ideo
629 2047 816 2097 dictum
870 2055 967 2097 est:
1023 2049 1395 2109 Eqredientur,
1453 2050 1567 2112 quia
1614 2063 1698 2096 eos
1750 2049 1897 2096 etiam

211 2134 335 2182 quae
391 2121 511 2169 foris
567 2120 626 2168 ab
674 2123 745 2169 eis
794 2128 942 2170 erunt
989 2123 1160 2185 utique
1208 2137 1309 2169 non
1357 2121 1595 2170 latebunt.
1675 2120 1726 2169 Si
1767 2122 1898 2170 enim

209 2192 329 2240 haec
383 2193 653 2258 prophetae
709 2194 928 2242 nondum
975 2195 1101 2243 facta
1148 2209 1292 2243 nosse
1338 2201 1610 2258 potuerunt
1658 2209 1749 2258 per
1787 2194 1897 2260 hoc,
1969 2219 1976 2222 -

211 2265 342 2329 quod
382 2273 488 2315 erat
526 2266 686 2332 DeuS,
735 2267 1242 2331 quantulumcumque
1283 2274 1412 2333 erat,
1461 2269 1512 2315 in
1553 2282 1725 2316 eorum
1765 2282 1894 2315 mor·

208 2338 378 2388 talium
424 2339 696 2389 mentibus:
752 2356 848 2404 quo
897 2340 1041 2388 modo
1090 2340 1374 2389 inmortales
1422 2342 1578 2388 sancti
1624 2342 1719 2389 iam
1767 2341 1894 2389 facta

208 2420 326 2461 tunc
366 2415 604 2480 nescient,
644 2428 757 2462 cum
795 2413 927 2462 Deus
969 2415 1063 2462 erit
1102 2415 1263 2462 omnia
1302 2415 1353 2462 in
1393 2411 1657 2464 omnibus?
1736 2412 1894 2462 Stabit

210 2501 324 2550 ergo
371 2488 421 2535 in
469 2486 548 2535 illa
596 2487 899 2536 beatitudine
947 2494 1230 2536 sanctorum
1277 2502 1446 2536 semen
1487 2494 1534 2536 et
1574 2502 1777 2553 nomen,
1818 2502 1892 2536 se-

208 2574 320 2608 men
361 2560 550 2610 scilicet
589 2560 649 2609 de
690 2577 786 2624 quo
827 2560 1067 2609 Iohannes
1108 2563 1194 2610 ait:
1234 2561 1300 2609 Et
1337 2575 1503 2610 semen
1544 2564 1651 2610 eius
1693 2564 1742 2610 in
1783 2563 1889 2622 ipso

330 2703 400 2757 14)
432 2702 514 2746 Mt.
549 2706 619 2757 25,
652 2707 720 2747 30.
788 2705 858 2758 16)
890 2702 955 2746 Ib.
990 2706 1059 2746 21.
1123 2703 1198 2757 27)
1235 2708 1271 2747 1.
1307 2701 1405 2747 Cor.
1443 2707 1510 2758 15,
1545 2707 1613 2746 28.

325 2896 379 2935 23
414 2905 530 2947 quae
562 2892 749 2937 RParr.
781 2894 1012 2948 „peiores“
1046 2894 1125 2948 (‘?),·
1157 2893 1235 2947 qui
1266 2894 1338 2937 Av
