2004 3140
191 146 299 200 388
592 155 595 158 ⁴
867 154 902 188 s,
926 153 1201 188 Aucus'rm

194 278 243 321 et
283 269 412 336 quod
445 270 690 318 invenerit
720 283 780 316 ne
814 267 955 317 alteri
993 267 1220 318 invideat.
1298 268 1352 317 In
1391 270 1582 318 actione
1622 283 1738 318 vero
1778 284 1879 318 non

195 344 430 395 amandus
478 350 553 392 est
602 342 762 391 honor
811 343 863 390 in
913 341 1003 390 hac
1052 343 1151 391 vita
1197 344 1296 392 sive
1347 344 1597 408 potentia,
1651 344 1883 407 quoniam

195 419 358 468 omnia
395 432 518 481 vapa
558 416 650 466 sub
690 415 819 481 sole,
860 414 946 465 sed
986 430 1112 480 opus
1152 418 1330 483 ipsum,
1370 416 1500 482 quod
1540 432 1630 481 per
1671 417 1883 467 eundem

194 494 435 541 honorem
473 491 550 540 vel
587 492 859 556 potentiam
898 490 978 556 fit,
1029 491 1071 538 si
1118 497 1255 540 recte
1295 497 1441 555 atque
1481 491 1670 540 utiliter
1702 491 1782 557 fit,
1832 491 1883 540 id

135 576 160 616 5
195 573 285 631 est,
323 572 378 615 ut
409 564 564 615 valeat
597 564 657 613 ad
690 580 797 614 eam
829 564 1039 614 salutem
1078 563 1404 632 subditorum,
1444 581 1567 630 quae
1609 565 1882 614 secundum

195 641 352 689 Deum
407 646 503 706 est;
564 638 695 688 unde
752 641 847 688 iam
909 639 1140 704 superius
1202 639 1572 704 disputavimus,
1671 639 1883 705 Propter

196 714 328 779 quod
376 715 443 763 ait
491 713 765 778 apostolus:
827 715 928 773 Qui
973 715 1317 776 episcopatum
1367 715 1648 774 desiderat,
1705 715 1902 763 bonum·

195 803 319 851 opus
374 789 645 838 desiderat.
738 786 1000 852 Exponere
1057 787 1211 837 voluit
1266 787 1383 852 quid
1438 789 1502 836 sit
1558 789 1885 854 episcopatus»,

197 864 311 927 quia
350 877 530 922 nomen
570 868 646 911 est
684 863 873 928 operiS,
922 876 1022 910 non
1060 861 1279 910 honoris
1357 860 1600 911 Graecum
1640 867 1715 911 est
1753 863 1886 911 enim

108 947 167 988 10
199 942 345 1000 atque
391 935 506 984 inde
553 934 758 985 ductum
805 935 1121 1002 vocabulum,
1167 935 1299 1000 quod
1346 934 1428 985 ille
1477 937 1562 1000 qui
1600 936 1885 1000 praeficitur

199 1012 270 1059 eis
311 1009 490 1074 quihus
529 1010 817 1075 praeficitur
856 1009 1236 1076 superintendit,
1275 1025 1446 1059 curam
1485 1009 1673 1059 scilicet
1711 1025 1885 1059 eorum

196 1099 397 1150 gerens3
448 1078 632 1143 σκοπὸς
679 1086 860 1148 quippe
911 1085 1121 1133 intentio
1175 1090 1270 1150 est3
1323 1099 1440 1149 ergo
1492 1082 1796 1146 ἐπισκοπεῖν,
1845 1086 1888 1133 si

195 1157 417 1219 velimUS,
457 1156 627 1207 Latine
669 1158 1082 1223 superintendere
1122 1173 1405 1223 possumus·
1429 1158 1612 1224 dicere,
1650 1163 1707 1207 ut
1744 1158 1885 1207 intel-

198 1231 326 1296 legat
366 1247 463 1280 nou
505 1247 557 1280 se
598 1246 707 1280 esse
748 1233 1059 1299 episcopum,
1099 1234 1186 1296 qui
1222 1247 1454 1297 praeesse
1495 1231 1748 1298 dilexerit,
1787 1247 1887 1281 non

109 1316 164 1356 15
196 1305 447 1371 prodesse.
526 1305 695 1370 Itaque
743 1305 802 1354 ab
855 1306 1018 1355 studio
1070 1306 1441 1371 cognoscendae
1483 1307 1702 1355 veritatis
1742 1321 1886 1355 nemo

195 1378 511 1444 prohibetur,
563 1379 695 1444 quod
739 1380 798 1428 ad
837 1379 1078 1429 laudabile
1116 1381 1334 1445 pertinet
1373 1381 1550 1445 otium;
1589 1379 1729 1429 locus
1770 1395 1886 1428 vero

197 1455 440 1519 superior,
482 1454 586 1501 sine
620 1468 718 1517 quo
751 1455 856 1518 regi
886 1453 1100 1519 populus
1133 1469 1232 1502 non
1264 1460 1442 1519 potest,
1485 1455 1578 1502 etsi
1617 1455 1685 1502 ita
1723 1459 1886 1503 tenea-

196 1533 280 1576 tur
320 1533 465 1591 atque
507 1526 878 1577 administretur
918 1534 973 1577 ut
1013 1527 1169 1594 decet,
1208 1534 1373 1577 tamen
1412 1527 1703 1576 indecenter
1742 1542 1887 1593 appe-

197 1602 332 1650 titur.
412 1600 569 1658 Quam
609 1600 670 1649 ob
704 1616 810 1650 rem
850 1603 1006 1651 otium
1045 1607 1271 1652 sanctum
1313 1603 1506 1666 quaerit
1544 1603 1723 1651 caritas
1762 1603 1887 1651 veri-

109 1685 165 1726 20
199 1676 335 1740 tatis3
380 1677 632 1739 negotium
664 1676 851 1724 iustum
884 1677 1089 1741 suscipit
1120 1677 1390 1725 necessitas
1423 1677 1654 1725 caritatis,
1703 1675 1889 1733 ‘Quam

198 1750 442 1797 sarcinam
489 1750 530 1797 si
581 1748 747 1799 nullus
786 1751 1000 1816 inponit,
1048 1750 1395 1815 percipiendae
1436 1756 1582 1814 atque
1621 1749 1888 1798 intuendae

196 1823 468 1872 vacandum
500 1829 576 1871 est
605 1825 821 1889 veritati3
863 1825 904 1872 si
943 1830 1110 1873 autem
1148 1825 1419 1890 inponitur,
1460 1822 1775 1889 suscipienda
1815 1830 1890 1873 est

196 1902 402 1962 propter
435 1898 652 1946 caritatis
685 1899 1054 1963 necessitatem,
1096 1897 1182 1947 sed
1214 1913 1306 1947 nec
1341 1899 1410 1947 sic
1451 1899 1586 1946 omni
1624 1897 1770 1946 modo
1810 1912 1887 1946 ve-

172 1972 357 2019 ·ritatis
397 1970 655 2020 delectatio
696 1970 970 2020 deserenda
1011 1979 1108 2038 est,
1149 1987 1210 2020 ne
1251 1971 1570 2022 subtrahatur
1609 1970 1690 2020 illa
1730 1972 1889 2020 suavi·

109 2054 166 2095 25
198 2050 272 2093 tas
314 2051 362 2094 et
401 2046 644 2110 opprimat
682 2046 775 2094 ista
815 2048 1098 2095 necessitas,

869 2202 1063 2257 CAPUT
1102 2203 1218 2257 XX.

305 2297 450 2355 Quod
487 2299 620 2346 cives
657 2301 952 2345 sanctorum
992 2299 1045 2345 in
1085 2299 1218 2345 vitae
1256 2297 1405 2356 huius
1445 2301 1666 2358 tempore
1702 2311 1790 2358 spe

900 2372 1038 2419 beati
1082 2373 1194 2419 sint.

355 2458 513 2516 Quam
544 2457 606 2507 ob
638 2473 745 2507 rem
785 2473 1032 2507 summum
1073 2457 1258 2507 bonum
1298 2459 1506 2508 civitatis
1546 2457 1635 2507 Dei
1675 2473 1787 2508 cum
1827 2459 1891 2507 sit

115 2544 170 2584 30
201 2548 297 2599 pax
332 2540 531 2582 aeterna
563 2538 708 2597 atque
741 2533 974 2598 perfecta,
1014 2547 1115 2581 non
1145 2547 1235 2597 per
1275 2547 1421 2597 quam
1459 2531 1692 2581 mortales
1730 2538 1887 2581 trans-

325 2647 368 2701 ss)
403 2645 451 2689 C.
485 2651 523 2690 6.
587 2646 633 2701 8)
668 2650 705 2688 1.
739 2645 856 2691 Tim.
890 2650 931 2700 3,
966 2650 1005 2690 1.

328 2784 349 2821 1
385 2791 442 2822 ne
475 2778 611 2822 alteri
641 2777 875 2822 RAParr.
901 2778 1072 2834 plerr.;
1103 2778 1262 2822 teneat:
1293 2778 1340 2821 et
1371 2776 1509 2821 alteri
1541 2790 1635 2820 non
1663 2790 1689 2821 v
1713 2778 1729 2832 ΙΙ
1755 2781 1807 2820 12
1839 2779 1892 2820 ut

207 2838 379 2940 {cgitgrv
396 2836 558 2891 RAL,·
606 2833 682 2881 ἐπὶ
725 2837 897 2894 quippe
941 2850 1099 2894 super,
1141 2833 1313 2887 σκοπὸς
1344 2850 1452 2881 vero
1484 2835 1683 2879 intentio
1716 2836 1786 2879 est
1815 2848 1841 2880 v
1874 2834 1889 2890 ΙΙ
