2054 3152
134 947 191 988 10

133 1316 190 1356 15

102 1687 192 1734 ι20

135 2054 193 2094 25

222 150 328 202 162
857 195 861 199 .
892 157 927 191 s.
950 157 1227 194 AUGUSTINI

221 274 381 324 adhuc
419 288 517 322 non
559 272 807 338 crederet3
855 271 940 321 sed
981 273 1069 321 ait:
1124 273 1413 322 Secundum
1452 275 1577 334 quid
1612 275 1804 323 sciam?
1850 280 1918 323 ut.

221 350 268 398 ei
307 349 396 414 rei,
437 362 582 411 quam
615 346 905 412 crediderat,
945 345 1105 410 aliqua
1137 346 1403 395 similitudo
1437 346 1768 412 adhiberetur,
1809 361 1905 411 qua

223 424 330 472 eius
381 421 557 470 modus
606 427 980 486 agnosceretur3
1035 421 1166 469 sicut
1214 435 1312 469 non
1361 427 1436 470 est
1482 422 1687 486 virginis
1725 420 1915 470 Mariae·

223 495 494 544 diffidentia
533 494 664 559 quod
705 496 792 544 ait:
839 496 946 554 Quo
971 496 1115 544 modo
1151 496 1243 555 fiet
1279 497 1428 555 istud,
1468 498 1704 556 quoniam
1743 497 1910 543 virum

223 584 323 620 non
363 571 646 630 coquosco?
685 568 817 633 quod
857 569 989 617 enim
1028 568 1253 617 futurum
1293 575 1438 634 esset,
1478 575 1614 618 certa
1638 575 1763 634 erat3
1803 583 1904 616 mo-

224 644 341 694 dum
381 658 482 708 quo
522 643 664 692 fieret
702 641 1007 708 inquirebat,
1046 648 1095 691 et
1133 641 1227 691 hoc
1274 657 1386 691 cum
1436 644 1730 709 quaesisset,
1771 642 1905 691 audi-

220 719 289 767 vit
329 734 424 766 —-:
464 716 676 781 denique
719 723 768 766 et
806 716 886 765 hic
927 715 1194 765 similitudo
1235 715 1345 765 data
1389 723 1464 765 est
1502 717 1562 765 de
1603 715 1914 783 animalibUS,

221 793 426 841 iuvenca
474 797 524 840 et
570 805 715 855 capra
756 797 805 839 et
843 791 995 839 ariete
1037 796 1086 838 et
1125 789 1315 838 duabus
1354 789 1659 851 volucribuS,
1712 797 1907 840 turture

224 872 273 915 et
313 864 553 930 columba,
592 870 649 913 ut
688 863 962 912 secundum
994 863 1114 912 haec
1148 864 1373 912 futurum
1406 865 1571 930 sciret,
1612 864 1743 927 quod
1775 864 1907 914 futu-

224 955 336 988 rum
385 953 493 987 esse
540 940 638 986 iam
686 953 784 986 non
833 937 1116 1001 ambigeret.
1197 936 1308 986 Sive
1357 952 1475 1002 ergo
1514 953 1604 1002 per
1651 940 1913 987 iuvencam.

222 1013 493 1077 significata
531 1013 595 1061 sit
633 1011 773 1076 plebs
811 1013 970 1076 posita
1010 1010 1102 1060 sub
1141 1013 1255 1076 iugo
1295 1010 1432 1078 legiS,
1471 1027 1562 1076 per
1595 1027 1789 1077 capram
1831 1026 1908 1060 ea-

223 1087 335 1136 dem
366 1085 505 1151 plebs
537 1086 787 1150 peccatrix
819 1085 1000 1151 sutura,
1031 1100 1122 1149 per
1154 1087 1360 1134 arietem
1392 1085 1563 1134 eadem
1594 1085 1734 1151 plebs
1761 1086 1911 1135 etiam

221 1167 485 1224 regnatura
535 1154 684 1226 (quae
734 1159 958 1208 animalia
995 1165 1259 1223 propterea
1299 1161 1444 1208 trima
1482 1159 1730 1226 dicuntur,
1779 1161 1908 1224 quia,

224 1250 336 1284 cum
388 1235 488 1283 sint
532 1235 752 1298 insignes
799 1232 993 1282 articuli
1043 1239 1321 1298 temporum
1360 1232 1419 1281 ab
1459 1233 1612 1282 Adam
1650 1249 1810 1298 usque
1849 1233 1911 1281 ad

223 1307 325 1357 Noe
367 1314 416 1356 et
454 1307 567 1356 inde
608 1322 765 1371 usque
807 1306 866 1355 ad
913 1305 1157 1355 Abraham
1197 1313 1247 1356 et
1284 1306 1399 1356 inde
1440 1323 1599 1372 usque
1635 1307 1694 1356 ad
1743 1306 1915 1372 David,

224 1384 309 1446 qui
359 1380 622 1446 reprobato
672 1379 817 1429 Saule
865 1382 1055 1445 primus
1102 1383 1152 1429 in
1199 1396 1352 1445 regno
1400 1383 1561 1445 gentis
1612 1381 1911 1430 Israeliticae

223 1456 418 1504 Domini
458 1462 534 1504 est
572 1454 821 1503 voluntate
862 1453 1118 1520 fundatuS,
1167 1455 1219 1503 in
1258 1455 1352 1503 hoc
1392 1455 1565 1504 ordine
1605 1457 1778 1521 tertio,
1826 1457 1912 1519 qui
1966 1469 1972 1475 ‘

223 1529 443 1579 tenditur
491 1544 550 1577 ex
596 1528 840 1576 Abraham
885 1543 1044 1592 usque
1092 1528 1151 1577 ad
1191 1528 1363 1595 David,
1419 1536 1666 1593 tamquam
1715 1530 1912 1578 tertiam

226 1610 434 1652 aetatem
481 1617 660 1668 gerens
708 1601 788 1650 ille
836 1601 1048 1666 populus
1097 1597 1350 1669 adolevit),
1406 1605 1507 1652 sive
1557 1603 1740 1667 aliquid
1781 1602 1910 1652 aliud

226 1679 598 1727 convenientius
644 1678 738 1724 ista
785 1676 1083 1739 significent:
1139 1675 1273 1724 nullo
1322 1677 1466 1725 modo
1516 1683 1679 1726 tamen
1720 1675 1911 1726 dubita-

223 1753 380 1800 verim
427 1750 672 1815 spiritales
720 1751 771 1798 in
820 1764 876 1798 ea
923 1749 1281 1814 praefiguratos
1329 1749 1660 1800 additamento
1700 1752 1916 1800 turturis

225 1833 273 1874 et
305 1824 572 1874 columbae.
628 1823 690 1872 Et
728 1822 839 1872 ideo
880 1823 1067 1873 dictum
1101 1830 1197 1873 est:
1236 1825 1365 1874 Aves
1397 1830 1564 1874 autem
1596 1839 1697 1874 non
1730 1827 1912 1884 divisit,

224 1899 455 1962 quoniam
509 1897 731 1947 carnales
785 1899 916 1946 inter
972 1912 1023 1945 se
1080 1897 1391 1964 dividuntur,
1447 1898 1692 1963 spiritales
1747 1904 1912 1947 autem

227 1972 360 2022 nullo
409 1972 576 2037 modo,
631 1973 732 2020 sive
784 1986 809 2019 a
850 1972 1120 2036 negotiosis
1161 1971 1618 2021 conversationibus
1656 1973 1914 2021 hominum

228 2061 280 2094 se
320 2051 630 2110 removeant,
679 2047 808 2093 sicut
847 2051 1036 2109 turtur,
1084 2045 1185 2092 sive
1225 2046 1356 2093 inter
1395 2045 1500 2094 illas
1542 2046 1744 2112 degant,
1784 2047 1916 2094 sicut

227 2119 472 2183 columba,
511 2125 722 2182 utraque
755 2124 920 2166 tamen
953 2119 1053 2166 avis
1087 2124 1162 2166 est
1194 2118 1400 2183 simplex
1434 2126 1482 2168 et
1512 2121 1724 2185 innoxia,
1765 2121 1914 2183 signi-

226 2193 377 2242 ficans
426 2199 474 2241 et
521 2194 571 2240 in
620 2193 727 2256 ipso
767 2191 1036 2239 Israelitico
1083 2191 1292 2257 popuIO,
1343 2194 1423 2241 cui
1462 2198 1593 2241 terra
1633 2192 1715 2241 illa
1755 2192 1911 2241 danda

226 2273 347 2331 erat,
376 2266 571 2314 futuros
603 2264 882 2313 individuos
915 2264 1040 2313 filios
1071 2267 1417 2328 promissionis
1450 2274 1499 2315 et
1529 2266 1739 2316 heredes
1771 2268 1915 2331 regni

230 2342 281 2388 in
330 2347 529 2388 aeterna
575 2338 806 2388 felicitate
856 2340 1088 2387 mansuri.
1166 2338 1292 2388 Aves
1343 2346 1507 2388 autem
1555 2340 1913 2389 descendentes

138 2423 197 2463 30
230 2428 377 2478 supra
419 2427 647 2477 corpora,
703 2427 826 2476 quae
869 2411 1021 2460 divisa
1062 2418 1223 2478 erant,
1279 2428 1376 2462 non
1415 2413 1533 2462 boni
1572 2413 1776 2479 aliquid,
1826 2413 1914 2462 sed

347 2556 388 2611 5)
421 2555 498 2598 Lo.
534 2559 572 2610 1,
606 2558 675 2597 34.

347 2722 368 2759 1
403 2718 456 2760 ut
487 2715 549 2773 ei]
584 2715 654 2759 uti
694 2715 739 2759 V
770 2717 785 2772 ΙΙ
825 2719 850 2759 5
883 2717 1006 2759 esset
1059 2714 1190 2759 VRA
1221 2717 1393 2771 (pro-qr.
1420 2729 1468 2771 p.
1502 2720 1577 2771 8);
1617 2730 1716 2761 esse
1747 2717 1822 2761 Fv
1846 2718 1862 2784 1]
1887 2722 1915 2761 7

217 2778 327 2831 post
357 2775 537 2819 audivit
561 2776 692 2831 vulyo
723 2776 830 2819 haec
853 2774 1132 2830 leyebantur:
1168 2773 1367 2830 Spiritus
1402 2777 1587 2819 sanctus
1620 2779 1914 2832 superveniet

224 2833 274 2877 in
305 2836 352 2878 te
385 2837 432 2878 et
461 2834 608 2878 virtus
639 2833 871 2877 Altissimi
902 2832 1200 2878 obumbrabit
1229 2833 1330 2888 tibi,
1362 2847 1477 2889 quae
1508 2847 1591 2879 om.
1624 2848 1714 2879 mss
1753 2836 1769 2891 Β
1808 2840 1833 2878 8
1867 2837 1914 2878 et

226 2894 383 2950 capra]
418 2895 465 2936 et
495 2906 577 2937 om.
611 2907 636 2936 v
659 2894 675 2949 u
698 2897 755 2936 30
789 2906 925 2949 super
955 2906 981 2935 v
