2054 3152
600 157 666 189 DE
691 155 931 190 cnutum
954 156 1043 188 nm
1066 155 1108 188 L.
1133 155 1214 189 xv.
1239 155 1275 189 c.
1302 157 1355 188 20.
1717 143 1818 196 101

137 266 374 338 Lamech)
422 269 623 319 ducenti
670 275 719 317 et
766 267 1085 332 quadraginta
1133 275 1248 317 suut
1295 269 1430 317 anni:
1485 283 1602 317 num
1655 269 1821 332 itaque

138 353 242 395 toto
274 343 449 394 deinde
482 350 704 407 tempore
737 358 895 406 usque
928 341 986 390 ad
1019 341 1256 391 diluvium
1290 357 1388 391 non
1421 337 1822 407 generaverunt?

140 419 246 478 Qua
292 416 489 467 tandem
537 431 706 482 causa,
754 418 838 480 qui
884 415 1004 464 haec
1045 417 1266 482 scripsit,
1306 417 1650 481 generationes
1691 429 1822 464 com-

138 505 412 542 memorare
459 489 616 539 noluit
663 504 785 554 quae
838 486 1152 554 sequuntur?
1213 489 1335 538 Nam
1376 505 1434 539 ex
1474 489 1625 538 Adam
1665 500 1823 553 usque

138 566 197 615 ad
244 564 479 613 diluvium
528 570 860 628 conputantur
908 565 1023 612 anni
1071 563 1342 613 secundum
1393 563 1588 612 codices
1627 569 1825 612 nostros
1858 569 1883 609 5

138 639 234 688 duo
302 638 434 687 milia
496 638 697 687 ducenti
759 639 1010 702 sexaginta
1064 636 1182 703 duo;
1243 637 1514 686 secuudum
1576 635 1827 685 Hebraeos

139 721 304 762 autem
362 711 493 760 mille
549 713 763 760 sescenti
818 713 1171 776 quinquaginta
1228 727 1325 761 sex.
1403 710 1467 760 Ut
1514 726 1655 775 ergo*
1677 712 1827 759 istum

137 801 403 835 numerum
434 787 678 834 minorem
708 785 967 834 credamus
1008 801 1116 834 esse
1156 787 1416 852 veriorem,
1456 785 1514 833 de
1555 784 1686 833 mille
1727 799 1827 833 ses-

139 862 298 909 centis
353 861 706 924 quinquaginta
751 875 836 908 sex
891 860 1031 908 annis
1071 859 1271 909 ducenti
1312 859 1630 924 quadraginta
1669 858 1827 907 detra-

138 933 341 983 hantur:
382 933 622 997 numquid
656 933 890 982 credibile
924 940 999 982 est
1036 949 1126 997 per
1166 933 1296 982 mille
1338 933 1739 998 quadringentOS,
1780 939 1829 980 et
1862 940 1916 979 10

141 1007 271 1072 quod
324 1009 564 1073 excurrit,
619 1022 794 1073 annOS,
846 1009 930 1071 qui
969 1014 1160 1056 restant
1198 1022 1356 1071 usque
1398 1006 1662 1073 diluvium,
1715 1021 1828 1071 pro-

137 1082 330 1145 geniem
372 1080 489 1129 Cain
530 1096 556 1129 a
595 1079 998 1145 generationibus
1036 1096 1208 1129 vacare
1241 1077 1500 1145 potuisse?

288 1154 383 1203 Sed
419 1156 503 1219 qui
535 1169 595 1203 ex
625 1154 720 1203 1100
753 1161 993 1220 movetur,
1031 1156 1329 1221 meminerit,
1370 1170 1482 1203 cum
1523 1168 1829 1219 quaererem,

138 1243 235 1293 quo
275 1227 420 1277 modo
462 1227 764 1277 credendum
812 1229 876 1277 sit
914 1229 1142 1292 antiquos
1189 1227 1299 1277 illos
1338 1228 1563 1277 homines
1601 1242 1692 1292 per
1730 1234 1828 1276 tam

138 1301 320 1351 multos
369 1317 523 1350 annos
571 1317 597 1350 a
643 1301 902 1367 gignendis
949 1301 1061 1351 filiis
1101 1317 1295 1351 cessare
1334 1303 1579 1367 potuisse,
1635 1300 1827 1350 duobus
1862 1308 1915 1348 15

138 1375 298 1425 modis
329 1377 475 1425 istam
506 1375 714 1425 solutam
748 1391 857 1425 esse
891 1377 1252 1440 quaestionem:
1292 1383 1376 1425 aut
1408 1376 1468 1425 de
1502 1391 1611 1425 sera
1650 1374 1828 1440 puber-

141 1457 257 1515 tate,
294 1451 617 1515 proportione
658 1457 757 1499 tam
795 1449 968 1514 longae
1007 1452 1155 1516 vitae,
1196 1457 1279 1499 aut
1319 1450 1378 1498 de
1419 1449 1531 1499 filiis
1571 1451 1656 1513 qui
1696 1464 1826 1498 com-

137 1530 474 1573 memorantur
521 1525 572 1572 111
621 1523 1046 1590 generationibus,
1093 1524 1226 1588 quod
1274 1539 1373 1572 non
1421 1525 1607 1573 fuerint
1644 1525 1826 1588 primo-

138 1599 306 1663 geniti,
346 1597 431 1647 sed
471 1597 538 1663 hi,
575 1613 667 1662 per
707 1613 830 1662 quos
871 1598 929 1646 ad
971 1613 1099 1664 eum,
1140 1613 1289 1662 quem
1327 1597 1614 1647 intendebat
1654 1604 1827 1646 auctor

138 1670 272 1737 libri,
325 1678 521 1736 poterat
565 1673 837 1738 perveniri,
892 1674 1020 1720 sicut
1068 1672 1126 1720 ad
1173 1671 1277 1720 Noe
1324 1673 1376 1720 in
1423 1670 1824 1736 generationibus
1859 1679 1915 1718 20

141 1744 274 1794 Seth.
351 1744 565 1793 Proinde
619 1747 671 1794 in
725 1745 1127 1809 generationibus
1175 1745 1316 1811 Cain,
1372 1747 1414 1794 si
1460 1761 1559 1794 non
1609 1746 1828 1794 occurrit

142 1819 226 1882 qui
273 1817 478 1867 deberet
528 1818 740 1884 intendi,
787 1819 846 1867 ad
894 1834 1041 1883 quem
1080 1820 1445 1883 praetermissis
1483 1820 1827 1883 primogenitis

137 1906 226 1956 per
268 1907 367 1958 eOS,
407 1894 492 1956 qui
532 1894 901 1941 commemorati
940 1899 1079 1958 sunt,
1116 1894 1367 1956 perveniri
1406 1891 1678 1958 oportebat,
1719 1907 1827 1940 sera

138 1964 374 2030 pubertas
420 1965 748 2030 intellegenda
794 1965 1021 2032 restabit,
1068 1973 1124 2015 ut
1174 1966 1420 2030 aliquanto
1467 1972 1580 2030 post
1628 1971 1827 2015 centum

140 2054 294 2088 annos
332 2037 547 2104 puberes
587 2039 872 2104 habilesque
924 2040 982 2089 ad
1022 2040 1323 2104 gignendum
1363 2040 1480 2089 sacti
1518 2040 1726 2106 fuerint,
1773 2047 1828 2088 ut
1860 2048 1915 2087 25

140 2113 259 2162 ordo
315 2115 688 2177 generationum
742 2129 834 2178 per
887 2115 1244 2178 primogenitos
1294 2120 1521 2162 curreret
1574 2120 1622 2162 et
1668 2129 1826 2177 usque

140 2186 376 2236 diluvium
423 2187 481 2235 ad
530 2202 794 2236 numerum
841 2203 1082 2236 annorum
1123 2194 1285 2236 tantae
1329 2189 1615 2252 quantitatis
1655 2202 1826 2236 occur-

139 2269 288 2309 reret.
368 2260 598 2318 Quamvis
638 2261 745 2310 fieri
783 2263 962 2327 possit,
1003 2268 1057 2311 ut
1094 2267 1300 2327 propter
1341 2261 1551 2325 aliquam
1592 2262 1826 2310 secretio-

139 2349 245 2382 rem
294 2349 512 2400 causam,
567 2349 692 2398 quae
739 2350 816 2384 me
864 2335 1004 2402 latet,
1055 2350 1213 2399 usque
1263 2334 1321 2383 ad
1361 2334 1574 2383 Lamech
1622 2341 1671 2383 et
1718 2336 1825 2383 eius

138 2407 263 2456 filios
310 2409 682 2472 generationum
736 2412 1055 2473 perveniente
1111 2414 1346 2458 contextu
1395 2408 1824 2458 commendaretur
1857 2416 1914 2456 30

137 2481 257 2530 haec
299 2483 482 2547 civitaS,
523 2497 669 2546 quam
702 2482 911 2532 dicimus
950 2498 1060 2532 esse
1101 2490 1364 2548 terrenam,
1405 2498 1460 2531 ac
1500 2481 1679 2531 deinde
1720 2497 1824 2530 ces-

141 2562 272 2604 saret
311 2557 524 2620 scriptor
565 2555 678 2604 libri
718 2571 1102 2605 commemorare
1144 2564 1334 2606 ceteras
1347 2595 1361 2622 ,
1403 2571 1526 2620 quae
1567 2570 1725 2620 usque
1765 2555 1824 2603 ad

141 2627 375 2677 diluvium
425 2644 533 2678 esse
580 2636 864 2694 potuerunt.
942 2630 1112 2680 Potest
1151 2637 1200 2680 et
1237 2629 1319 2678 illa
1360 2645 1468 2679 esse
1510 2644 1683 2695 causa,
1735 2644 1825 2677 cur

231 2835 283 2895 ,1
319 2832 366 2874 et
395 2844 476 2876 om.
512 2830 556 2875 R
586 2834 601 2887 fl
635 2838 685 2875 11
721 2835 760 2876 et
792 2837 848 2876 26
888 2845 1032 2887 usque
1074 2830 1183 2884 VR,·
1222 2844 1367 2886 usque
1408 2830 1467 2874 ad
1498 2832 1687 2886 ,4221123
1721 2843 1822 2889 per-

138 2901 294 2933 vemre
326 2902 351 2932 v
