2004 3140
577 170 643 200 DE
668 168 907 202 cnn'rA'rE
930 169 1018 200 Dm
1042 170 1084 201 L.
1108 170 1212 202 XXI.
1237 168 1275 202 o.
1301 171 1353 202 2⁷.
1700 157 1805 210 547

123 291 243 332 cata.
321 281 462 330 Tales
514 288 676 330 autem
727 281 1030 346 elemosynas
1078 297 1175 331 non
1227 282 1421 331 dicendi
1469 290 1584 331 sunt
1631 282 1808 348 facere,

122 359 207 421 qui
246 357 392 405 vitam
426 355 601 404 nolunt
631 370 656 403 a
690 356 1048 405 consuetudine
1089 356 1331 405 scelerum
1371 358 1420 405 in
1461 355 1635 406 melius
1677 371 1806 405 com-

122 437 328 479 mutare.
406 428 529 487 Quia
568 435 618 477 et
656 431 706 477 in
738 429 830 478 hoc
871 429 1001 494 quod
1042 432 1132 480 ait:
1179 432 1391 490 Quando
1430 434 1524 479 um'
1560 446 1626 480 ea:
1663 433 1805 480 mini-

122 507 213 553 mis·
252 506 374 553 meis
413 518 511 552 non
539 502 748 565 fecialia,
788 506 913 553 mihi
948 519 1047 554 non
1081 503 1290 566 fecistis,
1331 504 1544 554 ostendit
1584 520 1667 552 eos
1707 520 1807 552 non

123 580 284 626 facere
325 578 473 626 etiam
510 576 704 641 quando
739 593 790 626 se
831 578 992 627 facere
1034 580 1327 627 existimant.
1407 578 1458 626 Si
1498 580 1629 627 enim
1670 577 1806 626 Chri·
1840 591 1865 630 5

123 653 280 701 stiano
330 653 567 700 esurienti
614 666 790 716 panem
839 659 1086 716 tamquam
1134 651 1410 700 Christiano
1452 653 1646 713 darent,
1694 667 1805 716 pro·

121 727 250 774 secto
301 724 394 773 sibi
440 739 618 790 panem
663 727 906 792 iustitiae,
962 726 1091 790 quod
1144 727 1249 790 ipse
1291 724 1516 774 Christus
1558 732 1653 791 est,
1708 741 1806 773 non

121 805 380 864 negarent3
429 800 660 862 quoniam
699 797 854 866 Deus,
902 815 1002 848 non
1043 802 1122 848 cui
1163 799 1332 866 detur,
1380 800 1465 848 sed
1507 815 1604 863 quo
1645 801 1805 847 animo

122 873 289 939 detur,
328 872 562 922 adtendit.
641 872 735 930 Qui
776 889 893 938 ergo
935 872 1186 923 Christum
1225 873 1383 938 diligit
1421 875 1471 922 in
1513 872 1807 939 ChristianO,

118 947 212 996 hoc
253 948 413 996 animo
462 948 507 995 ei
554 947 764 1011 porrigit
803 947 1153 1014 elemosynam,
1202 963 1298 1011 quo
1340 947 1529 996 accedit
1568 946 1625 996 ad
1670 946 1805 995 Chri·
1842 960 1896 1001 10

122 1029 268 1087 stum,
308 1035 407 1069 non
448 1035 544 1085 quo
585 1020 687 1069 vult
726 1021 959 1070 recedere
999 1023 1255 1086 inpunitus
1296 1037 1322 1070 a
1363 1020 1571 1070 Christe.
1650 1021 1805 1070 Tanto

122 1097 252 1144 enim
292 1096 445 1158 magis
495 1095 704 1158 quisque
746 1094 931 1144 deserit
970 1094 1244 1160 Christum,
1284 1102 1466 1160 quanto
1508 1097 1660 1159 magis
1701 1094 1806 1143 dili-

118 1171 191 1234 git
230 1167 360 1232 quod
407 1167 638 1233 inprobat
677 1167 917 1218 Christus
995 1168 1116 1218 Nam
1165 1169 1281 1234 quid
1322 1171 1550 1233 cuiquam
1590 1169 1807 1234 prodest,

120 1242 249 1307 quod
304 1241 600 1307 baptizatur,
655 1244 696 1290 si
751 1257 848 1291 non
903 1240 1235 1292 iustificatur‘?
1311 1243 1482 1291 Nonne
1533 1244 1617 1308 qui
1664 1243 1806 1291 dixit:

120 1318 232 1366 Nisi
275 1319 387 1378 quis
426 1322 636 1365 renatus
671 1315 836 1378 fuerit
874 1332 939 1366 ex
978 1332 1114 1378 aqua
1154 1323 1203 1367 et
1240 1319 1457 1380 Spiritu,
1506 1332 1605 1366 non
1645 1319 1804 1365 intra·
1841 1329 1894 1368 15

120 1393 191 1439 bit
242 1393 293 1439 in
344 1405 556 1452 reanum
596 1390 715 1451 Dei,
766 1392 872 1456 ipse
925 1392 1072 1440 etiam
1124 1391 1267 1441 dixit:
1318 1393 1430 1440 Nise·
1467 1392 1809 1441 abundaverit

121 1467 315 1514 iustitia
364 1470 532 1513 vestra
583 1479 736 1527 super
787 1466 1076 1514 scribarum
1127 1472 1177 1516 et
1227 1467 1651 1525 Pharisaeorum,
1705 1479 1806 1514 non

123 1539 378 1588 intrabitis
411 1540 462 1587 in
499 1553 711 1600 requam
753 1535 1047 1588 caelorum?
1109 1538 1209 1588 Cur
1247 1538 1366 1588 illud
1410 1539 1625 1587 timendo
1665 1538 1807 1587 multi

121 1619 331 1661 currunt
375 1611 632 1676 baptizari,
683 1619 730 1661 et
779 1611 873 1661 hoc
914 1628 1012 1661 non
1052 1612 1270 1662 timendo
1312 1628 1409 1661 non
1450 1612 1590 1661 multi
1631 1618 1808 1661 curant

119 1682 411 1735 iustificari?
489 1685 628 1734 Sicut
678 1701 796 1750 ergo
826 1684 946 1735 *non
998 1687 1138 1736 fratri
1177 1702 1267 1736 suo
1307 1686 1447 1736 dicit:
1498 1688 1680 1747 Fatue,
1722 1687 1806 1750 qui
1839 1698 1894 1738 20

123 1775 238 1809 cum
276 1759 369 1808 hoc
410 1759 528 1808 dicit
574 1774 672 1808 non
719 1761 814 1824 ipsi
853 1760 1170 1827 fraternitati,
1218 1760 1302 1809 sed
1344 1767 1546 1825 peccato
1587 1761 1693 1808 eius
1732 1761 1805 1807 in-

123 1835 292 1883 fensus
333 1840 408 1882 est
447 1828 689 1902 (alioquin
721 1848 838 1882 reus
878 1836 973 1883 erit
1004 1834 1256 1899 gehennae
1295 1828 1471 1902 ignis):
1518 1836 1584 1882 ita
1624 1849 1649 1882 e
1691 1848 1804 1882 con-

121 1909 287 1974 trari0,
327 1909 412 1972 qui
450 1909 661 1972 porrigit
700 1907 1028 1972 elemosynam
1062 1908 1356 1974 ChristianO,
1396 1924 1495 1957 non
1528 1907 1804 1956 Christiano

119 1982 345 2047 porrigit,
385 1983 470 2045 qui
510 1995 607 2029 non
648 1983 699 2029 in
741 1996 797 2030 eo
839 1981 995 2046 diligit
1035 1980 1307 2047 Christum3
1355 1997 1454 2030 non
1494 1988 1657 2031 autem
1699 1980 1804 2029 dili-

121 2056 191 2119 git
224 2053 488 2120 Christum,
530 2056 615 2119 qui
654 2055 910 2103 iustificari
948 2063 1146 2105 recusat
1185 2058 1236 2104 in
1268 2055 1478 2105 Christo,
1555 2053 1618 2103 Et
1658 2069 1803 2119 quem
1838 2065 1892 2104 25

122 2128 179 2177 ad
231 2127 431 2176 modum
482 2130 523 2176 si
571 2129 682 2192 quis
729 2135 1119 2194 praeoccupatus
1167 2130 1318 2178 suerit
1363 2129 1456 2178 hoc
1504 2127 1710 2194 delict0,
1750 2134 1805 2176 ut

120 2202 261 2251 fratri
300 2217 389 2251 suo
430 2201 580 2251 dicat:
620 2204 795 2263 Fatue,
835 2202 884 2251 id
926 2210 1014 2269 est,
1054 2219 1153 2251 non
1186 2205 1300 2252 eius
1339 2209 1596 2268 peccatum
1637 2201 1804 2250 volens

122 2276 317 2325 auferre
374 2277 679 2325 convicietur
724 2277 932 2337 iniuste,
982 2292 1156 2341 parum
1204 2283 1281 2326 est
1327 2277 1396 2326 illi
1445 2276 1502 2325 ad
1543 2276 1636 2324 hoc
1676 2274 1803 2323 redi-

121 2348 356 2398 mendum
394 2349 698 2414 elemosynas
740 2350 923 2416 facere,
970 2352 1066 2399 nisi
1112 2353 1259 2400 etiam
1299 2349 1430 2415 quod
1470 2349 1538 2399 ibi
1578 2350 1803 2413 sequitur

122 2422 395 2472 remedium
450 2422 864 2472 reconciliationis
927 2424 1158 2489 adiungat
1222 2418 1315 2491 (ibi
1370 2426 1499 2472 enim
1555 2423 1802 2486 sequitur:
1834 2433 1891 2473 30

128 2497 187 2546 Se·
232 2511 353 2559 erqo
403 2497 588 2557 offeres
635 2511 814 2546 munus
861 2503 998 2547 tuum
1046 2500 1118 2547 ad
1161 2501 1327 2547 altare
1365 2503 1414 2547 et
1453 2498 1524 2546 ibe·
1560 2497 1801 2545 recorda-

240 2626 286 2679 4)
317 2624 399 2668 Mt.
433 2628 506 2679 25,
537 2628 609 2667 45.
676 2626 747 2679 16)
781 2625 843 2668 10.
878 2630 920 2681 a,
954 2630 993 2668 5.
1059 2627 1130 2680 18)
1162 2625 1245 2668 Mt.
1280 2629 1321 2680 5,
1354 2628 1424 2670 20.
1487 2624 1561 2679 22)
1594 2623 1659 2667 lb.
1694 2627 1763 2667 22.

242 2789 295 2828 15
330 2784 497 2841 spiritu
528 2798 641 2837 mss;
682 2783 758 2841 Sp.
793 2787 952 2829 sancto
982 2799 1008 2830 v
1031 2787 1047 2842 ΙῙ
1071 2789 1127 2830 20
1159 2799 1252 2829 non
1282 2784 1419 2829 fratri
1450 2799 1532 2829 suo
1565 2784 1679 2829 dicit,
1709 2783 1802 2828 RA

121 2844 194 2899 (cf.
228 2847 315 2888 23:
345 2857 439 2887 non
471 2842 733 2888 Christiano
764 2843 1000 2901 porrigit);
1041 2858 1132 2888 non
1171 2844 1213 2888 d.
1251 2843 1306 2889 fr.
1350 2859 1382 2888 s,
1424 2858 1448 2888 v
1487 2846 1503 2900 ΙΙ
1540 2848 1594 2888 31
1638 2842 1799 2887 offeres

122 2904 167 2946 A
202 2902 340 2946 Parr.
367 2903 534 2959 plerr,;
567 2902 752 2947 offerres
784 2901 855 2956 R,·
886 2902 1020 2947 offers
1052 2917 1074 2947 e
1103 2917 1129 2947 v

1357 2976 1447 3020 35*
