2004 3140
197 138 307 193 376
872 148 906 182 s.
933 148 1212 184 meusium

201 264 336 327 pacis
386 263 611 311 ordinem
662 260 820 312 tendit
874 268 924 310 et
972 261 1137 310 locum
1195 267 1305 327 quo'
1343 264 1623 327 requiescat
1674 262 1886 328 quodam

199 335 345 386 modo
384 351 503 386 voce
545 335 779 401 ponderis
817 336 999 401 poscit,
1045 337 1241 400 iamque
1282 338 1503 386 exanime
1544 352 1600 386 ac
1641 338 1748 386 sine
1787 336 1907 386 ullo*

203 426 353 459 sensu
393 425 419 459 a
458 425 578 475 pace
618 417 780 459 tamen
821 409 1033 458 naturali
1073 411 1149 458 sui
1188 409 1374 459 ordin1s
1413 425 1512 459 non
1552 410 1766 476 recedit,
1812 410 1891 459 vei

202 499 314 533 cum
362 491 499 534 tenet
552 499 680 550 eam,
726 482 802 532 vel
841 499 955 532 cum
995 476 1153 533 sertu'r
1193 483 1252 533 ad
1292 499 1412 533 eam.
1491 484 1542 533 Si
1582 486 1715 534 enim
1756 483 1891 533 adhi-

142 569 168 606 5
204 557 415 607 beantur
464 558 820 607 medicamenta
877 564 1024 621 atque
1076 559 1288 625 curati0,
1340 573 1464 622 quae
1504 559 1712 608 formam
1752 557 1892 607 cada-

207 634 337 681 veris
392 631 591 681 dissolvi
646 630 892 695 dilabique
948 646 1045 680 non
1103 633 1252 698 sinat,
1306 630 1464 681 adhuc
1510 647 1603 697 pax
1653 631 1891 697 quaedam

205 713 373 771 partes
422 705 645 771 partibus
699 707 858 769 iungit
912 712 1161 770 totamque
1210 704 1388 754 molem
1436 705 1645 770 adplicat
1690 713 1894 755 terreno

208 786 258 829 et
307 781 618 829 convenienti
665 794 720 828 ac
767 794 858 844 per
904 778 998 828 hoc
1045 787 1216 844 pacato
1265 778 1387 828 loc0.
1466 779 1518 829 Si
1557 787 1720 829 autem
1761 779 1894 828 nulla

208 852 498 903 adhiheatur
538 868 656 903 cura
689 853 947 918 condendi,
987 853 1073 902 sed
1113 852 1323 902 naturali
1363 855 1532 902 cursui
1570 853 1896 919 relinquatur,

120 937 175 976 10
209 927 395 977 tamdiu
443 929 583 992 quasi
630 926 960 976 tumultuatur
1007 915 1360 976 dissidentibus
1407 926 1796 976 exhalationibus
1843 933 1895 976 et
1939 960 1949 966 f

207 1009 379 1051 nostro
440 1000 902 1050 inconvenientibus
965 1003 1134 1050 sensui
1197 996 1271 1067 (id
1335 1002 1466 1050 enini
1527 1008 1604 1050 est
1657 1001 1789 1065 quod
1842 1002 1895 1049 in

206 1082 384 1140 putore
425 1070 686 1141 sentitur),
738 1075 894 1124 donec
942 1075 1115 1125 mundi
1162 1077 1420 1124 conveniat
1459 1074 1715 1124 elementis
1755 1082 1805 1123 et
1843 1075 1895 1123 in

204 1164 378 1198 eorum
436 1163 608 1215 pacem
666 1148 902 1214 paulatim
955 1148 1384 1213 particulatimque
1441 1148 1673 1198 discedat.
1749 1147 1897 1197 Nullo

206 1222 352 1272 modo
404 1229 567 1273 tamen
618 1223 731 1272 inde
782 1222 964 1287 aliquid
1011 1221 1202 1288 legibus
1251 1224 1429 1272 summi
1473 1222 1605 1272 illius
1656 1223 1898 1272 creatoris

119 1306 174 1345 15
209 1297 607 1361 ordinatorisque
658 1296 989 1362 subtrahitur,
1036 1311 1061 1345 a
1101 1312 1199 1361 quo
1239 1311 1332 1361 pax
1370 1297 1704 1345 universitatis
1744 1295 1895 1344 admi·

205 1372 468 1436 nistratur3
519 1371 655 1436 quia,
706 1372 799 1419 etsi
854 1370 914 1419 de
963 1369 1197 1419 cadavere
1245 1372 1444 1419 maioris
1493 1371 1754 1419 animantis
1793 1371 1894 1418 ani-

205 1444 349 1494 malia
398 1446 587 1493 minuta
641 1450 932 1510 nascantur,
988 1443 1157 1493 eadem
1212 1443 1319 1508 lege
1372 1445 1611 1493 creatoris
1667 1457 1897 1508 quaeque

203 1517 498 1583 corpuscula
552 1519 603 1566 in
659 1517 828 1566 salutis
882 1533 1002 1582 pace
1058 1519 1162 1566 suis
1215 1517 1443 1566 animulis
1495 1518 1744 1583 serviunt3
1800 1517 1895 1566 etsi

210 1599 521 1641 mortuorum
555 1606 729 1642 carnes
769 1590 828 1640 ab
868 1591 975 1640 aliis
1015 1590 1304 1640 animalibus
1344 1591 1658 1658 devorentur,
1699 1590 1897 1640 easdem

117 1676 174 1716 20
207 1666 341 1731 leges
395 1681 485 1730 per
539 1673 716 1714 cuncta
772 1665 975 1715 diffusas
1033 1665 1090 1714 ad
1151 1665 1357 1714 salutem
1408 1667 1604 1729 generis
1654 1666 1898 1728 cuiusque

206 1739 489 1789 mortalium
536 1754 754 1803 congrua
801 1741 1034 1803 congruis
1081 1739 1416 1805 pacificanteS,
1465 1753 1659 1803 quaqua
1696 1752 1898 1788 versum

206 1813 466 1863 trahantur
521 1820 570 1862 et
623 1811 775 1862 rebus
830 1806 1227 1878 quibuscumque
1281 1815 1550 1876 iungantur
1605 1819 1656 1862 et
1710 1813 1775 1861 in·
1814 1826 1900 1860 res

204 1886 449 1952 quaslibet
489 1893 840 1936 convertantur
881 1894 930 1936 et
969 1894 1351 1952 commutentur,
1392 1887 1662 1935 inveniunt.

854 2045 1053 2100 CAPUT
1091 2045 1240 2098 XIII.

116 2163 173 2203 25
208 2151 284 2201 De
324 2164 457 2213 pace
503 2153 802 2212 universali,
853 2166 985 2212 quae
1031 2154 1164 2200 inter
1203 2151 1450 2212 quaslibet
1481 2152 1899 2213 perturbationes

200 2226 407 2288 privari
450 2237 548 2273 non
590 2230 755 2286 potest
799 2227 908 2286 leye
954 2230 1195 2283 naturae,
1243 2226 1360 2272 dum
1406 2225 1497 2272 sub
1547 2226 1676 2273 iusto
1726 2226 1901 2275 iudice

325 2299 397 2347 ad
435 2298 489 2346 id
525 2300 734 2359 quisque
765 2301 1001 2360 pervenit
1037 2299 1372 2359 ordinatione,
1411 2299 1547 2358 quod
1583 2300 1770 2347 meruit

916 2374 1181 2421 voluntate.

357 2473 457 2523 Pax
512 2475 678 2538 itaque
731 2476 955 2538 corporis
1006 2481 1082 2523 est
1133 2473 1356 2522 ordinata
1406 2480 1738 2539 temperatura
1786 2490 1897 2540 par-

119 2561 177 2601 30
212 2550 359 2615 tium,
405 2563 498 2614 pax
544 2549 732 2597 animae
779 2547 1083 2597 inrationalis
1132 2547 1353 2596 ordinata
1400 2550 1599 2611 requies
1639 2550 1897 2613 appetitio-

213 2637 355 2690 num,
402 2637 495 2687 pax
542 2622 730 2671 animae
781 2621 1030 2671 rationalis
1071 2621 1293 2670 ordinata
1332 2623 1627 2685 cognitionis
1666 2623 1898 2671 actionis—

208 2881 252 2925 ἃ.
319 2826 367 2925 ἀ8Μὶ
385 2822 488 2867 loco
527 2824 697 2879 pacato
727 2836 752 2868 v
799 2824 815 2879 fl
861 2827 885 2867 9
920 2821 1147 2868 condendi
1183 2835 1271 2866 mss
1300 2823 1404 2875 (vol.
1439 2822 1486 2877 Ι,
1518 2825 1606 2878 24,
1639 2825 1743 2879 16);
1787 2835 1896 2866 con-

240 2895 315 2925 1en
396 2895 422 2926 v
