2004 3140
127 902 180 941 10

125 1417 176 1456 15

120 1786 174 1825 20

117 2151 172 2190 25

116 2518 171 2557 30

220 105 328 158 522
892 115 927 148 S.
951 114 1226 149 AUGUSTINI

218 229 450 279 tendatur
504 243 621 293 ergo
678 242 732 276 ac
786 228 1113 292 profundatur
1171 229 1281 278 fons
1337 229 1483 278 huius
1531 229 1898 278 misericordiae

218 318 376 367 usque
418 301 476 350 ad
517 301 770 350 damnatos
811 301 1009 365 angelos
1050 301 1222 351 saltem
1259 309 1373 367 post
1404 303 1565 352 *multa
1604 309 1750 367 atque
1788 318 1900 368 pro-

215 377 312 425 lixa
352 375 710 440 quantumlibet
757 375 949 424 saecula
995 375 1288 424 liberandos,
1367 376 1466 425 Cur
1505 392 1664 441 usque
1705 378 1899 426 univer-

218 466 320 499 sam
360 457 585 498 naturam
625 455 787 497 manat
826 449 1102 515 humanam,
1143 455 1191 498 et
1231 465 1341 498 cum
1383 450 1439 498 ad
1481 450 1746 515 angelicam
1786 465 1899 499 ven-

217 530 322 573 tum
362 524 534 593 fuerit,
585 538 697 571 mox
738 520 952 572 arescit?
1027 522 1136 571 Non
1176 522 1358 572 audent
1396 530 1558 572 tamen
1599 539 1651 572 se
1691 523 1900 573 ulterius

215 596 492 646 miserando
554 598 810 661 porrigere
875 603 924 645 et
984 596 1042 645 ad
1098 595 1438 646 liberationem
1491 599 1646 662 ipsius
1702 613 1899 662 quoque

216 670 394 719 diaboli
423 672 698 735 pervenire.
777 670 958 719 Verum
1003 672 1044 719 si
1088 670 1261 734 aliquis
1303 671 1494 736 audeat,
1534 673 1683 720 vincit
1721 686 1898 736 nempe

213 746 349 794 istos,
425 743 489 793 Et
549 751 712 793 tamen
776 750 911 793 tanto
974 746 1223 793 invenitur
1287 760 1453 793 errare
1517 744 1787 794 deformius
1850 751 1900 794 et

214 825 384 867 contra
435 823 569 866 recta
617 818 704 866 Dei
759 817 906 866 verba
959 820 1276 884 perversius,
1332 825 1515 882 quanto
1563 817 1657 867 sibi
1705 818 1900 867 videtur

213 894 398 940 sentire
428 887 744 941 ‘clementius

845 1063 1038 1117 CAPUT
1078 1064 1278 1118 XVIII.

214 1158 290 1206 De
313 1158 404 1217 his,
438 1158 527 1217 qui
548 1159 812 1206 novissimo
839 1159 1028 1206 iudicio
1049 1162 1262 1219 propter
1287 1159 1673 1207 intercessiones
1697 1163 1896 1207 sancto-

343 1245 456 1279 rum
488 1232 734 1279 neminem
765 1232 1018 1280 hominum
1046 1237 1230 1293 putant
1261 1246 1368 1280 esse
1399 1233 1754 1280 damnandum.

359 1332 486 1382 Sunt
537 1335 703 1398 etiam,
759 1332 926 1397 quales
980 1335 1031 1382 in
1080 1332 1506 1383 conlocutionibus
1557 1336 1740 1383 nostris
1789 1336 1894 1399 ipse

211 1421 320 1455 sum
353 1413 607 1472 expertuS,
642 1408 741 1472 qui,
782 1422 895 1455 cum
926 1409 1153 1455 venerari
1183 1406 1441 1456 videantur
1474 1409 1745 1472 scripturas
1785 1423 1892 1457 san-

210 1486 334 1544 ctaS‚
385 1479 606 1529 moribus
652 1479 947 1545 inprobandi
995 1487 1109 1529 sunt
1163 1488 1213 1529 et
1264 1481 1451 1545 agendo
1505 1497 1700 1530 causam
1756 1497 1895 1530 suam

208 1553 362 1602 multo
397 1555 632 1602 maiorem
665 1569 811 1618 quam
842 1555 924 1602 isti
958 1554 1346 1603 misericordiam
1380 1554 1481 1603 Deo
1520 1554 1748 1604 tribuunt
1781 1570 1895 1620 erga

208 1627 477 1676 humanum
531 1642 702 1691 genus.
791 1627 972 1676 Dicunt
1026 1629 1157 1676 enim
1213 1627 1271 1676 de
1324 1628 1462 1677 malis
1519 1635 1568 1677 et
1615 1628 1894 1678 infidelibus

206 1700 487 1749 hominibus
526 1700 759 1750 divinitus
801 1701 999 1765 quidem
1039 1716 1211 1750 verum
1249 1701 1557 1766 praedictum
1597 1717 1721 1764 esse,
1762 1702 1893 1767 quod

207 1774 340 1839 digni
391 1781 527 1840 sunt3
575 1774 660 1823 sed
709 1790 823 1823 cum
870 1774 927 1823 ad
971 1775 1210 1824 iudicium
1249 1782 1448 1824 ventum
1489 1776 1665 1841 fuerit,
1703 1778 1893 1825 miseri-

207 1848 422 1897 cordiam
472 1863 579 1897 esse
629 1855 985 1913 superaturam.
1063 1848 1273 1897 Donabit
1321 1851 1452 1897 enim
1493 1865 1600 1916 eOS,
1646 1851 1893 1915 inquiunt,

207 1923 490 1970 misericors
541 1921 672 1971 Deus
723 1921 955 1986 precibus
1012 1929 1061 1971 et
1111 1922 1552 1972 intercessionibus
1608 1930 1891 1973 sanctorum

209 2010 427 2044 suorum.
507 1995 559 2043 Si
593 1997 722 2044 enim
756 1995 960 2044 orabant
998 2011 1088 2060 pro
1129 1995 1239 2062 illis,
1281 1995 1475 2060 quando
1517 2012 1600 2045 eos
1639 1996 1890 2061 patieban-

205 2075 287 2117 tur
326 2070 566 2134 inimicOS‚
607 2075 789 2133 quanto
822 2071 976 2134 magis
1017 2069 1210 2134 quando
1250 2069 1486 2119 videbunt
1524 2069 1735 2119 humiles
1776 2087 1889 2135 sup-

204 2142 456 2206 plicesque
495 2141 791 2206 prostratos!
854 2142 1025 2207 Neque
1073 2145 1205 2191 enim
1245 2143 1547 2192 credendum
1587 2150 1684 2204 est,
1739 2146 1890 2211 aiunt,

204 2222 322 2264 tunc
363 2217 630 2263 amissuros
665 2222 859 2264 sanctos
900 2218 1088 2264 viscera
1128 2216 1511 2282 misericordiae,
1547 2232 1665 2284 cum
1705 2217 1891 2267 fuerint

202 2288 514 2353 plenissimae
547 2303 602 2336 ac
633 2289 1022 2353 perfectissimae
1063 2291 1350 2355 sanctitatiS‚
1389 2296 1457 2356 ut,
1499 2292 1583 2353 qui
1623 2297 1742 2340 tunc
1782 2306 1889 2340 ora·

203 2361 322 2410 bant
365 2377 456 2426 pro
504 2363 717 2410 inimicis
766 2364 889 2422 suiS,
942 2362 1134 2426 quando
1177 2369 1226 2411 et
1263 2365 1357 2427 ipsi
1399 2365 1503 2411 sine
1542 2370 1744 2428 peccato
1785 2379 1918 2413 non.

205 2441 366 2501 erant,
413 2441 532 2484 tunc
572 2451 670 2484 non
711 2441 854 2484 orent
892 2451 981 2500 pro
1023 2435 1328 2500 supplicibus
1370 2438 1471 2485 suis
1483 2476 1497 2502 ‚
1546 2437 1738 2501 quando
1779 2437 1885 2486 nul-

204 2508 306 2557 1ωῇ
340 2510 594 2573 coeperint
625 2508 805 2558 habere
838 2515 1111 2574 peccatum.
1187 2510 1285 2559 Aut
1323 2525 1438 2559 vero
1471 2510 1602 2559 Deus
1642 2517 1761 2560 tunc
1803 2526 1887 2560 eos

205 2597 303 2630 non
345 2582 571 2637 exaudiet
609 2589 682 2631 tot
722 2590 770 2631 et
807 2583 929 2631 tales
969 2582 1093 2631 filios
1134 2598 1263 2649 suoS,
1306 2583 1499 2647 quando
1539 2585 1591 2632 in
1629 2590 1762 2633 tanta
1805 2600 1884 2634 eo·

320 2786 345 2824 3
370 2795 517 2837 usque
540 2781 632 2825 ΕΑ
655 2784 778 2836 (101,
803 2787 885 2835 11,·
909 2786 1019 2837 26),·
1049 2797 1195 2838 usque
1219 2783 1279 2827 ad
1302 2797 1328 2828 υ
1352 2785 1367 2841 ΙΙ
1393 2789 1416 2828 7
1443 2784 1623 2828 audetv
1645 2785 1662 2841 ΙΙ
1688 2789 1740 2828 19
1766 2785 1889 2839 quod

204 2839 334 2895 digni
366 2842 472 2883 sunt
502 2853 591 2884 mss
620 2843 751 2894 (523,
783 2845 879 2895 28;
909 2843 993 2886 vol.
1027 2842 1072 2898 I,
1105 2846 1217 2896 236,
1249 2846 1320 2898 6);
1354 2858 1429 2898 qu.
1463 2842 1505 2886 d.
1539 2857 1573 2887 s.
1605 2856 1757 2899 poena
1787 2857 1811 2887 v
