2054 3152
234 165 338 216 142
918 172 951 206 S.
976 174 1253 209 AUGUs'nm

911 341 1102 396 CAPUT
1141 342 1232 397 XI.

237 452 383 509 Quod
427 466 488 499 ea
529 452 767 512 primitus
813 454 989 512 linqua
1035 453 1086 499 in
1134 465 1228 499 usu
1268 451 1520 499 hominum
1554 448 1737 515 fuerit,
1784 464 1918 511 quae

290 530 468 587 postea
508 525 746 574 Hebraea
786 525 850 573 ab
890 526 1059 574 Heber
1099 527 1297 573 nomine
1335 529 1631 586 nuncupata
1671 530 1756 584 est,
1797 526 1848 572 in

416 600 561 647 cuius
595 597 797 659 familia
836 601 1100 658 remansit,
1142 613 1255 647 cum
1296 600 1564 647 diversitas
1603 602 1731 646 esset

170 685 195 723 5
823 672 970 733 facta
1010 675 1315 733 linquarum.

380 774 536 840 Quam
583 774 644 823 oh
695 790 802 823 rem
843 776 972 824 siout
1010 774 1176 838 lingua
1216 789 1313 824 una
1353 790 1467 823 cum
1506 781 1638 823 esset
1677 777 1915 841 omnium,

229 863 326 896 non
359 848 469 896 ideo
503 841 589 897 filii
619 847 928 913 pestilentiae
963 848 1229 897 defuerunt
1261 843 1396 914 (nam
1437 854 1486 897 et
1525 855 1636 897 ante
1676 847 1914 898 diluvium

231 937 329 970 una
369 928 486 984 erat
515 922 694 988 lingua,
734 928 782 970 et
822 928 984 970 tamen
1026 937 1197 970 omnes
1235 929 1433 986 praeter
1474 936 1620 970 unam
1651 921 1754 970 Noe
1794 925 1913 972 iusti

227 995 428 1045 domum
487 996 642 1044 deleri
700 994 880 1044 diluvio
932 990 1273 1062 meruerunt):
1327 997 1420 1061 ita,
1486 996 1679 1060 quando
1735 998 1913 1045 merito

143 1081 197 1121 10
231 1068 447 1118 elatioris
497 1070 764 1134 impietatis
816 1075 989 1133 gentes
1048 1069 1327 1133 linguarum
1378 1069 1661 1118 diversitate
1712 1071 1912 1134 punitae

229 1150 374 1208 atque
408 1142 589 1192 divisae
632 1148 747 1191 sunt
787 1148 836 1191 et
876 1144 1044 1192 civitas
1084 1145 1349 1207 impiorum
1389 1144 1693 1192 confusionis
1734 1158 1913 1192 nomen

229 1218 439 1283 accepit,
478 1216 571 1266 hoc
612 1223 703 1283 est,
742 1216 980 1281 appellata
1020 1223 1095 1266 est
1133 1215 1364 1282 Babylon,
1403 1232 1502 1265 non
1541 1216 1699 1266 defuit
1737 1216 1914 1266 domus

227 1289 415 1357 Heber,
455 1289 540 1339 ubi
581 1305 636 1339 ea
678 1305 802 1354 quae
843 1297 985 1339 antea
1025 1291 1118 1339 fuit
1155 1292 1375 1339 omnium
1415 1290 1580 1354 lingua
1619 1298 1912 1340 remaneret.

226 1363 392 1428 Unde,
445 1365 574 1414 sicut
620 1378 769 1428 supra
816 1366 1108 1430 memoravi,
1159 1379 1272 1413 cum
1313 1365 1593 1429 coepissent
1631 1367 1913 1413 enumerari

140 1449 192 1489 15
227 1437 312 1486 filii
353 1437 490 1503 Sem,
531 1440 616 1502 qui
655 1437 835 1501 singuli
874 1443 1046 1502 gentes
1086 1437 1302 1503 singulas
1341 1445 1683 1503 procrearunt,
1722 1439 1913 1503 primus

227 1518 303 1560 est
342 1511 712 1560 commendatus
751 1510 940 1578 Heber,
981 1527 1093 1561 cum
1134 1513 1197 1560 sit
1236 1511 1452 1576 abnepos
1491 1513 1662 1578 ipsius,
1702 1511 1794 1560 hoo
1837 1519 1914 1560 est

229 1584 288 1633 ab
339 1585 422 1634 illo
474 1587 677 1650 quintus
727 1586 1006 1634 inveniatur
1057 1591 1271 1634 exortus,
1360 1585 1484 1648 Quia
1533 1600 1651 1649 ergo
1702 1587 1752 1633 in
1805 1587 1914 1634 eius

226 1659 405 1708 familia
437 1661 672 1708 remansit
704 1658 825 1707 haee
858 1658 1039 1725 lingua,
1079 1659 1247 1707 divisis
1279 1674 1369 1724 per
1401 1659 1518 1708 alias
1549 1658 1741 1723 linguas
1781 1666 1911 1708 eete-

226 1734 295 1782 ris
319 1732 564 1799 gentibUS,
597 1747 721 1796 quae
746 1731 911 1796 lingua
934 1734 1075 1796 prius
1098 1732 1312 1782 humano
1345 1734 1516 1797 generi
1548 1747 1647 1780 non
1679 1733 1910 1781 inmerito

139 1818 194 1858 20
226 1806 447 1856 creditur
478 1807 630 1856 fuisso
663 1807 953 1872 communiS,
993 1806 1103 1855 ideo
1144 1806 1376 1871 deinceps
1410 1805 1630 1855 Hebraea
1672 1813 1747 1855 est
1784 1821 1909 1855 nun·

227 1886 415 1945 cupata.
494 1880 632 1929 Tune
673 1882 804 1929 enim
844 1895 969 1945 opus
1010 1886 1115 1929 erat
1155 1895 1262 1929 eam
1301 1880 1538 1945 distingui
1576 1879 1635 1928 ab
1676 1878 1781 1928 aliis
1820 1879 1909 1928 lin-

226 1956 335 2018 guis
364 1956 588 2003 -nomine
642 1955 870 2019 propriO,
930 1955 1060 2003 sicut
1113 1953 1232 2003 aliae
1288 1969 1485 2018 quoque
1539 1959 1736 2002 vocatae
1794 1961 1911 2002 sunt

227 2027 507 2077 nominibus
553 2029 781 2092 propriis,
860 2026 1066 2084 Quando
1107 2034 1270 2076 autem
1311 2034 1416 2076 erat
1455 2042 1578 2092 una,
1617 2025 1736 2075 nihil
1777 2026 1908 2075 aliud

227 2116 372 2164 quam
419 2101 631 2150 humana
677 2100 841 2164 lingua
887 2099 963 2148 vel
1001 2099 1213 2149 humana
1251 2100 1432 2148 locutio
1473 2099 1762 2165 vocabatur,
1814 2114 1910 2164 qua

139 2185 193 2225 25
228 2174 326 2223 sola
366 2176 653 2223 universum
693 2188 849 2238 genus
887 2173 1158 2222 humanum
1197 2173 1502 2238 loquebatur.

376 2248 564 2296 Dixerit
613 2246 808 2312 aliquis:
863 2245 915 2295 Si
954 2248 1004 2295 in
1045 2246 1219 2296 diebus
1258 2246 1470 2296 Phalech
1511 2246 1595 2295 filii
1634 2246 1798 2296 Heber
1838 2246 1907 2295 di-

228 2323 327 2370 visa
361 2328 437 2371 est
466 2327 599 2370 terra
629 2336 719 2385 per
758 2320 963 2385 linguaS,
1002 2319 1049 2369 id
1091 2327 1166 2370 est
1204 2320 1443 2387 homineS,
1485 2323 1569 2385 qui
1608 2328 1725 2370 tunc
1766 2329 1907 2369 erant

226 2398 278 2444 in
323 2402 481 2461 terra,
537 2410 597 2443 ex
645 2396 750 2443 eius
798 2395 994 2442 nomine
1042 2396 1207 2459 potius
1238 2394 1429 2449 ¹debuit
1468 2394 1701 2458 appellari
1739 2393 1905 2458 lingua

226 2469 329 2536 illa,
376 2484 500 2534 quae
547 2469 642 2517 suit
687 2466 915 2516 omnibus
963 2474 1074 2517 ante
1116 2470 1403 2517 eommunis
1483 2468 1579 2516 Sed
1619 2467 1905 2531 intellegen-

138 2555 194 2595 30
228 2542 345 2593 dum
377 2550 452 2592 est
483 2544 646 2608 ipsum
676 2540 841 2590 Heber
874 2547 1139 2605 propterea
1169 2541 1263 2590 tale
1296 2557 1475 2590 nomen
1500 2543 1777 2608 inposuisse
1802 2540 1902 2588 filio

228 2632 333 2683 suO,
364 2622 420 2666 ut
450 2623 711 2666 vocaretur
742 2614 969 2681 Phalech,
1009 2615 1139 2678 quod
1172 2617 1528 2679 interpretatur
1561 2613 1748 2679 divisiO,
1771 2609 1902 2678 ”quia

228 2698 346 2739 tuno
394 2692 439 2739 ei
486 2696 630 2739 natus
678 2695 773 2754 est,
825 2688 1018 2753 quando
1068 2704 1157 2752 per
1203 2688 1394 2751 linguas
1442 2694 1574 2737 terra
1620 2687 1773 2736 divisa
1812 2695 1902 2752 est,

227 2763 275 2812 id
317 2771 391 2813 est
422 2766 528 2828 ipso
562 2770 799 2828 tempore,
839 2768 893 2810 ut
930 2761 1023 2810 hoo
1064 2763 1127 2810 sit
1166 2761 1296 2825 quod
1337 2761 1523 2811 dictum
1562 2768 1658 2811 est:
1699 2762 1759 2810 In
1801 2762 1902 2810 dle-

347 2911 371 2949 3
404 2905 454 2949 in
487 2905 614 2950 euius
645 2906 833 2962 sc·1'i103i,·
866 2905 913 2949 el:
941 2903 990 2948 in
1023 2919 1059 2949 e.
1092 2918 1117 2948 v
1141 2906 1156 2961 Η
1183 2910 1235 2949 16
1269 2904 1655 2949 commemoratus
1687 2916 1712 2946 v
