2004 3140
217 152 326 205 300
905 161 940 195 s.
963 160 1239 196 Auenszrnn

218 278 632 339 adpropinquant
663 278 800 336 anni,
839 277 1093 332 noseeris;
1133 277 1184 324 in
1217 277 1435 325 adventu
1468 277 1705 338 temporis
1743 280 1900 325 osten-

219 352 377 411 deriS,
424 365 516 398 nec
564 349 908 414 exponendum
957 355 1044 397 est.
1123 349 1185 398 In
1233 363 1290 398 eo
1337 363 1451 398 eum
1500 350 1707 398 turbata
1740 348 1906 411 fuerit

219 426 389 473 anima
439 438 577 484 mea,
631 426 682 473 in
733 426 816 472 ira
863 424 1246 472 misericordiae
1291 437 1478 472 memor
1528 425 1630 472 eris
1670 422 1787 487 quid
1828 429 1904 472 est

218 498 314 545 nisi
347 498 478 562 quod
510 497 716 546 Iudaeos
755 498 806 545 in
839 512 891 545 se
924 496 1303 562 transfiguravit,
1344 511 1556 560 quorum
1595 498 1754 561 gentis
1795 497 1904 562 fuit,

160 581 185 620 5
220 572 305 634 qui
356 586 469 620 cum
519 586 692 636 magna
743 573 815 620 ira
866 570 1051 620 turbati
1099 570 1448 634 crucifigerent
1496 569 1772 636 Christum,
1822 569 1903 619 ille

219 646 586 695 misericordiae
629 659 816 694 memor
864 644 1006 694 dixit:
1054 646 1214 693 Pater
1254 647 1457 704 iqnosee
1497 647 1620 706 illis,
1660 647 1780 706 quia
1819 660 1903 694 ne-

218 722 388 768 sciunt
426 722 562 781 quod
586 718 823 781 faciunt?
886 719 1021 768 Deus
1062 721 1123 768 de
1154 717 1372 767 Theman
1412 721 1575 767 veniet
1612 723 1662 767 et
1697 723 1907 768 sanetus

221 795 283 842 de
332 799 496 843 monte
541 795 775 843 umbroso
823 798 872 842 et
921 794 1185 842 condenso.
1265 791 1407 849 Quod
1453 791 1533 840 hie
1583 792 1770 841 dictum
1809 798 1906 841 est:

220 867 297 916 De
341 867 560 924 Theman
599 870 783 927 veniet,
825 865 905 914 alii
943 867 1258 931 interpretati
1297 872 1413 915 sunt
1449 864 1541 931 „ab
1580 860 1793 915 Austro“
1830 864 1907 914 vel

135 951 188 990 10
220 979 248 1006 „
263 940 427 990 Africo
442 936 490 1007 “3
546 956 635 1005 per
692 939 823 1004 quod
871 940 1175 1005 significatur
1222 939 1475 1006 meridieS,
1522 939 1571 988 id
1620 945 1696 988 est
1745 939 1908 988 fervor

223 1016 440 1064 caritatis
489 1022 538 1064 et
585 1013 818 1079 splendor
865 1015 1099 1063 veritatis,
1184 1013 1400 1062 Mentem
1452 1028 1568 1061 vero
1618 1012 1907 1062 umbrosum

221 1095 368 1153 atque
416 1088 743 1154 condensum,
791 1089 1012 1152 quamvis
1058 1087 1227 1136 multis
1277 1087 1434 1136 modis
1483 1089 1640 1151 possit
1677 1086 1910 1152 intellegi,

221 1162 457 1212 libentius
511 1164 788 1227 acceperim
848 1163 1209 1226 scripturarum
1260 1161 1570 1210 altitudinem
1620 1160 1910 1227 divinarum,

223 1236 404 1300 quibus
450 1236 773 1301 prophetatus
822 1242 896 1285 est
944 1234 1183 1284 Christus
1260 1235 1411 1284 Multa
1457 1234 1526 1284 ibi
1573 1237 1754 1299 quippe
1801 1249 1908 1283 um-

135 1319 189 1359 15
222 1309 369 1358 brosa
401 1317 547 1374 atque
580 1310 828 1358 condensa
861 1316 991 1376 sunt,
1033 1324 1157 1373 quae
1191 1315 1407 1358 mentem
1448 1310 1731 1372 quaerentis
1772 1323 1909 1357 exer-

224 1390 379 1433 ceant.
455 1384 574 1432 Inde
608 1389 772 1432 autem
808 1384 952 1449 venit,
991 1398 1104 1432 cum
1143 1382 1212 1431 ihi
1251 1398 1378 1448 eum,
1419 1384 1504 1446 qui
1542 1382 1796 1448 intellegit,
1837 1383 1909 1430 in-

222 1459 369 1506 venit.
455 1458 666 1520 Operuit
711 1460 877 1506 caelos
924 1460 1083 1506 virtus
1130 1459 1258 1521 eiuS,
1305 1462 1354 1506 et
1399 1458 1566 1505 laudis
1616 1459 1723 1505 eius
1754 1459 1911 1518 plena

223 1538 298 1581 est
347 1537 490 1580 terra
547 1531 664 1595 quid
715 1538 790 1580 est
841 1531 936 1579 nisi
987 1530 1118 1594 quod
1171 1531 1318 1579 etiam
1368 1532 1418 1578 in
1464 1529 1651 1594 psalmo
1704 1529 1909 1578 dicitur:

223 1606 475 1655 Exaltare
524 1619 678 1667 super
733 1607 921 1670 caelos,
976 1605 1133 1669 DeuS,
1189 1610 1237 1652 et
1280 1619 1434 1666 super
1481 1618 1672 1652 omnem
1720 1610 1913 1652 terram

135 1688 191 1728 20
221 1682 390 1740 oloria
439 1681 560 1727 tua?
622 1679 873 1740 Splendor
919 1681 1026 1727 eius
1074 1683 1130 1726 ut
1175 1681 1340 1726 lumen
1388 1680 1488 1726 erit
1533 1677 1651 1740 quid
1702 1683 1778 1726 est
1816 1677 1912 1725 nisi

223 1753 381 1819 „fama
433 1754 539 1801 eius
589 1752 849 1801 eredentes
889 1746 1264 1800 inluminabit“‘?
1347 1751 1552 1800 Cornua
1592 1753 1644 1799 in
1683 1752 1915 1800 manibus

226 1829 333 1876 eius
371 1832 490 1875 sunt
528 1826 645 1890 quid
677 1832 753 1874 est
785 1827 880 1874 nisi
918 1832 1175 1890 tropaeum
1217 1821 1416 1873 crucis?
1471 1825 1538 1873 Et
1567 1828 1740 1887 posuit
1777 1827 1912 1874 eari-

226 1906 379 1949 tatem
406 1903 610 1959 firmam
637 1899 957 1961 fortitudinis
989 1914 1113 1948 suae
1145 1914 1237 1947 nec
1268 1897 1613 1963 exponendum
1645 1905 1734 1947 est.
1784 1899 1915 1947 Ante

221 1973 410 2034 faeiem
441 1976 549 2023 eius
582 1974 672 2022 ibit
704 1974 923 2038 verbum,
963 1978 1013 2023 et
1037 1975 1239 2035 prodiet
1272 1974 1323 2020 in
1356 1986 1587 2034 eampum
1612 1977 1728 2034 post
1759 1973 1916 2035 pedes

139 2057 193 2096 25
227 2050 335 2096 eius
383 2047 499 2111 quid
549 2053 624 2095 est
673 2048 768 2095 nisi
816 2046 946 2110 quod
996 2053 1045 2094 et
1093 2053 1353 2110 antequam
1400 2046 1497 2095 huc
1544 2047 1736 2094 veniret
1773 2059 1911 2109 prae-

227 2122 482 2169 nuntiatus
515 2126 605 2186 est,
646 2127 695 2168 et
726 2126 896 2184 postea
929 2135 1072 2183 quam
1107 2119 1221 2168 hinc
1254 2134 1484 2167 reversus
1526 2125 1617 2185 est,
1656 2118 1913 2167 adnuntia-

226 2200 307 2242 tus
347 2190 458 2242 est‘?
520 2194 678 2253 Stetit,
719 2199 768 2242 et
805 2199 948 2242 terra
988 2198 1230 2242 commota
1270 2198 1344 2242 est
1381 2192 1498 2256 quid
1539 2198 1614 2240 est
1654 2193 1748 2240 nisi
1785 2198 1912 2258 „ste-

146 2276 148 2279 ’
227 2269 288 2315 tit
311 2267 369 2316 ad
396 2266 801 2332 subveniendum,
834 2272 883 2314 et
908 2272 1041 2314 terra
1074 2272 1316 2315 commota
1343 2273 1424 2315 est
1455 2265 1513 2314 ad
1547 2261 1915 2314 eredendum“‘?

228 2341 494 2402 Respeoeit,
544 2346 593 2389 et
637 2341 912 2389 tabuerunt
956 2345 1151 2401 qentes',
1191 2339 1284 2388 hoc
1326 2346 1401 2388 est
1437 2341 1710 2406 „misertus
1751 2345 1826 2388 est
1866 2346 1916 2387 et

139 2424 195 2463 30
228 2414 344 2463 feeit
375 2413 583 2478 populos
614 2408 966 2477 pae11itentes“.
1036 2414 1251 2462 Contriti
1279 2419 1398 2462 sunt
1434 2419 1622 2462 montes
1662 2415 1913 2473 violentia,

229 2487 322 2536 hoe
371 2494 446 2536 est
491 2488 627 2554 „vim
675 2486 967 2535 facientibus
1016 2486 1267 2536 miraculis
1307 2486 1546 2535 elatorum
1587 2493 1662 2535 est
1701 2486 1912 2534 contrita

231 2556 504 2626 superbia“.
582 2562 923 2622 Defluxerunt
953 2563 1102 2610 eolles
1142 2563 1439 2620 aeternales,
1479 2560 1572 2608 hoc
1614 2566 1689 2608 est
1725 2559 1915 2626 „humi-

351 2690 394 2743 7)
429 2688 503 2731 Lo.
538 2692 608 2743 23,
642 2692 710 2731 34.
774 2689 846 2744 20)
880 2687 952 2732 ΡΒ.
986 2691 1056 2742 56,
1090 2692 1130 2732 6.

353 2840 374 2877 1
410 2834 701 2891 cognosceris
732 2848 758 2877 v
782 2835 797 2890 ΙΙ
822 2839 847 2877 2
888 2834 998 2877 dum
1029 2847 1054 2877 υ
1078 2835 1093 2890 ΙΙ
1115 2834 1303 2878 turbata
1335 2833 1381 2878 R
1392 2852 1404 2889 ;
1445 2833 1720 2878 conturbata
1750 2832 1823 2876 Av
1847 2833 1861 2888 ΙΙ
1887 2836 1911 2875 7

233 2893 356 2949 quod
388 2893 458 2947 R‚·
490 2892 604 2949 quid
636 2907 659 2936 υ
683 2894 697 2949 ΙΙ
725 2898 778 2936 10
810 2893 887 2937 uel
919 2894 977 2936 ab
1011 2892 1154 2936 africo
1185 2906 1211 2936 v
