2044 3146
237 145 346 197 234
909 155 945 188 s.
972 154 1248 189 AUGUSTm

237 268 352 334 bus,
399 269 505 332 ipse
553 269 603 316 in
650 282 769 332 pace
817 269 1113 333 praemium,
1165 269 1249 332 qui
1299 269 1455 316 virtus
1495 269 1546 316 in
1584 266 1727 316 bello,
1804 267 1919 316 Ideo

237 357 348 391 cum
382 343 432 390 in
465 340 628 390 verbis
659 340 850 390 Nathan
883 340 1069 390 dictum
1110 343 1194 391 sit:
1234 342 1301 390 Et
1338 342 1593 390 nuntiabit
1630 342 1724 390 tibi
1752 340 1919 390 Domi-

235 431 355 475 nus,
395 417 631 476 quoniam
671 416 869 465 domum
909 417 1205 474 aedificabis
1245 417 1361 478 ipsi,
1408 420 1582 479 postea
1620 413 1808 463 dictum
1848 420 1922 463 est

235 491 286 537 in
332 487 495 538 verbis
542 486 715 537 David:
770 490 1016 548 Quoniam
1066 494 1117 537 tu
1159 490 1401 538 Dominus
1440 491 1746 551 omnipotens
1785 489 1923 537 Deus

175 570 201 608 5
237 563 420 622 Israel,
473 565 712 612 revelasti
747 577 925 612 aurem
963 565 1101 612 servi
1138 565 1215 611 tui
1252 564 1449 612 dicens:
1494 563 1705 611 Domum
1744 564 1919 620 aedifi·

235 637 361 686 cabo
410 638 512 685 tibi.
590 635 726 685 Hanc
774 637 905 684 enim
952 635 1153 684 domum
1200 642 1250 685 et
1296 651 1387 684 nos
1435 634 1748 684 aedificamus
1794 634 1918 683 bene

234 710 463 775 vivend0‚
511 716 560 759 et
598 708 730 758 Deus
778 716 833 758 ut
871 709 997 758 bene
1047 710 1266 758 vivamus
1313 708 1622 773 opituland03
1670 709 1783 772 quia
1822 711 1924 757 nisi

235 784 477 833 Dominus
517 786 871 843 aedificaverit
909 785 1126 843 domum,
1179 786 1231 831 in
1270 797 1452 831 vanum
1492 783 1799 831 laborabunt
1837 797 1920 830 ae-

235 859 500 916 dificantes
547 871 670 906 eam.
750 856 901 905 Cuius
948 856 1124 905 domus
1172 872 1285 905 cum
1329 857 1521 905 venerit
1567 854 1738 904 ultima
1788 855 1920 904 dedi-

147 937 201 977 10
235 932 386 991 cati0,
442 937 560 980 tunc
612 931 695 978 fiet
741 929 887 996 illud,
943 929 1073 994 quod
1122 929 1200 979 hic
1247 944 1339 995 per
1376 928 1568 979 Nathan
1606 928 1803 978 locutus
1843 935 1918 978 est

233 1003 363 1053 Deus
414 1004 605 1053 dicens:
659 1005 726 1052 Et
767 1018 953 1066 ponam
1003 1006 1165 1053 locum
1218 1006 1401 1066 populo
1459 1017 1566 1052 meo
1615 1003 1804 1065 Israel,
1875 1008 1924 1052 et

225 1079 470 1139 plantabo
517 1081 675 1144 illum,
724 1084 774 1127 et
811 1079 1116 1127 inhabitabit
1159 1092 1403 1137 seorsum,
1452 1083 1502 1126 et
1538 1091 1636 1126 non
1675 1078 1919 1126 sollicitus

232 1154 333 1200 erit
360 1155 512 1212 ultra,
553 1158 602 1201 et
630 1165 730 1201 non
762 1157 976 1215 apponet
1002 1154 1141 1211 filius
1173 1154 1454 1213 iniquitatis
1493 1152 1764 1199 humiliare
1793 1164 1920 1210 eum,

231 1227 365 1274 sicut
410 1227 474 1274 ab
523 1228 666 1275 initio
706 1240 738 1274 a
779 1227 975 1285 diebuS,
1023 1226 1204 1286 quibus
1251 1226 1492 1274 constitui
1536 1225 1731 1273 iudices
1769 1238 1923 1285 super

146 1305 199 1346 15
227 1302 466 1361 populum
505 1313 666 1349 meum
706 1299 883 1348 Israel.

884 1456 1082 1510 CAPUT
1122 1456 1268 1508 XIII.

232 1563 310 1611 An
338 1565 620 1625 promissae
644 1566 793 1626 pacis
826 1566 1013 1612 veritas
1048 1565 1144 1612 illis
1177 1564 1483 1624 temporibus
1518 1564 1677 1624 possit
1714 1563 1920 1622 ascribi,

639 1638 770 1698 quae
807 1639 899 1686 sub
940 1637 1205 1685 Salomone
1237 1638 1516 1696 fluxerunt.
1851 1648 1874 1660 *

383 1737 487 1787 Hoc
519 1746 618 1787 tam
650 1754 882 1803 magnum
922 1738 1108 1788 bonum
1148 1739 1372 1802 quisquis
1412 1739 1463 1787 in
1502 1738 1595 1787 hoc
1635 1738 1830 1787 saeculo
1872 1744 1921 1787 et

143 1822 200 1860 20
235 1813 284 1859 in
324 1811 414 1861 hac
450 1818 582 1861 terra
615 1819 796 1878 sperat,
835 1814 1127 1877 insipienter
1167 1813 1306 1876 sapit.
1383 1811 1458 1860 An
1498 1813 1741 1876 quispiam
1780 1818 1918 1876 puta-

232 1884 305 1934 bit
342 1887 394 1933 in
432 1901 551 1950 pace
599 1888 739 1950 regni
781 1885 1055 1934 Salomonis
1094 1885 1143 1934 id
1183 1901 1293 1934 esse
1333 1882 1667 1950 completum?
1742 1884 1920 1934 Pacem

233 1960 415 2023 quippe
455 1958 585 2008 illam
635 1961 881 2024 scriptura
930 1962 982 2008 in
1022 1958 1196 2008 umbra
1236 1959 1392 2008 futuri
1432 1958 1690 2008 excellenti
1728 1957 1920 2023 praedi·

235 2034 426 2080 catione
459 2032 784 2082 commendat.
863 2032 960 2081 Sed
992 2032 1107 2081 huic
1141 2033 1410 2096 suspicioni
1449 2031 1707 2095 vigilanter
1746 2046 1919 2080 occur·

234 2119 343 2153 sum
382 2111 481 2170 est,
521 2121 657 2172 cum,
697 2111 866 2170 postea
907 2120 1052 2170 quam
1093 2105 1278 2154 dictum
1319 2112 1415 2154 est:
1462 2106 1529 2153 Et
1565 2119 1663 2154 non
1703 2111 1922 2168 apponet

142 2188 197 2227 25
226 2180 367 2237 filius
399 2181 680 2239 iniquitatis
712 2180 983 2228 humiliare
1022 2193 1147 2244 eum,
1188 2180 1422 2227 continuo
1463 2177 1782 2227 subiunctum
1823 2185 1920 2227 est:

230 2252 376 2300 Sicut
421 2253 485 2300 ab
537 2254 680 2301 initio
720 2267 751 2300 a
793 2253 989 2312 diebus,
1038 2253 1218 2313 quibus
1257 2254 1497 2301 constitui
1533 2254 1727 2301 iudices
1765 2266 1920 2314 super

222 2327 462 2386 populum
494 2339 654 2374 meum
697 2326 874 2374 Israel.
952 2325 1144 2374 Iudices
1184 2340 1409 2389 namque,
1449 2326 1735 2389 priusquam
1775 2339 1919 2389 reges

229 2397 297 2446 ibi
344 2413 451 2446 esse
500 2400 799 2463 coepissent,
848 2413 998 2463 super
1048 2398 1186 2447 illum
1226 2398 1463 2462 populum
1502 2399 1698 2447 fuerant
1737 2399 1918 2446 consti·

229 2473 351 2536 tuti,
391 2487 450 2520 ex
490 2485 587 2536 quo
628 2479 810 2521 terram
849 2473 1191 2536 promissionis
1231 2474 1433 2536 accepit.
1510 2471 1784 2535 Et'utique
1825 2471 1915 2519 hu·

140 2555 197 2594 30
229 2544 445 2593 miliabat
498 2561 609 2594 eum
658 2545 787 2594 filius
835 2547 1131 2610 iniquitatis,
1180 2545 1272 2594 hoc
1321 2551 1396 2594 est
1434 2544 1591 2593 hostis
1631 2536 1917 2610 alienigena,

350 2658 394 2712 1)
428 2661 466 2700 1.
512 2655 612 2701 Cor.
647 2662 724 2712 15,
768 2661 839 2701 28.
904 2659 947 2713 6)
983 2663 1021 2701 2.
1058 2657 1178 2701 Sam.
1222 2662 1272 2711 7,
1318 2661 1392 2709 113
1427 2661 1494 2701 27.
1561 2658 1604 2711 9)
1636 2656 1707 2699 ΡΞ.
1743 2658 1840 2710 126,
1877 2660 1914 2701 1.

231 2716 302 2770 15)
336 2720 375 2758 2.
410 2714 531 2759 Sam.
565 2720 604 2772 7,
641 2721 693 2760 10
727 2731 791 2771 sq.

298 2852 304 2853 ἶ
349 2882 374 2920 5
408 2877 599 2921 domum
631 2877 878 2933 om.'R!18
912 2877 1127 2921 laborant
1157 2876 1202 2920 R
1225 2878 1240 2933 fl
1266 2881 1318 2920 27
1353 2877 1569 2933 namque]
1604 2877 1760 2919 autem
1791 2874 1836 2919 R
