2054 3152
582 150 648 183 ΒΕ
672 148 910 182 ctvrrA'rE
933 149 1023 182 nm
1046 150 1089 182 L.
1115 150 1197 183 xv.
1222 149 1258 183 o.
1285 151 1338 184 15.
1363 152 1416 184 16.
1770 140 1838 191 91

150 262 226 311 Ex
264 277 362 327 quo
401 261 619 327 intellegi
657 269 844 328 potest,
882 268 1076 311 veteres
1117 277 1312 327 quoque
1352 261 1577 312 homines
1617 270 1729 312 ante
1770 263 1839 313 di-

154 336 342 385 luvium
392 350 491 384 non
537 337 914 401 primogenitos,
963 335 1048 385 sed
1097 351 1182 385 eos
1222 337 1373 386 fuisse
1415 343 1841 404 commemoratoS,

151 424 242 474 per
273 424 398 474 quos
429 409 551 458 ordo
584 409 957 459 succedentium
988 411 1362 474 generationum
1401 409 1459 459 ad
1492 410 1594 460 Noe
1634 412 1840 475 patriar-

152 482 296 532 cham
344 482 633 549 duceretur,
682 498 744 532 ne
794 498 933 532 serae
980 482 1255 547 pubertatis
1303 483 1501 533 illorum
1540 484 1752 534 obscura
1791 492 1841 535 et

153 571 253 605 non
292 558 571 606 necessaria
611 558 834 621 quaestio
875 572 965 606 nos
1005 557 1188 621 fatiget.
1873 565 1899 604 5

809 728 1006 783 CAPUT
1040 728 1185 782 XVI.

188 837 265 886 De
304 838 418 886 iure
456 839 823 898 coniugiorum,
863 839 1000 898 quod
1037 839 1275 887 dissimile
1315 852 1347 886 α
1385 838 1805 898 subsequentibus

431 913 765 959 matrimoniis
803 912 1080 960 habuerint
1110 914 1281 973 prima
1321 912 1553 960 conubia.

300 1011 424 1062 Cum
470 1014 621 1078 igitur
671 1029 829 1078 genus
883 1013 1154 1062 humanum
1199 1019 1312 1078 post
1356 1015 1566 1078 primam
1613 1013 1839 1078 copulam

150 1088 244 1135 viri
275 1087 392 1136 facti
423 1103 483 1135 ex
514 1086 716 1151 pulvere
750 1094 799 1135 et
831 1089 1055 1151 coniugis
1087 1089 1195 1136 eius
1228 1103 1287 1136 ex
1319 1089 1411 1136 viri
1443 1087 1594 1136 latere
1628 1088 1839 1136 marium
1875 1081 1930 1120 10

152 1160 546 1224 feminarumque
602 1162 950 1209 coniunctione
1013 1176 1137 1224 opus
1199 1160 1417 1226 haberet,
1479 1168 1535 1209 ut
1596 1160 1840 1225 gignendo

152 1233 588 1300 multiplicaretur,
628 1249 720 1283 nec
760 1240 930 1283 essent
968 1233 1056 1283 ulli
1093 1233 1340 1294 homines,
1387 1235 1483 1282 nisi
1524 1235 1609 1298 qui
1648 1249 1707 1283 ex
1745 1233 1842 1282 illis

151 1306 346 1357 duobus
393 1310 495 1357 nati
542 1308 774 1358 fuissent:
821 1309 914 1356 viri
961 1323 1159 1356 sorores
1211 1314 1331 1357 suas
1365 1309 1601 1372 coniuges
1641 1322 1840 1372 accepe-

152 1388 292 1448 runt3
339 1381 471 1447 quod
511 1382 735 1446 profecto
776 1388 958 1446 quanto
1001 1389 1076 1431 est
1115 1383 1366 1446 antiquius
1407 1380 1716 1446 conpellente
1756 1395 1840 1429 ne·

153 1457 405 1521 cessitate,
459 1462 596 1504 tanto
650 1462 822 1520 postea
870 1456 1053 1504 factum
1102 1462 1178 1504 est
1225 1455 1550 1504 damnabilius
1601 1455 1838 1519 religione
1875 1462 1930 1502 15

151 1528 461 1594 prohibente.
537 1529 712 1578 Habita
751 1537 827 1578 est
865 1531 998 1578 enim
1038 1531 1162 1578 ratio
1201 1531 1477 1578 rectissima
1516 1530 1749 1594 caritatiS,
1787 1534 1842 1577 ut

153 1602 401 1668 homines,
441 1602 622 1667 quibus
662 1610 794 1652 esset
833 1603 968 1652 utilis
1009 1610 1155 1667 atque
1196 1603 1403 1652 honesta
1442 1602 1729 1667 concordia,
1769 1600 1840 1650 di-

153 1692 409 1726 versarum
458 1677 882 1726 necessitudinum
929 1676 1138 1726 vinculis
1185 1683 1529 1742 necterentur,
1579 1691 1672 1724 nec
1711 1689 1842 1724 unus

153 1751 205 1798 in
244 1765 343 1799 uno
383 1749 561 1798 multas
598 1749 826 1815 haberet,
874 1749 960 1798 sed
1001 1750 1220 1814 singulae
1261 1756 1614 1814 spargerentur
1651 1751 1703 1797 in
1743 1750 1840 1797 sin·

154 1822 296 1887 gulos
356 1838 411 1872 ac
459 1825 530 1872 sic
578 1824 636 1872 ad
692 1823 923 1872 socialem
976 1825 1124 1872 vitam
1171 1823 1455 1887 diligentius
1503 1822 1842 1887 conligandam
1876 1830 1933 1870 20

153 1897 394 1962 plurimae
456 1896 697 1961 plurimos
763 1896 1061 1946 obtinerent.
1152 1896 1299 1946 Pater
1358 1898 1541 1961 quippe
1597 1902 1646 1944 et
1700 1910 1843 1944 socer

156 1970 367 2020 duarum
399 1977 515 2019 sunt
547 1970 970 2019 necessitudinum
1002 1973 1213 2020 nomina.
1283 1969 1347 2019 Ut
1380 1985 1496 2034 ergo
1529 1969 1680 2018 alium
1710 1970 1842 2033 quis·-

156 2039 252 2110 que
291 2043 468 2093 habeat
499 2050 706 2110 patrem,
745 2044 894 2093 alium
933 2059 1176 2110 socerum,
1216 2045 1531 2093 numerosius
1571 2058 1624 2091 se
1664 2043 1842 2092 caritas

155 2119 380 2183 porrigit.
455 2117 732 2183 Utrumque
773 2125 938 2167 autem
975 2133 1106 2167 unus
1146 2118 1298 2166 Adam
1338 2132 1446 2166 esse
1486 2115 1755 2182 cogebatur
1794 2122 1844 2164 et

155 2191 268 2241 filiis
316 2198 367 2241 et
412 2190 604 2240 filiabus
651 2193 777 2258 suiS,
824 2191 1019 2256 quando
1067 2192 1246 2241 fratres
1293 2205 1590 2255 sororesque
1630 2188 1842 2238 conubio
1877 2197 1932 2237 25

155 2264 503 2330 iungebantur.
581 2264 663 2314 Sic
695 2271 745 2314 et
776 2264 876 2314 Eva
906 2280 1033 2314 uxor
1064 2267 1172 2314 eius
1211 2267 1410 2329 utrique
1451 2265 1592 2313 sexui
1630 2263 1844 2312 filiorum

155 2339 250 2388 fuit
297 2345 346 2388 et
397 2352 571 2387 socrus
618 2345 668 2388 et
714 2344 892 2404 mater3
939 2353 1064 2403 quae
1113 2341 1154 2388 si
1203 2338 1327 2388 duae
1367 2338 1578 2387 feminae
1619 2337 1844 2400 fuissent,

156 2418 315 2462 mater
347 2412 498 2460 altera
531 2418 580 2460 et
613 2427 786 2462 socrus
825 2412 993 2479 altera,
1032 2414 1280 2477 copiosius
1320 2427 1372 2461 se
1413 2410 1607 2460 socialis
1646 2409 1843 2458 dilectio

157 2485 443 2550 conligaret.
519 2485 630 2550 Ipsa
683 2486 896 2550 denique
951 2488 1045 2534 iam
1102 2501 1270 2551 soror,
1332 2485 1464 2550 quod
1518 2486 1664 2533 etiam
1718 2497 1845 2532 uxor

156 2558 328 2626 fiebat,
375 2558 497 2607 duas
543 2559 743 2609 tenebat
787 2574 886 2608 una
932 2559 1347 2625 necessitudines;
1395 2557 1577 2622 quibus
1614 2571 1705 2622 per
1745 2557 1843 2604 sin·
1876 2565 1934 2604 30

158 2631 297 2696 gulas
335 2631 628 2700 distributiS,
667 2640 723 2683 ut
763 2633 915 2682 altera
954 2639 1086 2682 esset
1124 2647 1282 2700 soror,
1320 2632 1472 2682 altera
1511 2646 1651 2694 uxor,
1689 2629 1844 2678 homi-

130 2701 281 2754 'num
334 2720 541 2754 numero
600 2706 793 2756 socialis
845 2707 1188 2771 propinquitas
1243 2711 1524 2770 augeretur.
1603 2702 1700 2752 Sed
1751 2701 1844 2751 hoc

280 2883 333 2921 13
367 2879 520 2922 essent
549 2877 595 2921 R
