2054 3152
157 585 183 626 5

127 953 182 993 10

128 1318 182 1358 15

127 1686 183 1725 20

128 2051 184 2091 25

131 2417 188 2458 30

212 160 283 215 36
878 168 916 202 s,
940 167 1213 202 Aneusrm1

214 285 414 333 nimiam
453 283 529 332 vel
568 284 801 332 iniustam
839 286 1003 347 putat,
1041 282 1206 330 metiri
1243 280 1467 346 profecto
1507 281 1679 345 nescit,
1720 289 1900 345 quanta

213 358 363 409 fuerit
402 358 636 420 iniquitas
675 357 725 404 in
765 353 1037 420 peccand0‚
1083 353 1170 404 ubi
1208 361 1342 404 tanta
1382 359 1488 402 erat
1526 368 1626 402 non
1663 355 1901 418 peccandi

213 430 433 483 facilitas.
513 428 652 478 Sicut
699 430 831 478 enim
870 427 1091 477 Abrahae
1147 443 1246 476 non
1300 428 1530 476 inmerito
1588 441 1761 492 magna
1815 428 1899 478 ob·

216 504 460 554 oedientia
493 502 820 568 praedicatur,
860 503 988 568 quia,
1027 508 1082 550 nt
1113 500 1363 550 occideret
1393 499 1562 564 filium,
1600 515 1682 550 res
1713 500 1900 551 difficil-

214 578 329 626 lima
369 583 445 626 est
484 578 745 642 imperata:
783 578 851 626 ita
889 578 940 624 in
979 574 1204 640 paradiso
1244 580 1380 623 tanto
1421 575 1576 622 maior
1614 573 1898 625 inboedien-

212 653 278 700 tia
318 651 428 716 suit,
465 656 647 714 quanto
687 649 765 717 id,
803 648 935 714 quod
973 654 1292 713 praeceptum
1333 654 1434 713 est,
1471 647 1654 697 nullius
1693 647 1898 699 difficul-

212 725 327 774 tatis
366 724 475 774 fuit.
550 722 614 772 Et
646 725 775 773 sicut
815 722 1125 772 oboedientia
1165 720 1371 770 secundi
1410 721 1622 771 hominis
1662 737 1720 771 eo
1759 737 1899 787 prae·

213 796 480 859 dicabilior,
523 812 619 862 quo
652 797 812 846 factus
845 802 920 845 est
952 795 1221 844 oboediens
1259 809 1418 859 usque
1459 795 1518 843 ad
1558 802 1792 846 mortem:
1831 798 1901 846 ita

212 871 578 934 inoboedientia
626 872 774 935 primi
819 870 1032 918 hominis
1079 884 1138 917 eo
1186 867 1546 934 detestabilior,
1592 885 1689 933 quo
1738 869 1897 920 factus

214 951 291 994 est
329 943 651 1005 inoboediens
689 958 847 1007 usque
897 943 955 991 ad
1007 949 1231 991 mortem.
1307 941 1402 991 Ubi
1441 943 1573 991 enim
1612 958 1786 1007 magna
1824 952 1900 993 est

212 1017 605 1066 inoboedientiae
652 1032 809 1082 poena
860 1018 1113 1081 proposita
1160 1022 1208 1064 et
1256 1031 1336 1064 res
1382 1031 1409 1063 a
1462 1015 1694 1065 Creatore
1742 1017 1897 1066 facilis

212 1093 464 1157 imperata,
504 1092 729 1154 quisnam
770 1092 887 1138 satis
927 1089 1152 1154 explicet,
1193 1097 1432 1154 quantum
1474 1089 1655 1139 malum
1696 1091 1759 1139 sit
1798 1105 1898 1139 non

214 1164 446 1212 oboedire
486 1165 538 1212 in
577 1179 630 1212 re
671 1163 802 1212 facili
841 1170 889 1212 et
921 1170 1082 1212 tantae
1123 1165 1382 1228 potestatis
1422 1164 1630 1228 imperio
1670 1170 1720 1212 et
1758 1170 1895 1213 tanto

213 1243 434 1286 terrente
475 1233 751 1301 supplicio?

362 1310 607 1375 Denique,
648 1317 701 1358 ut
741 1309 957 1358 breviter
997 1310 1211 1375 dicatur,
1250 1311 1299 1358 in
1340 1308 1472 1358 illius
1511 1312 1703 1373 peccati
1742 1326 1898 1375 poena

215 1383 331 1448 quid
364 1382 756 1432 inoboedientiae
789 1385 886 1431 nisi
925 1382 1289 1431 inoboedientia
1329 1382 1572 1432 retributa
1612 1380 1723 1432 est?
1777 1384 1898 1434 Nam

215 1472 338 1521 quae
387 1457 598 1505 hominis
645 1463 722 1505 est
768 1456 859 1505 alia
905 1458 1102 1505 miseria
1149 1458 1245 1505 nisi
1293 1456 1527 1505 adversus
1576 1472 1689 1506 eum
1735 1459 1900 1522 ipsum

213 1530 577 1579 inoboedientia
618 1531 724 1579 eius
764 1531 935 1595 ἱρείης,
976 1536 1044 1596 ut,
1084 1531 1316 1593 quoniam
1356 1529 1512 1578 noluit
1551 1530 1682 1595 quod
1720 1533 1899 1597 potuit,

214 1603 345 1667 qnod
396 1618 494 1652 non
550 1610 714 1668 potest
763 1600 915 1652 velit?
990 1602 1046 1651 In
1099 1602 1325 1667 paradiso
1375 1605 1506 1652 enim
1561 1605 1753 1653 etiamsi
1799 1620 1898 1654 non

216 1678 378 1725 omnia
408 1683 602 1742 poterat
635 1683 745 1726 ante
779 1683 1051 1742 peccatum,
1093 1676 1330 1740 quidquid
1363 1683 1528 1725 tamen
1559 1693 1659 1726 non
1689 1684 1900 1743 poterat,

216 1766 315 1798 non
362 1749 574 1815 volebat,
623 1757 671 1798 et
717 1751 826 1799 ideo
874 1756 1068 1814 poterat
1117 1753 1293 1798 omnia.
1330 1765 1454 1814 quae
1496 1750 1708 1816 volebat3
1763 1766 1896 1801 nunc

215 1838 330 1871 vero
372 1825 500 1872 sicut
538 1825 589 1871 in
629 1826 735 1872 eius
787 1825 940 1888 stirpe
982 1825 1325 1887 cognoscimus
1366 1830 1415 1872 et
1453 1823 1613 1872 divina
1654 1826 1901 1890 scriptura

215 1903 447 1946 testatur:
501 1897 658 1946 Homo
714 1899 933 1947 vanitati
983 1899 1158 1946 similis
1210 1896 1383 1958 factus
1431 1903 1516 1946 est.
1596 1897 1717 1954 Quis
1768 1900 1899 1947 enim

217 1977 492 2034 enumerat,
541 1985 687 2034 qnam
739 1970 891 2019 multa
938 1985 1062 2034 quae
1111 1985 1210 2018 non
1257 1976 1421 2034 potest
1460 1970 1597 2035 velit,
1649 1970 1767 2019 dum
1806 1971 1900 2020 sibi

217 2044 337 2108 ipse,
376 2043 425 2090 id
458 2050 534 2092 est
564 2043 802 2093 voluntati
833 2046 940 2092 eius
977 2045 1082 2107 ipse
1115 2045 1307 2092 animus
1348 2045 1454 2091 eius
1494 2058 1650 2107 eoque
1690 2044 1898 2093 inferior

218 2129 331 2163 caro
373 2117 499 2180 eim,
549 2131 649 2164 non
689 2113 1035 2182 obtemperat?
1110 2115 1222 2181 Ipso
1263 2131 1473 2180 namque
1514 2117 1666 2165 invito
1708 2124 1756 2166 et
1795 2119 1895 2166 ani-

219 2203 327 2236 mus
375 2188 663 2253 plerumque
711 2190 941 2239 turbatur
988 2197 1037 2238 et
1098 2205 1211 2238 caro
1260 2189 1391 2238 dolet
1446 2196 1495 2238 et
1540 2192 1803 2240 veterescit
1852 2199 1900 2239 et

218 2263 451 2325 moritur,
490 2268 539 2309 et
578 2263 815 2327 quidquid
857 2263 986 2312 alind
1027 2265 1267 2328 patimur,
1307 2262 1438 2326 quod
1478 2278 1577 2326 non
1615 2270 1900 2327 pateremur

218 2335 371 2399 inviti,
411 2336 452 2381 si
484 2334 721 2384 voluntati
754 2343 949 2385 nostrae
983 2344 1151 2386 nostra
1184 2343 1358 2385 natura
1398 2338 1531 2385 omni
1572 2337 1712 2385 modo
1754 2345 1899 2401 atque

220 2422 279 2455 ex
334 2406 559 2455 omnibus
616 2408 838 2472 partibus
893 2409 1161 2459 oboediret.
1250 2410 1311 2458 At
1366 2411 1496 2458 enirn
1550 2409 1732 2474 aliquid
1789 2426 1901 2459 caro

219 2481 419 2546 patitur,
458 2495 555 2544 quo
589 2483 772 2530 servire
806 2497 903 2530 non
937 2485 1129 2532 sinitur.
1208 2483 1336 2540 Quid
1368 2484 1575 2531 interest
1607 2483 1753 2549 unde,
1787 2484 1903 2533 dum

341 2610 383 2662 5)
416 2607 528 2651 Gen.
561 2611 632 2663 22,
667 2612 705 2652 2.
769 2610 814 2662 8)
846 2607 962 2651 Phil.
996 2613 1039 2664 2,
1071 2614 1111 2653 8.
1174 2611 1248 2664 23)
1280 2609 1354 2654 Ps.
1390 2614 1486 2663 143,
1519 2613 1561 2654 4.

340 2774 365 2812 2
397 2782 459 2824 sq.
491 2769 540 2811 in
571 2782 664 2812 non
686 2768 921 2824 peccando
952 2766 1150 2811 felicitas
1177 2768 1221 2810 V
1249 2770 1314 2823 (in
1345 2774 1638 2825 expunctum)
1659 2772 1675 2827 ΙΙ
1698 2775 1723 2814 9
1758 2772 1805 2814 et
1833 2772 1901 2814 in-

220 2827 382 2871 oboed.
427 2827 468 2870 V
487 2829 502 2883 ΙΙ
528 2831 582 2870 14
613 2828 814 2870 terrente
855 2826 962 2880 Vef;
1001 2826 1214 2870 terrentis
1245 2827 1362 2880 AF,·
1401 2829 1592 2872 terrenti
1622 2843 1647 2873 v
1671 2831 1766 2885 1124
1799 2843 1902 2874 cum

220 2884 271 2927 F
290 2886 305 2941 ΙΙ
329 2890 383 2929 27
416 2886 662 2930 veterascit
691 2899 717 2930 v
