2038 3146
189 171 223 222 8
878 183 912 217 S.
937 182 1212 218 AUGUSTINI

340 297 471 345 Hinc
503 287 736 345 metuunt
767 298 1081 361 cupiuntque,
1116 297 1285 345 dolent
1315 298 1655 360 gaudentque,

1457 387 1548 420 nec
1580 387 1727 420 auras

345 442 646 506 Suspiciunt,
687 445 886 493 clausae
923 445 1144 494 tenebris
1185 447 1235 493 et
1273 442 1466 493 earcere
1507 460 1671 494 caeco:

194 552 360 593 tamen
410 544 550 594 aliter
598 561 650 594 se
696 545 844 596 habet
888 546 1010 595 fides
1056 554 1238 596 nostra.
1314 545 1436 595 Nam
1476 547 1728 611 corruptio
1769 562 1875 596 cor-

138 628 163 666 5
194 620 345 684 poriS,
385 633 509 682 quae
543 619 771 684 adgravat
802 622 1026 687 animam,
1065 635 1165 668 non
1195 621 1385 685 peccati
1415 621 1562 685 primi
1603 627 1678 669 est
1716 635 1877 686 causa,

195 692 282 741 sed
334 706 516 758 poena3
571 708 664 742 nec
719 709 833 742 caro
885 692 1219 758 corruptibilis
1273 694 1483 742 animam
1536 694 1878 759 peccatricem,

194 765 280 814 sed
322 767 481 814 anima
519 768 768 830 peccatrix
809 767 926 816 fecit
965 782 1073 816 esse
1114 765 1485 832 corruptibilem
1525 781 1736 816 carnem.
1804 766 1878 815 Ex

194 853 290 903 qua
330 841 648 904 corruptione
682 842 843 889 carnis
882 840 997 890 licet
1036 842 1248 889 existant
1287 839 1523 904 quaedam
1562 842 1878 889 incitamenta

191 913 425 961 vitiorum
465 919 514 962 et
551 915 658 978 ipsa
697 913 938 963 desideria
977 915 1173 980 vitiosa,
1211 928 1310 962 non
1349 919 1512 962 tamen
1552 915 1714 962 omnia
1751 915 1878 963 vitae

104 995 159 1035 10
194 987 391 1050 iniquae
424 987 539 1035 vitia
570 986 832 1036 tribuenda
865 994 981 1036 sunt
1012 988 1162 1052 carni,
1201 1001 1263 1035 ne
1297 985 1355 1034 ab
1386 986 1463 1035 his
1495 986 1723 1036 omnibus
1762 1002 1878 1051 pur-

195 1074 367 1123 gemus
408 1058 678 1126 diabolum,
718 1062 802 1124 qui
841 1075 940 1108 non
979 1059 1127 1108 habet
1166 1074 1378 1108 carnem.
1462 1059 1569 1109 Etsi
1608 1061 1740 1108 enim
1779 1060 1878 1108 dia-

192 1131 340 1181 bolus·
376 1132 645 1182 fornicator
675 1133 751 1182 vel
792 1132 1016 1182 ebriosus
1056 1133 1132 1181 vel
1171 1135 1212 1182 si
1252 1132 1370 1196 quid
1407 1133 1556 1182 huius
1595 1133 1728 1182 modi
1767 1132 1880 1182 mali

194 1212 292 1272 est,
342 1206 472 1270 quod
520 1206 578 1254 ad
627 1208 789 1256 carnis
828 1208 1044 1271 pertinet
1082 1206 1379 1272 voluptateS,
1427 1221 1526 1254 non
1564 1212 1729 1271 potest
1768 1206 1880 1271 dici,

194 1294 307 1328 cum
349 1281 411 1329 sit
450 1281 597 1328 etiam
635 1280 806 1329 talium
844 1285 1161 1344 peccatorum
1201 1294 1374 1328 suasor
1413 1286 1464 1328 et
1501 1281 1761 1344 instigator
1799 1294 1879 1328 oc-

106 1362 159 1402 15
197 1352 382 1402 cultus:
422 1359 498 1402 est
535 1360 700 1403 tamen
738 1355 946 1402 maxime
987 1352 1231 1418 superbus
1271 1359 1417 1417 atque
1456 1351 1665 1402 invidus
1744 1353 1879 1411 Quae

198 1425 337 1475 illum
369 1427 607 1476 vitiositas
640 1428 710 1476 sic
743 1426 969 1488 obtinuit,
1010 1433 1064 1476 ut
1101 1432 1306 1491 propter
1344 1425 1470 1476 hanc
1511 1432 1644 1476 esset
1681 1427 1733 1475 in
1773 1441 1878 1476 car-

199 1498 397 1549 ceribus
433 1497 686 1565 caliginosi
716 1500 863 1550 huius
903 1502 1030 1550 aeris
1069 1506 1269 1549 aeterno
1310 1499 1550 1566 supplicio
1592 1499 1879 1550 destinatus,

198 1571 330 1622 Haec
386 1580 550 1623 autem
600 1575 737 1640 vitia,
792 1589 917 1639 quae
970 1579 1142 1623 tenent
1189 1575 1238 1622 in
1292 1573 1483 1622 diabolo
1533 1575 1880 1640 principatum,

199 1647 336 1695 carni
386 1646 560 1696 tribuit
607 1647 880 1713 apostoluS,
930 1662 1075 1712 quam
1122 1653 1314 1696 certum
1361 1653 1436 1696 est
1482 1646 1726 1698 diabolum
1778 1663 1877 1697 non

109 1730 164 1770 20
196 1718 394 1769 habere.
457 1719 585 1770 Dicit
617 1722 744 1770 enim
781 1722 1077 1787 inimicitiaS,
1115 1721 1472 1787 contentiones,
1511 1721 1878 1782 aemulationeS,

200 1794 549 1858 animositateS,
595 1794 801 1843 invidias
841 1809 989 1859 opera
1029 1809 1138 1843 esse
1179 1796 1362 1859 carnis3
1410 1809 1622 1859 quorum
1661 1797 1880 1844 omnium

198 1866 440 1915 malorum
481 1874 629 1931 caput
659 1874 806 1932 atque
846 1869 984 1932 origo
1025 1866 1256 1932 superbia
1294 1875 1384 1933 est,
1423 1883 1546 1932 quae
1588 1870 1692 1917 sine
1733 1883 1880 1917 carne

197 1946 371 2005 regnat
409 1942 460 1988 in
500 1939 706 1990 diabolo.
784 1941 904 1998 Quis
937 1947 1102 1990 autem
1139 1940 1220 1989 illo
1262 1947 1337 1989 est
1374 1942 1620 1990 inimicior
1659 1938 1881 1991 sanctis?

200 2013 320 2071 Quis
369 2013 604 2063 adversus
652 2029 736 2062 eos
784 2016 1161 2079 contentiosior,
1210 2015 1475 2063 animosior
1523 2020 1572 2063 et
1611 2016 1764 2079 magis
1803 2030 1880 2063 ae-

112 2096 168 2136 25
201 2085 365 2135 mulus
390 2093 536 2151 atque
561 2087 755 2136 invidus
780 2084 1065 2136 invenitur?
1118 2086 1178 2135 At
1208 2086 1329 2136 haec
1361 2089 1522 2136 omnia
1554 2102 1668 2136 cum
1705 2087 1882 2137 habeat

201 2161 306 2209 sine
355 2175 531 2224 carne,
583 2176 679 2224 quo
727 2161 873 2210 modo
920 2167 1037 2210 sunt
1074 2162 1167 2209 ista
1206 2175 1355 2224 opera
1395 2163 1583 2227 carniS,
1633 2162 1729 2210 nisi
1767 2163 1881 2225 quia

199 2248 349 2298 opera
389 2239 504 2282 sunt
541 2233 778 2300 hominiS,
817 2249 986 2300 quem,
1025 2235 1154 2283 sicut
1192 2232 1313 2300 dixi,
1360 2235 1558 2282 nomine
1599 2236 1760 2283 carnis
1799 2249 1879 2299 ap-

199 2303 383 2371 pellat?
436 2306 545 2356 Non
585 2309 716 2356 enim
754 2306 979 2356 habendo
1020 2321 1233 2372 carnem,
1274 2321 1419 2370 quam
1458 2322 1557 2355 non
1595 2306 1743 2356 habet
1781 2307 1878 2356 dia-

195 2379 353 2447 boluS,
394 2379 480 2429 sed
513 2381 718 2429 vivendo
751 2380 1024 2430 secundum
1054 2395 1106 2429 se
1146 2381 1325 2446 ipsum,
1362 2379 1455 2428 hoc
1495 2386 1570 2429 est
1609 2381 1881 2430 secundum

112 2465 168 2504 30
201 2451 466 2520 hominem,
506 2454 663 2503 factus
697 2461 772 2504 est
802 2454 948 2503 homo
982 2453 1153 2502 similis
1193 2452 1406 2518 diabolo;
1446 2455 1559 2518 quia
1600 2460 1649 2502 et
1685 2453 1766 2502 ille
1807 2469 1880 2502 se-

202 2527 419 2576 cundum
468 2542 518 2576 se
567 2529 731 2592 ipsum
777 2530 939 2577 vivere
986 2526 1161 2593 voluit,
1213 2525 1406 2590 quando
1446 2528 1497 2575 in
1535 2528 1740 2575 veritate
1780 2541 1879 2575 non

202 2601 353 2666 stetit,
392 2607 448 2649 ut
487 2616 586 2649 non
627 2601 686 2650 de
726 2601 837 2667 Dei,
877 2600 962 2650 sed
1002 2600 1061 2649 de
1103 2614 1191 2649 suo
1231 2599 1542 2648 mendacium
1579 2599 1881 2666 loqueretur,

317 2742 360 2795 3)
391 2740 505 2785 Aen.
544 2747 584 2798 6,
619 2745 703 2785 730
737 2756 833 2797 sqq.
898 2743 975 2798 21)
1008 2741 1108 2786 Gal.
1142 2746 1182 2796 5,
1216 2745 1284 2785 20.
1348 2742 1422 2797 32)
1454 2740 1516 2785 10.
1551 2745 1593 2795 8,
1625 2746 1694 2784 44.

312 2905 366 2944 25
401 2903 449 2944 at
489 2901 551 2954 V,·
583 2902 643 2945 Et
674 2916 698 2945 υ
