2044 3146
256 162 361 214 192
934 172 967 206 s.
993 171 1268 207 AUGUSTINI

246 287 612 335 resurrectione
663 286 768 334 eius
818 285 1104 334 adiunctum
1151 293 1247 335 est:
1310 287 1430 346 Quis
1475 288 1743 336 suscitabit
1795 289 1941 335 eum?

247 360 339 408 hoc
380 366 469 425 est,
510 361 624 423 quia
664 358 828 408 nullus
860 359 1131 425 hominum,
1172 360 1266 410 nisi
1307 375 1358 409 se
1399 361 1520 426 ipse,
1563 361 1647 425 qui
1689 360 1840 409 etiam
1880 360 1939 409 de

245 448 453 498 corpore
487 448 576 482 suo
611 432 754 482 dixit:
795 433 980 483 Solvite
1019 436 1250 496 templum
1289 435 1398 494 hoe,
1439 438 1489 483 et
1522 436 1577 483 in
1619 435 1789 484 triduo
1830 449 1936 483 sus-

245 509 414 556 citabo
455 509 591 556 illud.
670 506 837 572 ipsum
885 514 1048 556 autem
1095 522 1251 572 genus
1291 509 1487 572 mortiS,
1533 507 1626 556 hoc
1668 515 1742 556 est
1788 507 1935 556 subli-

188 588 212 628 5
246 582 388 630 mitas
430 582 615 646 cruciS,
662 583 711 630 in
752 596 851 630 uno
891 580 1041 629 verbo
1081 580 1406 646 intellegitur,
1443 580 1576 645 quod
1617 583 1705 631 ait:
1750 582 1936 633 Ascen—

245 655 374 704 disti.
439 654 581 712 Quod
616 669 730 704 vero
765 653 970 704 addidit:
1011 655 1327 705 Recumbens
1360 656 1603 719 dormisti,
1635 654 1939 720 evangelista

245 729 460 794 exponit,
500 727 584 777 ubi
624 727 768 777 dicit:
823 729 888 777 Ec
927 731 1169 778 inclinato
1209 730 1376 791 eapite
1416 731 1633 778 tradidit
1670 732 1939 791 spiritum;

244 810 327 851 aut
368 809 501 851 certe
543 801 796 867 sepultura
835 804 942 851 eius
983 803 1282 867 agnoscitur,
1322 804 1371 850 in
1412 817 1508 867 qua
1547 802 1776 853 recubuit
1826 803 1935 851 dor-

244 877 427 941 mienS,
479 882 530 924 et
579 875 709 924 unde
763 875 900 924 illum
952 875 1117 924 nullus
1164 875 1441 941 hominum,
1492 877 1620 926 sicut
1660 876 1935 941 prophetae

158 957 211 998 10
244 949 432 1013 aliquos
466 948 548 997 ‘vel
587 950 717 998 sicut
755 951 859 1014 ipse
901 949 1021 998 alios
1034 989 1048 1014 ,
1088 950 1356 1014 suscitavit,
1395 949 1482 999 sed
1523 951 1651 999 sicut
1691 965 1717 999 a
1757 965 1935 999 somno

242 1024 348 1088 ipse
396 1024 626 1071 surrexit.
706 1021 839 1072 Stola
890 1038 1039 1087 porro
1080 1025 1210 1088 eius,
1258 1037 1403 1088 quam
1442 1023 1568 1073 lavat
1607 1025 1658 1073 in
1699 1025 1836 1091 vinc,
1889 1024 1937 1074 id

243 1102 320 1146 est
386 1096 590 1146 mundat
650 1112 677 1145 a
738 1099 953 1161 peccatis
1014 1098 1066 1145 in
1135 1098 1373 1161 sanguine
1437 1112 1552 1162 suo,
1619 1100 1760 1147 cuius
1823 1113 1931 1150 san-

243 1171 406 1235 guinis
438 1177 799 1220 sacramentum
838 1170 1068 1236 baptizati
1107 1172 1285 1236 sciunt,
1325 1171 1455 1220 unde
1497 1179 1544 1220 et
1584 1171 1826 1236 adiungit:
1868 1173 1933 1220 Et

245 1247 297 1292 in
334 1247 586 1306 sanquine
624 1259 753 1294 uvae
793 1247 1031 1295 amictum
1070 1259 1237 1303 suum,
1279 1244 1396 1309 quid
1437 1251 1512 1294 est
1552 1247 1647 1294 nisi
1688 1242 1934 1295 ecclesia?

158 1325 211 1366 15
245 1316 306 1367 Et
341 1317 474 1378 fulvi
510 1321 647 1368 oculi
682 1321 790 1368 eius
828 1333 860 1367 a
900 1320 1014 1368 vino
1054 1317 1298 1383 spiritales
1339 1319 1445 1367 eius
1485 1317 1714 1367 inebriati
1755 1319 1938 1383 poculo

246 1393 381 1451 eiuS,
436 1391 496 1440 de
553 1407 651 1456 quo
707 1394 837 1441 canit
891 1391 1131 1456 psalmus:
1194 1392 1261 1440 Et
1309 1395 1450 1442 calix
1504 1398 1619 1441 tuus
1678 1394 1937 1443 inebrians

226 1480 395 1526 quam
443 1468 751 1527 praeclarus
806 1468 904 1515 est!
956 1466 1022 1514 Et
1061 1468 1231 1515 dentes
1279 1467 1386 1514 eius
1426 1468 1752 1517 candidiores
1791 1470 1944 1533 laete,

247 1538 378 1603 quod
410 1546 581 1603 potant
612 1539 740 1604 apud
773 1539 1050 1604 apostolum
1075 1538 1280 1604 parvuli,
1319 1538 1467 1588 verba
1504 1539 1694 1589 scilicet
1718 1542 1938 1590 nutrien-

249 1613 337 1678 tia,
387 1613 608 1662 nondum
654 1613 819 1662 idonei
859 1612 1014 1663 solido
1055 1612 1181 1662 cibo.
1258 1612 1368 1678 Ipse
1408 1614 1559 1678 igitur
1599 1620 1697 1679 est,
1750 1615 1801 1663 in
1841 1629 1938 1679 quo

163 1695 217 1735 20
250 1688 466 1750 reposita
506 1694 647 1736 erant
686 1689 929 1752 promissa
968 1686 1131 1752 Iudae,
1172 1701 1296 1750 quae
1337 1687 1493 1736 donec
1534 1689 1759 1736 venirent
1799 1703 1937 1738 num—

251 1774 398 1824 quam
428 1762 695 1826 principeS,
733 1761 827 1810 hoc
861 1768 935 1810 est
975 1776 1118 1826 reges
1151 1759 1316 1826 lsrael,
1356 1760 1415 1810 ab
1455 1761 1534 1810 illa
1575 1763 1729 1826 stirpe
1769 1761 1936 1811 defue-

248 1840 380 1883 runt.
458 1835 526 1882 Et
573 1837 678 1898 ipse
725 1837 1012 1898 empeetatio
1056 1837 1311 1897 qentiimm
1359 1834 1488 1899 quod
1536 1834 1718 1884 clarius
1759 1842 1833 1885 est
1871 1837 1937 1883 vi-

250 1906 412 1956 dendo
452 1923 599 1972 quam
638 1909 691 1958 fit
731 1909 1035 1974 exponendo,
1168 1907 1170 1909 ’

889 2078 1087 2134 CAPUT
1129 2080 1295 2134 XLII.

163 2195 218 2236 25
252 2186 328 2235 De
361 2188 484 2245 filiis
524 2187 719 2253 Ioseph,
758 2201 881 2249 quos
921 2187 1077 2237 Iacob
1112 2189 1413 2251 prophetica
1453 2202 1690 2238 manuum
1729 2203 1938 2240 suarum

729 2261 1149 2311 transmutatione
1188 2262 1460 2312 benedixit.

396 2362 536 2412 Sicut
574 2370 741 2413 autem
792 2364 889 2414 duo
930 2363 1062 2413 Isaac
1102 2363 1211 2428 filii,
1259 2363 1389 2414 Esau
1430 2372 1479 2415 et
1518 2365 1685 2432 Iacob,
1732 2366 1936 2431 figuram

246 2435 585 2501 praebuerunt
633 2437 845 2489 duorum
882 2437 1181 2503 populorum
1227 2440 1277 2495 in
1317 2438 1508 2489 Iudaeis
1558 2447 1607 2490 et
1647 2438 1936 2489 Christianis

253 2504 515 2576 (quamviS,
555 2510 687 2576 quod
720 2511 779 2560 ad
811 2512 973 2560 carnis
1013 2513 1334 2577 propaginem
1371 2514 1603 2579 pertinet,
1645 2527 1735 2562 nec
1771 2512 1937 2562 ludaei

369 2653 413 2705 4)
447 2651 575 2707 10.2,
603 2656 671 2696 19.
737 2653 868 2708 7)10.
898 2657 966 2707 19,
992 2657 1061 2698 30.
1127 2656 1200 2709 17)
1225 2654 1298 2699 Ps.
1326 2659 1396 2709 22,
1421 2658 1463 2699 5.
1529 2657 1600 2708 18)
1638 2660 1675 2700 1.
1705 2653 1801 2699 Gor.
1827 2659 1869 2712 3,
1894 2659 1935 2699 2.

369 2848 390 2886 1
427 2843 506 2898 qui
548 2843 632 2887 VA
656 2846 670 2899 ΙΙ
694 2848 719 2886 3
754 2845 801 2887 et
832 2855 915 2888 om.
958 2844 1001 2887 V
1027 2846 1042 2900 ΙΙ
1072 2844 1121 2888 in
1153 2857 1234 2890 om.
1268 2845 1366 2888 RF
1384 2847 1400 2901 ΙΙ
1424 2845 1657 2890 suscitabo
1701 2844 1834 2897 V¹F,·
1864 2858 1934 2889 re-

250 2915 363 2946 susc.
408 2901 589 2946 V2RAv
614 2904 628 2958 ΙΙ
656 2907 705 2945 11
740 2915 877 2958 porro
911 2915 991 2948 om.
1037 2903 1113 2959 Vfl
1140 2909 1192 2948 17
1227 2904 1379 2948 clarus
1398 2904 1455 2948 ’Β
1477 2907 1492 2961 ΙΙ
1516 2904 1613 2949 eius
1646 2917 1728 2949 om.
1771 2903 1831 2947 V¹
