2004 3140
592 170 658 201 DE
682 168 921 202 CIVITATE
946 170 1034 201 DEI
1058 170 1099 202 L.
1124 171 1250 204 xxn.
1276 170 1313 203 c.
1338 172 1369 203 8.
1706 160 1776 212 57
1781 160 1814 212 3

283 282 558 332 Victoriana
597 282 779 331 dicitur
818 281 949 348 villa,
988 282 1047 331 ab
1090 281 1310 348 Hippone
1351 285 1486 348 regio
1527 286 1689 333 minus
1728 287 1814 334 tri-

135 361 268 425 ginta
307 355 504 406 milibus
556 356 707 405 abest.
784 356 1016 405 Memoria
1057 364 1327 422 martyrum
1367 357 1434 406 ibi
1474 366 1549 406 est
1588 357 1813 407 Mediola-

135 433 363 482 nensium
416 430 627 479 Protasii
675 437 723 479 et
771 430 1002 480 Gervasii.
1089 430 1319 480 Portatus
1374 439 1449 480 est
1504 447 1562 480 eo
1618 432 1815 496 quidam

134 506 447 570 adulesccnS,
498 507 583 569 qui
634 520 746 554 cum
794 504 871 554 die
919 505 1080 554 medio
1131 513 1353 570 tempore
1394 507 1591 554 aestatis
1631 521 1814 570 equum

134 580 355 630 ablueret
385 581 435 628 in
468 579 683 628 fluminis
716 580 924 646 gurgite,
963 579 1250 628 daemonem
1289 581 1514 629 incurrit,
1590 579 1663 628 Ibi
1703 596 1814 629 cum
1847 590 1873 629 5

132 657 316 704 iaceret
347 653 423 702 vel
468 655 617 702 morti
659 655 913 718 proximus
953 653 1028 701 vel
1068 653 1344 702 simillimus
1386 660 1596 719 mortim,
1636 654 1694 702 ad
1735 670 1812 703 ve-

131 730 378 794 spertinos
426 727 542 776 illuc
592 727 799 792 hymnos
851 734 900 776 et
947 728 1195 776 orationes
1242 742 1356 776 cum
1395 727 1582 776 ancillis
1622 730 1726 776 suis
1766 735 1814 777 et

133 801 427 867 quibusdam
478 799 928 850 sanctimonialibus
974 816 1032 850 ex
1073 817 1210 850 more
1251 800 1447 850 domina
1485 803 1813 866 possessionis

130 877 331 926 intravit
378 882 524 940 atque
572 875 778 940 hymnos
819 881 1015 924 cantare
1064 882 1351 940 coeperunt.
1429 875 1534 933 Qua
1574 891 1691 925 voce
1731 875 1812 924 ille

132 952 272 1016 quasi
324 965 593 1015 percussus
648 965 886 999 excussus
942 956 1016 998 est
1078 957 1127 998 et
1189 965 1302 999 cum
1349 949 1560 998 terribili
1612 950 1811 999 fremitu
1849 959 1901 998 10

130 1025 281 1074 altare
330 1023 692 1088 adprehensum
740 1039 936 1073 movere
988 1039 1086 1072 non
1127 1024 1313 1072 audens
1353 1025 1453 1072 sive
1494 1038 1593 1072 non
1633 1023 1813 1089 valenS,

131 1106 378 1163 tamquam
426 1113 484 1146 eo
532 1098 682 1147 fuerit
720 1097 944 1162 alligatus
984 1104 1068 1147 aut
1107 1098 1317 1163 adfixuS,
1364 1096 1563 1146 tenebat
1611 1104 1659 1146 et
1699 1112 1812 1146 cum

129 1172 301 1238 grandi
348 1171 531 1221 eiulatu
577 1174 714 1236 parci
760 1171 853 1220 sibi
899 1187 1077 1236 rogans
1130 1170 1478 1237 confitebatur,
1524 1170 1610 1220 ubi
1649 1171 1812 1220 adule-

130 1253 350 1296 scentem
391 1252 439 1294 et
479 1245 674 1310 quando
725 1253 774 1294 et
814 1261 910 1310 quo
952 1245 1096 1294 modo
1136 1246 1383 1294 invaserit.
1460 1244 1718 1294 Postremo
1760 1260 1811 1293 se

130 1322 378 1370 exiturum
410 1334 518 1368 esse
552 1319 847 1369 denuntians
879 1318 1098 1368 membra
1139 1321 1246 1369 eius
1285 1318 1476 1383 singula
1516 1317 1813 1384 nominabat,
1848 1328 1901 1367 15

130 1409 254 1459 quae
294 1409 347 1442 se
388 1400 755 1458 amputaturum
796 1395 963 1443 exiens
1002 1393 1295 1454 minabatur,
1335 1399 1482 1457 atque
1521 1394 1653 1442 inter
1690 1393 1812 1441 haec

129 1468 276 1518 verba
315 1468 543 1517 discessit
582 1466 640 1515 ab
681 1466 892 1517 homine.
983 1466 1080 1517 Sed
1121 1467 1293 1516 oculus
1334 1469 1440 1515 eius
1479 1468 1530 1515 in
1571 1466 1812 1515 maxillam

128 1545 269 1592 fusus
319 1543 458 1591 tenui
506 1541 682 1590 venula
736 1541 795 1590 ab
853 1543 1089 1590 interiore
1142 1543 1281 1605 quasi
1341 1541 1502 1589 radice
1555 1539 1850 1606 pendebat‚⁴

130 1623 387 1680 totumque
429 1617 535 1664 eius
574 1615 806 1681 medium,
846 1615 976 1679 quod
1017 1615 1251 1680 nigellum
1290 1615 1465 1679 suerat,
1506 1613 1811 1663 albicaverat.

128 1690 236 1748 Quo
269 1691 372 1738 viso
405 1691 489 1754 qui
522 1688 724 1738 aderant
755 1683 1139 1755 (concurrerant
1173 1695 1337 1737 autem
1377 1690 1522 1737 etiam
1563 1686 1640 1736 alii
1683 1689 1810 1736 voci·
1843 1698 1900 1737 20

130 1764 223 1813 bus
265 1765 370 1812 eius
403 1764 548 1819 acciti
583 1771 632 1811 et
671 1778 723 1812 se
764 1778 935 1813 omnes
974 1764 1026 1811 in
1065 1764 1337 1811 orationem
1375 1777 1466 1826 pro
1507 1761 1588 1810 illo
1630 1767 1812 1810 strave-

129 1831 287 1905 rant),
335 1838 554 1901 quamvis
603 1852 716 1886 eum
765 1852 881 1885 sana
920 1843 1084 1885 mente
1125 1843 1255 1885 stare
1295 1835 1589 1900 gauderent,
1636 1849 1812 1884 rursus

129 1918 292 1960 tamen
332 1917 537 1976 propter
577 1912 684 1960 eius
731 1910 930 1959 oculum
969 1912 1246 1960 contristati
1285 1909 1532 1958 medicum
1573 1924 1811 1973 quaeren-

128 1986 246 2034 dum
301 2000 409 2033 esse
465 1983 706 2033 dicebant.
782 1983 855 2033 Ibi
901 1986 1107 2033 maritus
1159 1985 1345 2032 sororis
1384 1984 1518 2047 oiim,
1573 1983 1811 2046 quicum

129 2058 211 2108 illo
259 2057 524 2107 detulerat:
573 2057 794 2124 „Potens
833 2065 931 2123 est,
977 2059 1160 2123 inquit,
1208 2057 1339 2106 Deus
1379 2063 1663 2104 sanctorum
1704 2071 1808 2104 ora·
1843 2062 1899 2101 25

128 2131 368 2196 tionibuS,
415 2133 499 2196 qui
547 2132 729 2196 fugavit
775 2130 1086 2197 daemonem,
1134 2130 1301 2179 lumen
1341 2124 1596 2178 reddere.“
1671 2128 1813 2194 Tum,

132 2208 260 2255 sicut
305 2207 492 2271 potuit,
542 2204 740 2254 oculum
790 2205 982 2270 lapsum
1029 2211 1174 2268 atque
1224 2203 1524 2269 pendentem
1573 2202 1681 2251 loco
1722 2218 1812 2251 suo

130 2286 428 2328 revocatum·
461 2278 626 2344 ligavit
672 2281 833 2328 orario
880 2294 973 2327 nec
1012 2279 1108 2327 nisi
1147 2285 1259 2342 post
1298 2283 1487 2342 septem
1528 2276 1634 2326 dies
1673 2284 1810 2342 puta-

129 2355 196 2402 vit
242 2368 351 2402 esse
399 2352 701 2402 solvendum.
779 2351 922 2410 Quod
970 2366 1083 2401 cum
1123 2352 1346 2416 fecisset,
1386 2351 1699 2399 sanissimum
1738 2352 1810 2398 in·

129 2428 277 2475 venit.
355 2425 520 2475 Sanati
574 2433 691 2475 sunt
744 2425 842 2475 illic
890 2432 939 2475 et
988 2424 1090 2491 alii,
1144 2425 1204 2473 de
1260 2423 1439 2489 quibus
1491 2423 1655 2472 dicere
1707 2423 1809 2471 lon—
1843 2431 1900 2471 30

126 2515 242 2565 gum
283 2506 372 2548 est.

276 2572 662 2638 Hipponiensem
709 2572 953 2638 quandam
998 2573 1238 2636 virginem
1286 2571 1412 2635 sci0,
1459 2584 1571 2618 cum
1611 2584 1663 2617 se
1703 2568 1810 2618 oleo

129 2648 466 2711 perunxisset,
514 2648 594 2695 cui
641 2662 730 2711 pro
778 2646 859 2695 illa
906 2661 1052 2694 orans
1091 2643 1350 2709 presbyter
1388 2642 1708 2692 instillaverat
1746 2641 1809 2691 la-

248 2791 274 2830 5
306 2788 462 2831 malim
494 2787 691 2832 daemon
723 2802 853 2841 eum;
883 2788 941 2842 cf.
973 2790 1055 2840 14,·
1087 2789 1205 2838 357,
1236 2789 1300 2830 26
1335 2786 1350 2841 ss
1383 2788 1437 2828 10
1469 2797 1709 2840 percussus
1742 2785 1812 2827 est

130 2844 219 2899 12¹3
248 2847 467 2890 recentior
496 2860 661 2891 manus
692 2847 875 2892 addidit
905 2859 1121 2890 excussus
1154 2845 1226 2887 est
1268 2845 1284 2900 n
1332 2849 1385 2888 19
1417 2841 1710 2899 albigauerat
1740 2844 1811 2895 A,-

131 2903 374 2961 albigabat
405 2904 450 2948 R
472 2905 488 2961 ss
512 2909 568 2950 20
600 2905 936 2950 concurrebant
965 2904 1057 2948 ΕΑ
1080 2906 1095 2960 ΙΙ
1119 2908 1174 2947 32
1208 2902 1552 2959 Hipponensem
1583 2915 1609 2945 v
