2004 3140
568 149 634 182 DE
659 147 898 183 CIVITATE
923 149 1010 182 Dm
1033 150 1074 182 L.
1098 149 1221 182 xxn.
1247 148 1284 183 c.
1309 151 1362 184 30.
1715 139 1822 192 635

138 266 319 315 dentur
373 264 620 329 expressi,
682 264 774 312 iste
838 261 1162 312 sabbatismus
1226 263 1499 312 evidentius
1554 263 1823 331 apparebit,

142 341 374 405 quoniam
405 339 644 402 septimus
676 338 948 402 invenitur3
988 343 1044 387 ut
1074 338 1231 401 prima
1265 344 1396 386 aetas
1436 343 1685 402 tamquam
1724 339 1822 402 pri·

138 428 249 463 mus
300 411 404 460 dies
452 413 515 460 sit
561 410 620 459 ab
660 410 811 459 Adam
850 426 1008 475 usque
1048 410 1108 459 ad
1148 410 1406 477 diluvium,
1454 411 1670 460 secunda
1708 411 1822 460 inde

136 502 294 551 usque
324 485 386 539 ,ad
412 484 672 555 Abraham,
703 500 802 533 non
835 485 1126 549 aequalitate
1160 491 1456 550 temporum,
1496 484 1582 534 sed
1615 500 1822 534 numero

136 561 533 625 generationum3
596 558 750 607 denas
817 560 997 623 quippe
1051 557 1233 607 habere
1287 560 1622 623 reperiuntur.
1698 558 1824 608 Hinc
1857 566 1882 606 5

138 635 257 700 iam,
305 635 434 683 siout
472 632 746 682 Matthaeus
799 632 1094 697 evangelista
1133 632 1450 698 determinat,
1498 639 1600 681 tres
1640 638 1824 682 aetates

137 723 297 772 usque
345 707 404 756 ad
453 706 635 756 Christi
685 705 1060 771 subsequuntur
1107 705 1392 772 adventum,
1439 721 1563 770 quae
1605 705 1824 770 singulae

141 781 282 831 denis
328 787 379 830 et
425 782 679 845 quaternis
730 780 1131 845 generationibus
1183 779 1512 845 explicantur:
1565 778 1622 828 ab
1674 779 1824 828 Abra-

139 855 255 905 ham
292 870 450 919 usque
492 855 551 903 ad
592 854 741 903 David
784 870 908 920 una,
954 854 1106 904 altera
1145 853 1259 903 inde
1299 869 1458 918 usque
1498 853 1557 902 ad
1598 855 1825 903 transmi-

138 931 414 995 grationem
462 930 515 978 in
568 927 911 994 Babyloniam,
962 930 1108 978 tertia
1158 927 1272 976 inde
1325 943 1484 992 usque
1536 927 1596 976 ad
1643 927 1827 977 Christi
1861 936 1915 976 10

139 1003 385 1052 carnalem
415 1004 732 1052 nativitatem.
793 1002 943 1051 Fiunt
973 1004 1139 1066 itaque
1172 1017 1343 1050 omnes
1383 1003 1614 1066 quinque.
1680 1001 1827 1051 Sexta

137 1092 270 1127 nunc
303 1078 464 1142 agitur
494 1076 629 1125 nullo
669 1078 1044 1140 generationum
1084 1091 1291 1125 numero
1336 1075 1583 1124 metienda
1620 1081 1827 1140 propter

136 1151 186 1201 id
227 1150 358 1215 quod
390 1150 578 1200 dictum
608 1157 706 1199 est:
746 1151 856 1199 Non
889 1156 963 1200 est
992 1155 1211 1200 vestrum
1240 1152 1377 1199 seire
1416 1155 1656 1212 tempora,
1697 1164 1828 1210 quae

138 1226 297 1275 Pater
339 1227 513 1287 posuit
560 1228 613 1273 in
659 1239 754 1273 sua
795 1229 1056 1286 potestate.
1133 1223 1253 1272 Post
1299 1223 1425 1272 hano
1476 1229 1724 1287 tamquam
1775 1224 1828 1270 in

138 1299 215 1348 die
251 1300 459 1363 septimo
492 1299 775 1362 requiescet
807 1297 954 1363 DeUS‚
994 1313 1108 1347 cum
1141 1297 1352 1346 eundem
1385 1297 1514 1345 diem
1548 1298 1827 1361 septimum,
1861 1303 1916 1344 15

138 1372 270 1438 quod
310 1387 400 1421 nos
438 1366 649 1437 erimus,
688 1374 739 1420 in
779 1386 832 1421 se
872 1373 980 1437 ipso
1020 1371 1120 1420 Deo
1162 1371 1310 1420 faciet
1346 1372 1678 1435 requiescere.
1755 1369 1825 1418 De

136 1448 245 1496 istis
290 1461 441 1511 porro
489 1445 731 1495 aetatibus
780 1446 987 1510 singulis
1037 1460 1169 1494 nunc
1210 1444 1472 1509 diligenter
1510 1444 1713 1509 longum
1752 1450 1828 1493 est

139 1521 412 1585 disputare3
467 1519 588 1568 haec
645 1526 811 1569 tamen
866 1520 1074 1584 septima
1125 1520 1220 1568 erit
1275 1517 1531 1568 sabbatum
1586 1524 1828 1583 nostrum,

140 1596 283 1644 cuius
337 1594 448 1642 finis
504 1609 603 1642 non
658 1594 754 1642 erit
798 1607 1026 1659 vespera,
1082 1592 1169 1641 sed
1217 1592 1492 1641 dominicus
1539 1592 1643 1640 dies
1694 1590 1828 1640 velut

141 1674 342 1717 octavus
389 1673 643 1732 aeternrm,
692 1668 778 1730 qui
817 1665 1001 1715 Christi
1046 1667 1413 1715 resurrectione
1463 1671 1683 1714 sacratus
1734 1672 1826 1730 est,
1861 1672 1914 1713 20

140 1748 390 1791 aeternam
444 1756 543 1789 non
591 1740 749 1789 solum
798 1741 1024 1805 spirituS‚
1077 1755 1250 1789 verum
1301 1741 1448 1788 etiam
1488 1740 1711 1803 corporis
1750 1752 1827 1787 re-

142 1817 308 1880 quiem
346 1815 698 1879 praefiguranS.
776 1813 850 1862 Ibi
889 1813 1169 1863 vacabimus
1210 1820 1259 1862 et
1298 1811 1594 1878 videbimUS‚
1644 1810 1828 1860 videbi-

141 1904 253 1938 mus
293 1895 343 1937 et
381 1887 675 1953 amabimUS,
723 1887 994 1936 amabimus
1041 1893 1090 1936 et
1128 1886 1449 1936 laudabimus.
1526 1885 1657 1934 Ecce
1698 1884 1829 1949 quod

141 1964 237 2011 erit
281 1964 332 2011 in
380 1962 476 2011 fine
525 1963 630 2011 sine
678 1962 789 2010 fine.
865 1961 988 2010 Nam
1036 1962 1146 2025 quis
1194 1960 1317 2009 alius
1365 1966 1534 2009 noster
1595 1965 1672 2008 est
1717 1958 1829 2007 finis

141 2037 236 2085 nisi
274 2037 533 2101 pervenire
574 2035 634 2084 ad
674 2050 897 2101 regnum,
936 2034 1078 2084 cuius
1117 2034 1283 2083 nullus
1324 2039 1400 2083 est
1437 2029 1584 2082 finis?
1861 2038 1917 2079 25

288 2108 468 2159 Videor
507 2108 628 2158 mihi
666 2108 888 2158 debitum
926 2109 1140 2173 ingentis
1178 2107 1326 2157 huius
1366 2108 1530 2171 operis
1571 2106 1829 2155 adiuvante

144 2181 352 2232 Domino
385 2182 675 2232 reddidisse.
739 2182 931 2239 Quibus
962 2196 1139 2247 parum
1169 2181 1246 2230 vel
1280 2180 1460 2246 quihus
1493 2181 1700 2228 nimium
1740 2187 1830 2245 est,

142 2256 262 2306 mihi
292 2258 571 2322 ignoscant3
605 2255 786 2321 quibus
819 2262 983 2305 autem
1016 2257 1133 2304 satis
1175 2262 1265 2322 est,
1304 2270 1404 2304 non
1435 2253 1569 2314 mihi,
1610 2252 1696 2302 sed
1729 2252 1829 2302 Deo

142 2345 337 2380 mecum
375 2331 555 2394 gratias
595 2330 990 2394 congratulantes
1030 2336 1187 2394 agant.
1264 2328 1432 2378 Amen.
1509 2327 1678 2376 Amen.

263 2443 336 2498 14)
368 2443 470 2486 Act.
506 2448 543 2500 1,
579 2447 617 2486 τ.

262 2578 318 2618 25
350 2574 522 2632 nullus]
557 2587 650 2617 non
681 2572 726 2616 A
750 2574 765 2629 ΙΙ
788 2577 844 2616 29
878 2585 1026 2617 amen.
1061 2585 1197 2616 amen
1226 2570 1272 2614 R
1281 2587 1296 2623 ;
1337 2583 1473 2613 amen
1504 2569 1575 2613 Av
1600 2571 1615 2625 ΙΙ
1638 2569 1832 2613 subscri-

142 2634 242 2688 ptio
273 2634 326 2677 in
356 2633 425 2676 R:
466 2632 655 2689 explicit
686 2631 805 2675 liber
835 2631 966 2674 XXII
997 2630 1147 2674 saneti
1177 2628 1414 2686 augustini
1446 2628 1501 2672 de
1535 2627 1726 2672 civitate
1758 2627 1830 2681 di;

142 2692 195 2736 in
225 2691 294 2735 A:
335 2691 525 2748 explicit
557 2692 720 2735 contra.
749 2703 957 2746 paganos
989 2689 1107 2733 liber
1145 2687 1388 2732 vicesimus
1427 2687 1654 2731 secundus
1685 2686 1834 2731 aureli

146 2750 382 2807 augustini
413 2750 486 2807 epi
519 2748 922 2807 ypponiregiensis
954 2747 1157 2792 civitatis
1191 2747 1279 2791 dei.

812 2899 1166 2920 -.......<0..—-—..
