2054 3152
227 208 297 261 70
890 217 925 252 S.
957 217 1234 253 Aneustrm

223 333 553 398 praedicentis
586 331 744 380 modo.
821 330 962 380 Tunc
1003 332 1137 380 enim
1175 330 1506 380 dominabitur
1545 331 1756 395 quisque
1795 345 1907 396 pec-

226 413 356 471 cat0,
404 407 446 454 si
484 405 531 454 id
573 405 666 454 sibi
714 420 811 453 non
859 403 1167 453 defendendo
1206 406 1571 471 praeposuerit,
1619 403 1705 453 sed
1744 406 1911 469 paeni-

224 479 373 528 tendo
428 478 723 544 subiecerit3
779 478 994 543 alioquin
1049 483 1098 527 et
1157 477 1228 527 illi
1282 480 1464 527 serviet
1519 477 1816 544 dominanti,
1869 479 1913 527 si

224 554 554 617 patrocinium
586 551 866 601 adhibuerit
903 551 1170 601 accedenti.
1241 551 1338 600 Sed
1379 558 1434 600 ut
1471 557 1731 616 peccatum
1769 550 1911 601 intel-

167 635 193 674 5
226 626 416 690 legatur
448 627 849 691 concupiscentia
871 628 977 690 ipsa
1009 625 1233 691 carnaliS,
1264 625 1323 674 de
1357 640 1452 689 qua
1484 625 1603 674 dicit
1633 625 1912 690 apostolus:

231 701 363 748 Caro
426 703 741 762 concupiscit
800 702 1045 749 adversus
1105 701 1366 761 spiritum,
1429 701 1480 747 in
1544 700 1685 748 cuius
1748 701 1911 748 carnis

224 772 471 822 fructibus
519 780 568 822 et
614 773 845 822 invidiam
893 779 1266 839 commemorat,
1318 787 1415 837 qua
1452 774 1623 836 utique
1665 771 1785 822 Cain
1825 773 1911 821 sti-

224 845 503 896 mulabatur
549 854 599 895 et
643 846 1006 896 accendebatur
1052 847 1103 894 in
1144 847 1311 895 fratris
1351 847 1578 895 exitium:
1632 845 1758 895 bene
1799 845 1913 895 sub-

225 919 423 969 auditur
461 915 630 986 „erit“,
670 920 719 969 id
753 927 850 970 est:
890 921 973 969 Ad
1010 926 1056 968 te
1095 922 1226 968 enim
1266 922 1528 969 conversio
1568 922 1676 969 eius
1715 921 1827 981 erit,
1867 925 1917 969 et

139 1002 195 1043 10
227 999 279 1042 lu
336 989 679 1043 dominaberis
727 997 874 1042 illius.
964 992 1086 1042 Cum
1135 994 1265 1042 enim
1313 998 1555 1042 commota
1603 994 1755 1042 fuerit
1800 1007 1914 1058 pars

223 1068 328 1131 ipsa
369 1067 598 1132 carnaliS,
645 1082 793 1131 quam
841 1073 1098 1132 peccatum
1145 1066 1355 1132 appellat
1394 1066 1667 1132 apostolus,
1714 1065 1801 1115 ubi
1839 1066 1910 1115 di-

225 1142 313 1189 cit:
354 1142 462 1189 Non
502 1155 595 1202 eqo
635 1155 820 1203 operor
859 1143 1004 1201 illud,
1051 1143 1143 1190 sed
1179 1143 1317 1201 quod
1352 1142 1551 1190 habitat
1590 1143 1642 1189 in
1680 1154 1757 1190 me
1791 1155 1909 1203 pee-

224 1219 394 1263 catum·
443 1209 615 1280 (quam
661 1221 852 1279 partem
891 1215 1041 1262 animi
1089 1216 1236 1263 etiam
1274 1213 1552 1279 philosophi
1592 1213 1763 1263 dicunt
1802 1228 1911 1262 esse

223 1288 462 1352 vitiosam,
503 1302 602 1336 non
634 1303 758 1352 quae
799 1294 1015 1337 mentem
1055 1287 1232 1336 debeat
1272 1286 1484 1352 trahere,
1525 1286 1611 1336 sed
1653 1288 1734 1336 cui
1772 1302 1913 1336 mens

140 1369 194 1408 15
227 1359 401 1409 debeat
439 1362 684 1425 imperare
734 1376 938 1425 eamque
987 1360 1046 1409 ab
1086 1360 1287 1410 inlicitis
1327 1359 1562 1425 operibus
1601 1362 1790 1410 ratione
1833 1375 1912 1410 co-

225 1428 445 1500 hibere);
501 1462 570 1469 ——
627 1450 740 1484 cum
798 1450 915 1499 ergo
969 1440 1213 1483 commota
1259 1435 1412 1483 fuerit
1457 1433 1518 1483 ad
1573 1433 1756 1498 aliquid
1802 1449 1914 1499 per·

224 1522 393 1571 peram
442 1508 870 1574 committendum,
918 1509 959 1556 si
1008 1510 1290 1572 quiescatur
1339 1515 1388 1557 et
1427 1506 1804 1572 obtemperetur
1844 1507 1913 1557 di·

225 1582 358 1629 centi
412 1581 654 1645 apostolo:
717 1583 821 1631 Nee
874 1583 1210 1631 exhibueritis
1263 1583 1486 1631 membra
1541 1588 1710 1631 vestra
1766 1596 1913 1630 arma

226 1656 508 1714 iniquitatis
540 1662 776 1718 peccato,
825 1656 884 1704 ad
935 1661 1151 1704 mentem
1190 1654 1373 1704 domita
1411 1662 1462 1704 et
1500 1657 1628 1704 victa
1669 1657 1911 1704 converti-

136 1736 192 1777 20
225 1734 330 1792 tur,
385 1734 440 1777 ut
496 1728 719 1777 subditae
775 1731 899 1777 ratio
955 1728 1249 1778 dominetur.
1335 1728 1439 1778 Hoc
1486 1730 1738 1793 praecepit
1783 1728 1915 1778 Deus

223 1800 361 1867 huic,
408 1803 493 1865 qui
543 1801 732 1850 facibus
787 1801 996 1851 invidiae
1047 1801 1441 1851 inflammabatur
1487 1804 1539 1868 in
1594 1802 1800 1851 fratrem
1850 1810 1914 1867 et,

224 1889 372 1938 quem
426 1874 663 1924 debuerat
718 1877 923 1942 imitari,
978 1875 1207 1940 cupiebat
1262 1876 1461 1925 auferri.
1546 1877 1784 1935 Quiesce,
1842 1877 1914 1924 in-

224 1948 353 2012 quit3
405 1962 579 1997 manus
618 1948 678 1997 ab
719 1948 905 1998 scelere
947 1951 1167 2014 contine,
1213 1964 1313 1998 non
1352 1955 1527 2014 regnet
1565 1955 1826 2013 peccatum
1863 1950 1915 1997 in

224 2027 310 2069 tuo
350 2021 543 2070 mortali
590 2037 798 2087 corpore
839 2021 899 2070 ad
938 2021 1302 2071 oboediendum
1341 2021 1600 2071 desideriis
1640 2023 1773 2087 eiuS,
1823 2037 1914 2070 nec

137 2102 193 2142 25
226 2093 455 2142 exhibeas
510 2095 729 2145 membra
783 2103 867 2145 tua
921 2096 1194 2160 iniquitatis
1249 2110 1383 2145 arma
1435 2101 1652 2159 peccato.
1729 2095 1813 2144 Ad
1867 2101 1914 2144 te

226 2169 355 2215 enim
396 2172 656 2218 conversio
704 2172 835 2229 eius,
892 2169 1009 2218 (lum
1050 2184 1147 2217 non
1187 2169 1444 2217 adiuvatur
1482 2167 1771 2234 relaxando,
1827 2169 1911 2217 sed

227 2240 526 2303 quiescendo
581 2242 825 2308 frenatur3
877 2249 926 2291 et
974 2248 1028 2291 tu
1080 2244 1422 2291 dominaberis
1461 2244 1619 2302 illius,
1671 2248 1752 2306 ut,
1801 2257 1914 2291 cum

226 2313 504 2362 forinsecus
551 2329 650 2363 non
696 2317 1001 2381 permittitur
1051 2317 1269 2381 operari,
1318 2314 1410 2364 sub
1450 2320 1694 2379 potestate
1734 2317 1914 2364 mentis

226 2388 444 2450 regentis
492 2394 541 2435 et
587 2387 923 2438 benevolentis
971 2390 1229 2438 adsuescat
1277 2390 1422 2438 etiam
1474 2389 1773 2436 intrinsecus
1814 2403 1914 2437 non

141 2469 200 2508 30
231 2461 431 2509 moveri.
508 2459 704 2510 Dictum
735 2468 812 2511 est
841 2462 936 2511 tale
970 2462 1152 2526 aliquid
1191 2465 1243 2511 in
1282 2462 1457 2511 eodem
1495 2460 1659 2510 divino
1698 2460 1824 2510 libro
1865 2469 1914 2510 et

228 2531 289 2580 de
329 2532 550 2598 muliere,
590 2535 784 2598 quando
816 2542 928 2599 post
959 2542 1217 2599 peccatum
1249 2535 1350 2584 Deo
1389 2537 1725 2598 interrogante
1765 2542 1912 2599 atque

227 2605 474 2654 iudicante
522 2607 848 2657 damnationis
896 2611 1163 2658 sententias
1211 2614 1531 2674 acceperunt,
1577 2609 1630 2656 in
1683 2614 1912 2672 serpente

227 2678 450 2729 diabolus
489 2687 539 2729 et
576 2681 628 2729 in
666 2696 718 2731 se
751 2683 871 2747 ipsis
901 2681 982 2730 illa
1014 2688 1063 2731 et
1093 2684 1314 2732 maritus,
1391 2681 1514 2731 Cum
1546 2682 1678 2729 enim
1708 2680 1918 2730 dixisset

350 2807 391 2859 6)
426 2805 522 2851 Gal.
558 2812 598 2861 5,
634 2812 702 2852 17.
768 2810 839 2863 13)
872 2808 1003 2853 Rom.
1040 2813 1079 2862 7,
1114 2813 1181 2853 17.
1248 2810 1320 2865 19)
1353 2808 1483 2853 Rom.
1517 2813 1559 2863 o,
1594 2812 1659 2852 13.

351 2942 378 2980 4
411 2938 650 2983 accedenti
680 2939 803 2994 Rbf‚·
835 2939 979 2984 accid.
1022 2939 1133 2984 1⁷sz
1157 2941 1173 2997 u
1197 2945 1222 2984 7
1255 2940 1425 2985 instim.
1470 2940 1513 2983 V
