2004 3140
103 935 156 975 10

101 1303 153 1343 15

93 1673 151 1712 20

92 2041 149 2080 25

89 2408 147 2447 30

195 137 301 190 538
874 147 908 180 S.
932 147 1207 182 Ancusmm

193 263 304 326 igne
346 260 595 325 supplicii;
634 262 872 326 primum,
923 262 1037 324 quia
1076 259 1257 310 debent
1297 260 1585 327 adtendere,
1625 275 1772 325 quam
1812 262 1874 310 sit

192 334 499 384 intolerabile
540 342 685 398 atquc
727 350 754 382 a
792 349 907 382 sana
939 333 1163 382 doctrina
1201 336 1346 384 nimis
1387 335 1597 401 devium,
1638 342 1691 384 ut
1731 334 1875 384 multi

194 424 248 458 ac
287 423 443 472 paene
483 423 675 472 omneS,
716 409 802 471 qui
840 406 1071 456 haereses
1110 409 1283 472 impias
1324 408 1652 458 condiderunt
1692 423 1871 458 exeun-

193 491 266 531 tes
298 482 358 531 de
392 481 627 531 catholica
660 481 866 530 ecclesia
899 487 948 530 et
980 481 1097 530 sacti
1135 488 1252 531 sunt
1281 482 1668 548 haeresiarchae,
1707 482 1874 531 melio·

192 571 271 604 res
297 555 507 605 habeant
532 570 717 622 causaS,
743 570 889 620 quam
913 554 978 621 hi,
1003 556 1087 619 qui
1113 570 1382 620 numquam
1405 557 1608 606 fuerunt
1633 556 1875 622 catholici,

191 645 304 678 cum
350 632 402 679 in
443 645 616 678 eorum
654 629 856 693 laqueos
895 629 1210 695 incidissent,
1265 631 1307 678 si
1345 629 1454 679 illos
1503 629 1870 679 haeresiarchas

190 703 282 752 hoc
315 703 430 753 facit
461 703 659 752 liberari
692 719 718 752 a
750 703 990 768 supplicio
1024 704 1341 770 sempiterne,
1381 703 1513 768 quod
1543 706 1595 752 in
1635 703 1873 753 catholica

191 777 398 826 ecclesia
437 777 666 841 baptizati
698 785 814 826 sunt
853 784 903 826 et
942 784 1301 826 sacramentum
1343 779 1566 842 corporis
1599 776 1784 826 Christi
1822 779 1874 826 in

189 866 304 899 vero
346 850 527 900 Christi
574 866 782 915 corpore
830 853 1060 916 primitus
1109 857 1429 917 acceperunt3
1482 867 1595 900 cum
1633 853 1772 916 peior
1812 853 1875 901 sit

189 927 361 988 utique
394 925 619 973 desertor
650 925 763 974 fidei
795 932 844 974 et
875 941 935 974 cx
967 924 1222 974 desertore
1262 932 1572 990 oppugnator
1611 927 1718 974 eius
1758 926 1873 974 effe-

188 1006 297 1047 ctus
338 1013 484 1062 quam
523 998 618 1064 ille,
658 1001 744 1063 qui
783 1014 883 1047 non
916 999 1136 1048 deseruit
1169 998 1299 1063 quod
1332 1014 1431 1048 non
1470 1000 1652 1065 tenuit;
1692 999 1868 1048 deinde

187 1073 299 1136 quia
355 1079 404 1121 et
455 1072 531 1121 his
591 1075 810 1121 occurrit
870 1072 1119 1137 apostolus
1182 1072 1355 1122 eadem
1408 1072 1558 1122 verba
1610 1073 1870 1137 proferens

187 1154 236 1195 et
283 1148 581 1195 enumeratis
629 1146 725 1195 illis
777 1149 939 1195 carnis
990 1146 1223 1211 operibus
1274 1147 1446 1196 eadem
1483 1148 1689 1196 veritate
1728 1162 1868 1212 prae-

187 1219 378 1269 dicens:
424 1221 669 1279 Quoniam
702 1224 791 1282 qui
820 1223 945 1270 talia
977 1227 1150 1283 ayunt,
1189 1236 1402 1282 reynum
1442 1222 1541 1271 Dei
1577 1235 1676 1271 non
1709 1224 1869 1283 possi-

188 1295 386 1343 debunt.

334 1367 472 1416 Unde
523 1382 615 1416 nec
662 1367 732 1416 illi
778 1367 984 1432 perditis
1031 1375 1081 1418 et
1127 1367 1485 1417 damnabilibus
1527 1368 1747 1417 moribus
1787 1369 1871 1417 de-

184 1440 303 1490 bent
357 1456 465 1490 esse
514 1443 705 1507 securi,
762 1444 847 1506 qui
894 1457 1050 1506 usque
1098 1443 1149 1490 in
1196 1442 1344 1491 finem
1393 1442 1593 1506 quidem
1639 1442 1772 1491 velut
1820 1444 1872 1491 in

185 1516 531 1564 communione
587 1515 823 1564 ecclesiae
880 1515 1145 1565 catholicae
1209 1522 1559 1582 perseverant,
1620 1517 1872 1565 intuentes

186 1588 315 1652 quod
356 1588 543 1637 dictum
583 1596 679 1638 est:
727 1590 827 1648 Qua·
849 1592 1260 1652 perseveraverit
1295 1604 1453 1651 usque
1494 1593 1545 1639 in
1579 1592 1748 1651 finem,
1788 1591 1872 1640 hic

183 1665 350 1711 salvus
382 1666 494 1723 erit,
534 1670 584 1711 et
614 1678 703 1727 per
742 1664 867 1712 vitae
907 1665 1217 1727 iniquitatem
1255 1665 1412 1728 ipsam
1450 1665 1576 1712 vitae
1615 1665 1870 1723 iustitiam,

186 1732 314 1799 quod
355 1738 425 1784 eis
459 1735 685 1786 Chr1stus
725 1744 816 1803 est,
855 1738 1105 1804 deserunt,
1145 1739 1246 1786 sive
1287 1736 1573 1786 fornicando
1614 1738 1714 1786 sive
1755 1737 1871 1787 alias

182 1809 502 1858 inmunditias
533 1810 845 1877 flagitiorum,
885 1826 1007 1875 quas
1047 1826 1139 1860 nec
1180 1812 1455 1876 exprimere
1497 1810 1748 1875 apostolus
1787 1826 1868 1859 vo-

182 1883 286 1948 luit,
325 1884 375 1932 in
409 1899 498 1933 suo
531 1899 739 1949 corpore
777 1885 1122 1951 perpetrandO,
1162 1885 1262 1933 sive
1305 1885 1613 1950 turpitudine
1645 1884 1869 1934 luxuriae

182 1957 449 2006 diffluendo
498 1959 598 2006 sive
638 1958 820 2022 aliquid
861 1958 991 2008 aliud
1025 1973 1198 2008 eorum
1230 1958 1434 2025 agend0‚
1475 1958 1534 2007 de
1568 1957 1749 2023 quibus
1781 1960 1869 2008 ait:

191 2031 435 2089 Quoniam
475 2034 564 2092 qui
601 2035 725 2081 talia
766 2039 947 2094 ayunt,
994 2047 1208 2094 reanum
1247 2033 1346 2083 Dei
1382 2047 1481 2082 non
1514 2034 1869 2095 possidebunt;

182 2119 236 2152 ac
283 2119 373 2169 per
420 2104 543 2170 hoc,
590 2107 889 2170 quicumque
937 2113 1088 2170 agunt
1133 2106 1267 2172 talia,
1322 2107 1418 2155 nisi
1464 2107 1515 2154 in
1562 2107 1865 2170 sempiterno

181 2177 421 2241 supplicio
454 2193 553 2226 non
587 2186 748 2244 erunt,
788 2181 901 2243 quia
931 2181 982 2228 in
1014 2179 1102 2227 Dei
1134 2194 1287 2244 regno
1329 2194 1437 2228 esse
1477 2194 1577 2227 non
1615 2185 1865 2243 poterunt.

181 2249 236 2299 ln
267 2250 343 2299 his
376 2252 507 2299 enim
538 2252 900 2315 perseverando
940 2268 1099 2316 usque
1138 2254 1190 2300 in
1225 2251 1373 2301 huius
1412 2254 1538 2301 vitae
1578 2253 1726 2301 finem
1766 2268 1865 2302 non

180 2325 350 2387 utique
406 2324 600 2373 dicendi
662 2332 778 2374 sunt
831 2327 882 2374 in
937 2325 1131 2374 Christo
1194 2340 1538 2390 perseverasse
1602 2341 1760 2390 usque
1815 2328 1866 2375 in

179 2398 348 2463 linem,
397 2400 510 2462 quia
555 2400 606 2447 in
647 2398 840 2447 Christo
887 2414 1204 2463 perseverare
1253 2406 1329 2448 est
1381 2400 1432 2447 in
1473 2400 1580 2448 eius
1619 2399 1714 2447 fide
1753 2414 1864 2464 per-

179 2485 425 2536 severare,
465 2487 588 2535 quae
629 2471 773 2537 fides,
819 2481 876 2521 ut
915 2487 1020 2521 eam
1062 2472 1231 2521 definit
1270 2472 1401 2521 idem
1441 2472 1690 2537 apostolus
1703 2511 1716 2537 ,
1760 2488 1859 2536 per

178 2546 491 2594 dilectionem
531 2552 802 2608 operatum
842 2549 1040 2596 dilectio
1082 2554 1267 2612 autem,
1319 2548 1447 2595 sicut
1485 2548 1590 2610 ipse
1630 2545 1744 2594 alibi
1785 2546 1855 2595 di-

299 2674 368 2727 15)
403 2671 502 2715 Gal.
537 2676 576 2726 5,
610 2677 678 2717 21.
743 2676 816 2729 20)
850 2674 931 2717 Mt.
967 2679 1035 2730 10,
1069 2678 1136 2718 22.
1202 2674 1276 2729 32)
1310 2671 1411 2718 Gal.
1445 2677 1485 2728 5,
1520 2679 1558 2717 6.

298 2823 348 2861 11
384 2818 508 2874 quod
545 2833 637 2863 non
676 2819 770 2872 R¹,·
808 2819 934 2875 quod
972 2835 1225 2876 numquam
1256 2820 1395 2873 R2A,·
1434 2834 1575 2875 quam
1605 2833 1861 2876 numquam

175 2890 202 2921 v
226 2878 241 2932 ΙΙ
265 2881 320 2920 22
353 2877 592 2934 apost-olus
625 2879 880 2935 exprimere
912 2892 937 2922 v
