2054 3152
610 143 677 176 DE
702 142 942 176 cunum:
965 144 1054 176 nm
1077 143 1119 176 L.
1143 143 1225 176 xv.
1250 142 1287 176 o.
1313 145 1343 177 c.
1369 146 1399 177 7.
1759 132 1830 185 67

149 257 250 305 irae
284 270 396 305 vasa
427 254 734 320 discernenS‚
773 254 1136 320 dispensatione
1171 270 1266 319 qua
1304 257 1411 320 ipse
1450 257 1586 306 novit
1623 256 1834 319 multum

149 329 356 395 occulta,
395 328 482 378 sed
514 334 678 378 tamen
710 329 852 378 iusta.
928 328 1040 393 Ipso
1081 330 1262 394 quippe
1303 329 1560 379 adiuvante
1601 329 1832 379 mirabili·

147 403 242 452 bus
289 410 339 452 et
383 401 650 451 latentibus
696 401 876 468 modiS‚
923 417 1036 451 cum
1086 409 1345 467 peccatum
1385 403 1516 468 quod
1555 403 1743 452 habitat
1780 405 1833 452 in

148 476 384 526 membris
416 477 616 543 nostris,
656 490 779 541 qnae
811 477 978 540 potius
1017 477 1113 524 iam
1150 491 1310 540 poena
1346 479 1538 542 peccati
1577 484 1667 544 est,
1706 479 1836 526 sicut

147 549 399 615 apostolus
438 551 700 616 praecipit,
739 564 839 598 non
877 556 1052 614 regnat
1090 551 1141 598 in
1181 556 1352 599 nostro
1391 551 1587 600 mortali
1626 566 1834 616 corpore
1867 559 1894 599 5

144 624 205 672 ad
259 622 623 673 oboediendum
670 623 928 672 desideriis
975 625 1082 672 eius
1137 638 1229 672 nec
1288 625 1334 672 ei
1395 623 1615 673 membra
1666 631 1835 673 nostra

146 697 283 746 velut
320 698 595 762 iniquitatis
635 712 769 747 arma
816 696 1126 760 exhibemuS,
1174 699 1481 747 convertitur
1520 697 1579 747 ad
1619 706 1836 746 mentem

143 786 245 820 non
300 770 394 820 sibi
448 770 508 819 ad
563 771 712 836 mala,
766 769 868 820 Deo
915 778 1145 836 regente,
1200 773 1593 821 consentientem
1640 778 1690 820 et
1729 786 1837 820 eam

144 851 402 910 regentem
448 844 762 909 tranquillius
809 860 942 894 nunc
989 843 1212 911 habebit,
1258 851 1430 909 postea
1477 846 1683 895 sanitate
1723 860 1834 909 per-

144 918 271 967 fecta
310 925 456 982 atque
495 917 844 968 inmortalitate
883 925 1119 983 percepta
1156 917 1303 967 homo
1344 920 1448 967 sine
1489 918 1587 968 ullo
1628 925 1830 984 peccato
1866 927 1921 968 10

142 993 193 1040 in
235 998 435 1041 aeterna
472 1007 592 1056 pace
631 991 870 1057 regnabit.

816 1178 1007 1233 CAPUT
1047 1178 1167 1232 VII.

146 1287 224 1337 De
269 1301 429 1337 causa
477 1291 526 1336 et
565 1288 860 1348 pertinacia
898 1289 1107 1336 sceleris
1152 1286 1299 1348 Cain,
1346 1301 1490 1347 quem
1530 1301 1563 1335 a
1596 1285 1836 1348 facinore

480 1367 719 1422 concepto
759 1375 853 1410 nec
892 1361 990 1409 Dei
1024 1374 1188 1410 sermo
1227 1363 1498 1409 revocavit.

297 1463 392 1512 Sed
446 1463 539 1511 hoc
593 1465 778 1529 ipsum,
833 1463 962 1526 qnod
1018 1464 1147 1512 sicut
1203 1464 1453 1527 potuimus
1502 1463 1834 1529 exposuinmS,
1868 1472 1922 1511 15

148 1551 261 1586 cum
300 1536 432 1585 Deus
470 1536 666 1585 locutus
706 1543 839 1585 esset
877 1536 935 1584 ad
978 1535 1096 1585 Cain
1135 1552 1193 1585 eo
1235 1551 1395 1603 more,
1446 1552 1543 1602 quo
1583 1551 1697 1585 cum
1735 1537 1835 1601 pri-

147 1612 239 1659 mis
278 1609 560 1659 hominibus
607 1625 698 1674 per
744 1616 1023 1658 creaturam
1062 1609 1335 1659 subiectam
1372 1610 1507 1659 velut
1545 1624 1720 1659 eorum
1759 1624 1834 1658 so-

149 1686 255 1733 cius
294 1684 450 1732 forma
492 1698 709 1747 congrua
755 1682 1071 1748 loquebatur,
1120 1684 1238 1748 quid
1279 1686 1323 1732 ei
1361 1680 1586 1748 profuit?
1661 1682 1835 1731 Nonne

150 1763 445 1821 conceptum
494 1756 656 1805 scelus
703 1758 754 1805 in
800 1756 1020 1805 necando
1069 1757 1221 1805 fratre
1270 1759 1417 1806 etiam
1467 1763 1580 1821 post
1629 1755 1835 1805 verbum

151 1830 340 1879 divinae
374 1829 719 1879 admonitionis
751 1826 1011 1894 implevit?
1071 1829 1194 1878 Nam
1226 1845 1338 1880 cum
1372 1831 1611 1879 sacrificia
1651 1830 1833 1879 discre-
1867 1840 1924 1879 20

147 1905 299 1952 visset
324 1902 595 1970 amborum,
627 1905 675 1951 in
701 1902 832 1952 illius
865 1904 1152 1969 respicienS‚
1191 1903 1338 1952 huius
1372 1903 1664 1968 despicienS,
1704 1903 1835 1967 quod

148 1992 247 2026 non
287 1975 610 2026 dubitandum
659 1983 736 2025 est
780 1979 1001 2041 potuisse
1044 1979 1283 2041 'cognosci
1322 1979 1462 2041 signo
1502 1976 1664 2041 aliquo
1704 1976 1836 2025 adte-

151 2056 313 2100 stante
353 2049 546 2116 visibili,
587 2057 635 2099 et
673 2050 767 2099 hoc
806 2050 916 2099 ideo
959 2051 1158 2099 fecisset
1195 2049 1341 2116 Deus,
1381 2051 1494 2115 quia
1534 2050 1658 2098 mala
1698 2057 1838 2099 erant

153 2139 302 2189 opera
342 2124 504 2189 huim,
544 2123 712 2172 fratris
750 2139 867 2172 vero
907 2126 1014 2173 eius
1053 2122 1203 2173 bona:
1244 2126 1564 2173 contristatus
1605 2130 1680 2173 est
1719 2122 1836 2172 Cain

154 2197 291 2246 valde
333 2203 382 2246 et
421 2196 636 2245 concidit
674 2197 823 2246 facies
864 2198 985 2246 eins
1064 2197 1145 2246 Sic
1186 2199 1316 2246 enim
1357 2199 1597 2262 scriptum
1637 2204 1733 2246 est:
1772 2196 1840 2246 Et
1869 2206 1925 2246 25

151 2272 285 2320 dixit
317 2271 561 2320 Dominus
593 2272 665 2319 ad
700 2271 848 2320 Cain:
897 2272 1067 2330 Quare
1100 2274 1259 2320 tristis
1294 2270 1468 2332 factus
1507 2287 1559 2321 es
1598 2277 1647 2320 et
1676 2285 1840 2332 quare

151 2345 375 2394 concidit
399 2342 566 2405 facies
599 2346 722 2392 tua?
783 2345 959 2394 Nonne
988 2347 1036 2393 si
1072 2351 1210 2395 recte
1248 2345 1453 2406 offeraS,
1493 2350 1633 2395 recte
1672 2350 1839 2394 autem

150 2431 250 2467 non
301 2418 521 2482 dividaS,
569 2419 831 2479 peccasti?
901 2419 1112 2477 Quiesce
1120 2436 1140 2476 ;
1194 2420 1267 2468 ad
1310 2424 1357 2468 te
1406 2421 1537 2468 enim
1576 2420 1838 2468 conversio

151 2493 279 2551 eiuS,
334 2497 383 2540 et
428 2496 481 2539 tu
530 2491 869 2540 dominaberis
900 2493 1062 2540 ‘illius
1139 2491 1196 2540 In
1242 2491 1332 2541 hac
1380 2491 1710 2540 admonitione
1759 2490 1837 2539 vel

151 2565 365 2625 monitu,
407 2573 561 2627 quem
599 2563 731 2612 Deus
770 2564 978 2628 protulit
1015 2564 1074 2612 ad
1116 2563 1257 2630 Cain,
1302 2564 1422 2614 illud
1462 2565 1660 2636 quidem
1702 2563 1833 2629 quod
1866 2574 1923 2614 30

273 2692 315 2746 7)
346 2690 478 2735 Rom,
512 2695 554 2747 6,
589 2695 641 2734 12
675 2705 741 2746 sq.
805 2692 878 2747 29)
911 2689 1023 2735 Gen.
1057 2696 1098 2747 4,
1132 2696 1158 2736 c
1192 2667 1256 2746 s21.

273 2870 328 2910 29
361 2865 691 2924 admonitione,
723 2881 863 2922 quam
893 2880 921 2912 v
953 2868 1131 2922 (omisso
1161 2867 1237 2912 vel
1268 2867 1466 2925 monitu)

1417 2941 1478 2985 5*
