2004 3140
212 129 321 181 496
901 139 935 172 s.
959 139 1237 174 AUGUSmm

977 223 979 226 -
1779 215 1802 235 ο

210 253 369 320 batur,
407 259 508 302 tam
540 253 784 302 fervidum
817 251 1060 313 noctibuS,
1099 259 1156 301 ut
1194 267 1292 302 non
1331 259 1574 318 tangatur.
1651 253 1708 302 In
1746 253 1897 319 Epiro

211 327 359 377 alium
409 327 618 392 fontem,
665 328 716 375 in
763 342 860 391 qno
901 327 1055 392 faceS,
1103 333 1158 375 ut
1196 328 1248 375 in
1288 329 1491 393 ceteris,
1539 329 1897 392 extinguuntur

212 415 471 467 accensae,
521 401 631 466 sed,
677 415 775 449 non
815 408 871 449 ut
917 402 968 449 in
1009 402 1211 466 ceteriS,
1258 401 1598 451 accenduntur
1639 403 1897 452 extinctae.

208 473 453 524 Asbeston
491 474 727 524 Arcadiae
766 474 978 539 lapidem
1016 480 1281 539 propterea
1320 476 1390 523 sic
1429 476 1608 542 vocari,
1649 475 1779 539 quod
1819 491 1898 525 ac·

153 555 180 595 5
215 564 394 598 census
434 548 587 598 semel
618 550 713 598 iam
746 563 845 597 non
883 549 1042 613 possit
1081 549 1316 612 extingui.
1392 547 1602 612 Lignum
1642 549 1900 599 cuiusdam

208 624 332 672 ficus
371 623 661 689 Aegyptiae,
700 637 801 671 non
840 629 896 671 nt
933 622 1063 686 ligna
1103 629 1267 671 cetera
1305 623 1357 670 in
1401 624 1540 686 aquis
1579 628 1771 689 natare,
1812 623 1900 673 sed

208 699 389 762 mergi3
441 704 513 761 et,
565 696 696 760 quod
744 702 820 745 est
865 695 1161 762 mirabilius,
1209 711 1322 745 cum
1369 697 1432 744 in·
1460 698 1558 744 imo
1598 696 1898 761 aliquamdiu

207 771 374 836 fuerit,
411 770 526 819 inde
558 770 617 819 ad
650 785 803 834 aquae
837 770 1152 834 superficiem
1182 785 1358 818 rursus
1391 784 1661 836 emergere,
1701 771 1896 834 quando

209 844 539 894 madefactum
592 843 763 893 debuit
816 845 1005 893 umoris
1066 843 1286 908 pondere
1338 845 1666 908 praegravari.
1742 844 1895 894 Poma

121 923 176 964 10
205 920 258 967 in
304 925 439 967 terra
486 917 815 967 Sodomorum
861 919 995 982 gigni
1043 917 1242 981 quidem
1288 923 1338 966 et
1384 917 1444 966 ad
1491 919 1787 967 maturitatis
1826 919 1895 967 fa-

206 994 333 1041 ciem
377 994 659 1058 pervenire3
708 991 794 1040 sed
841 1007 1010 1040 morsu
1060 1007 1298 1056 pressuve
1338 998 1573 1056 temptata
1611 993 1663 1040 in
1702 991 1894 1041 fumum

205 1081 261 1115 ac
315 1065 525 1115 favillam
580 1067 714 1115 corio
770 1066 1028 1114 fatiscente
1076 1080 1354 1114 vanescere.
1430 1064 1631 1132 Pyriten
1682 1064 1894 1130 lapidem

203 1139 461 1189 Persicum
501 1141 716 1189 tenentis
755 1154 977 1204 manum,
1028 1141 1071 1188 si
1109 1139 1449 1188 vehementius
1487 1146 1771 1205 prematur,
1811 1139 1893 1188 ad-

204 1229 375 1279 urere,
420 1220 625 1278 propter
673 1213 804 1278 quod
844 1212 903 1262 ab
950 1215 1062 1278 igne
1111 1228 1291 1262 nomen
1338 1214 1543 1278 accepit.
1618 1212 1674 1261 In
1725 1212 1897 1262 eadem

118 1292 172 1331 15
206 1287 410 1336 Perside
464 1289 598 1352 gigni
653 1289 799 1336 etiam
845 1287 1057 1351 lapidem
1104 1286 1367 1352 seleniten,
1422 1288 1564 1336 cuius
1603 1288 1895 1336 interiorem

205 1361 469 1410 candorem
517 1376 629 1410 cum
677 1360 793 1410 luna
843 1375 1070 1410 crescere
1118 1367 1264 1424 atque
1314 1359 1540 1409 deficere.
1617 1360 1674 1408 In
1715 1359 1896 1425 Cappa-

210 1434 350 1483 docia
390 1436 536 1483 etiam
574 1441 721 1483 vento
763 1449 915 1499 equas
954 1436 1239 1500 concipere,
1288 1433 1586 1498 eosdemque
1628 1434 1758 1483 fetus
1797 1450 1898 1483 non

208 1508 416 1573 amplius
465 1510 679 1557 triennio
726 1509 906 1557 vivere.
984 1507 1138 1572 Tylon
1186 1507 1352 1556 Indiae
1399 1507 1611 1556 insulam
1658 1523 1716 1556 eo
1755 1523 1895 1572 prae-

207 1582 329 1630 ferri
368 1583 548 1630 ceteris
586 1583 758 1647 terris,
807 1581 938 1645 quod
978 1583 1138 1630 omnis
1178 1581 1368 1646 arbor,·
1389 1596 1513 1646 quae
1552 1583 1604 1630 in
1646 1596 1703 1630 ea
1741 1583 1895 1646 gigni-

117 1660 174 1700 20
207 1662 303 1721 tur,
343 1671 612 1719 numquam
652 1655 867 1704 nudatur
906 1657 1121 1720 tegmine
1162 1655 1406 1704 foliorum.

351 1728 420 1778 De
460 1729 538 1778 his
577 1736 723 1793 atque
764 1728 871 1778 aliis
910 1728 1353 1778 innumerabilibus
1394 1728 1723 1795 mirabilibuS,
1771 1743 1895 1793 quae

203 1803 411 1852 historia
461 1819 557 1852 non
615 1803 860 1852 factorum
914 1810 965 1852 et
1009 1810 1397 1869 transactorum,
1453 1803 1539 1852 sed
1589 1805 1896 1852 manentium

202 1876 426 1926 locorum
458 1883 610 1943 tenet,
647 1876 770 1926 mihi
802 1883 969 1934 autem
1007 1876 1139 1925 aliud
1177 1879 1341 1942 agenti
1381 1892 1438 1925 ea
1475 1878 1711 1941 persequi
1749 1878 1895 1926 nimis

205 1950 408 2015 longum
455 1957 552 2017 est,
603 1950 813 2000 reddant
858 1952 1123 2016 rationem,
1175 1952 1217 1999 si
1255 1956 1505 2015 possunt,'
1535 1949 1758 1999 infideles
1797 1952 1894 2016 isti,

117 2027 175 2066 25·
206 2026 291 2088 qui
329 2024 505 2073 nolunt
555 2024 732 2073 divinis
778 2023 957 2074 litteris
1005 2024 1231 2090 credere3
1280 2024 1397 2088 quid
1437 2023 1567 2086 aliud
1608 2039 1755 2088 quam
1793 2039 1894 2072 non

203 2104 435 2162 putantes
486 2113 569 2147 eas
617 2113 726 2147 esse
774 2097 985 2164 divinas,
1033 2113 1092 2147 eo
1140 2098 1272 2162 quod
1311 2113 1393 2147 res
1431 2097 1644 2146 habeant
1681 2097 1894 2146 incredi-

203 2170 350 2231 biles,
398 2173 545 2220 sicuti
589 2171 684 2234 hoc
732 2177 808 2220 est
853 2171 985 2220 unde
1037 2186 1169 2220 nunc
1210 2173 1413 2235 agimus,
1490 2170 1600 2220 Non
1639 2173 1771 2220 enim
1811 2170 1892 2219 ad·
1967 2226 1970 2230 ⁴

203 2245 370 2309 mittit,
407 2245 655 2308 inquiunt,
693 2244 791 2293 ulla
822 2246 962 2310 rati0,
1000 2251 1058 2293 ut
1097 2259 1210 2292 caro
1251 2245 1427 2305 ardeat]
1457 2259 1549 2292 nec
1589 2243 1891 2310 absumatur,

205 2317 367 2366 doleat
404 2332 566 2381 neque
607 2320 870 2383 moriatur3
909 2319 1283 2367 ratiocinatores
1322 2317 1550 2366 videlicet
1587 2320 1766 2384 magni,
1806 2319 1892 2382 qui

116 2394 173 2434 30
206 2390 266 2439 de
314 2390 543 2440 omnibus
589 2391 767 2458 rebus,
818 2406 939 2455 quas
986 2406 1095 2440 esse
1142 2390 1392 2440 mirabiles
1433 2396 1651 2457 constat,
1697 2393 1890 2455 possint

202 2464 410 2514 reddere
444 2466 699 2514 rationem.
761 2464 987 2514 Reddant
1019 2480 1135 2530 ergo
1158 2465 1227 2514 ·de
1260 2464 1353 2531 his,
1385 2479 1508 2529 quae
1539 2479 1696 2529 pauca
1725 2465 1890 2529 posui-

203 2553 337 2605 mUS,
387 2554 511 2602 quae
558 2539 732 2603 procul
778 2538 927 2588 dubio
977 2540 1018 2588 si
1065 2553 1173 2587 esse
1222 2540 1475 2587 nescirent
1521 2544 1571 2587 et
1617 2553 1674 2586 ea
1725 2538 1892 2587 futura

205 2626 314 2660 esse
355 2611 647 2679 diceremuS,
686 2613 839 2663 multo
879 2614 1042 2662 minus
1083 2612 1359 2679 crederent,
1399 2627 1546 2677 quam
1585 2611 1717 2676 quod
1756 2626 1890 2661 nunc

323 2817 375 2855 12
409 2812 664 2857 fatescente
695 2812 742 2857 R
779 2815 794 2870 ΙΙ
831 2812 1039 2869 Pyritem
1069 2826 1095 2857 v
1134 2814 1149 2869 ΙΙ
1193 2817 1245 2857 15
1279 2811 1504 2858 seleniten
1534 2811 1604 2866 Ε,-
1637 2811 1891 2858 Selenitem

201 2872 344 2926 931123
376 2870 514 2916 nimis
546 2885 629 2916 om.
665 2876 733 2926 A;
765 2873 823 2926 cf.
857 2876 965 2926 502,
997 2876 1061 2917 27
