<?xml version="1.0" encoding="UTF-8"?>
<!DOCTYPE html PUBLIC "-//W3C//DTD XHTML 1.0 Transitional//EN"
    "http://www.w3.org/TR/xhtml1/DTD/xhtml1-transitional.dtd">
<html xmlns="http://www.w3.org/1999/xhtml" xml:lang="en" lang="en">
 <head>
  <title>
</title>
<meta http-equiv="Content-Type" content="text/html;charset=utf-8" />
  <meta name='ocr-system' content='tesseract 3.04.00' />
  <meta name='ocr-capabilities' content='ocr_page ocr_carea ocr_par ocr_line ocrx_word'/>
</head>
<body>
  <div class='ocr_page' id='page_1' title='image "./decivitatedeilib02auguuoft_0147.png"; bbox 0 0 2054 3152; ppageno 0'>
   <div class='ocr_carea' id='block_1_1' title="bbox 594 140 1829 192">
    <p class='ocr_par' dir='ltr' id='par_1_1' title="bbox 594 140 1829 192">
     <span class='ocr_line' id='line_1_1' title="bbox 594 140 1829 192; baseline 0.001 -9"><span class='ocrx_word' id='word_1_1' title='bbox 594 152 660 183; x_wconf 81' lang='lat' dir='ltr'>DE</span> <span class='ocrx_word' id='word_1_2' title='bbox 685 150 925 184; x_wconf 79' lang='lat' dir='ltr'><strong>CIVITATE</strong></span> <span class='ocrx_word' id='word_1_3' title='bbox 950 151 1038 183; x_wconf 85' lang='lat' dir='ltr'>DEI</span> <span class='ocrx_word' id='word_1_4' title='bbox 1061 151 1103 183; x_wconf 84' lang='lat' dir='ltr'>L.</span> <span class='ocrx_word' id='word_1_5' title='bbox 1126 151 1229 183; x_wconf 83' lang='lat' dir='ltr'><strong>XVI.</strong></span> <span class='ocrx_word' id='word_1_6' title='bbox 1255 151 1291 185; x_wconf 88' lang='grc'>6.</span> <span class='ocrx_word' id='word_1_7' title='bbox 1317 154 1371 184; x_wconf 91' lang='lat'>11.</span> <span class='ocrx_word' id='word_1_8' title='bbox 1725 140 1829 192; x_wconf 85' lang='lat'>143</span> 
     </span>
    </p>
   </div>
   <div class='ocr_carea' id='block_1_2' title="bbox 137 263 1914 2618">
    <p class='ocr_par' dir='ltr' id='par_1_2' title="bbox 137 263 1914 2543">
     <span class='ocr_line' id='line_1_2' title="bbox 148 263 1827 316; baseline -0.001 0"><span class='ocrx_word' id='word_1_9' title='bbox 148 268 238 315; x_wconf 83' lang='lat' dir='ltr'>bus</span> <span class='ocrx_word' id='word_1_10' title='bbox 278 268 384 316; x_wconf 76' lang='lat' dir='ltr'>eius</span> <span class='ocrx_word' id='word_1_11' title='bbox 431 266 594 313; x_wconf 73' lang='lat' dir='ltr'>divisa</span> <span class='ocrx_word' id='word_1_12' title='bbox 642 271 715 313; x_wconf 82' lang='lat' dir='ltr'>est</span> <span class='ocrx_word' id='word_1_13' title='bbox 761 270 917 313; x_wconf 80' lang='lat' dir='ltr'>terra.</span> <span class='ocrx_word' id='word_1_14' title='bbox 994 263 1116 312; x_wconf 84' lang='lat' dir='ltr'>Nam</span> <span class='ocrx_word' id='word_1_15' title='bbox 1164 266 1259 314; x_wconf 88' lang='lat' dir='ltr'>nisi</span> <span class='ocrx_word' id='word_1_16' title='bbox 1299 264 1458 313; x_wconf 90' lang='lat' dir='ltr'>adhuc</span> <span class='ocrx_word' id='word_1_17' title='bbox 1497 264 1662 313; x_wconf 87' lang='lat' dir='ltr'>Heber</span> <span class='ocrx_word' id='word_1_18' title='bbox 1702 266 1827 314; x_wconf 85' lang='lat' dir='ltr'>vive·</span> 
     </span>
     <span class='ocr_line' id='line_1_3' title="bbox 147 337 1827 404; baseline -0.001 -15"><span class='ocrx_word' id='word_1_19' title='bbox 147 349 224 389; x_wconf 89' lang='lat' dir='ltr'>ret</span> <span class='ocrx_word' id='word_1_20' title='bbox 271 338 463 404; x_wconf 91' lang='lat' dir='ltr'>quando</span> <span class='ocrx_word' id='word_1_21' title='bbox 510 337 788 402; x_wconf 89' lang='lat' dir='ltr'>linguarum</span> <span class='ocrx_word' id='word_1_22' title='bbox 836 337 963 386; x_wconf 86' lang='lat' dir='ltr'>facta</span> <span class='ocrx_word' id='word_1_23' title='bbox 1011 344 1087 387; x_wconf 89' lang='lat' dir='ltr'>est</span> <span class='ocrx_word' id='word_1_24' title='bbox 1134 338 1418 404; x_wconf 86' lang='lat' dir='ltr'>multitudo,</span> <span class='ocrx_word' id='word_1_25' title='bbox 1466 353 1565 387; x_wconf 88' lang='lat' dir='ltr'>non</span> <span class='ocrx_word' id='word_1_26' title='bbox 1615 353 1673 387; x_wconf 86' lang='lat' dir='ltr'>ex</span> <span class='ocrx_word' id='word_1_27' title='bbox 1721 340 1827 387; x_wconf 90' lang='lat' dir='ltr'>eius</span> 
     </span>
     <span class='ocr_line' id='line_1_4' title="bbox 145 411 1829 477; baseline -0.001 -14"><span class='ocrx_word' id='word_1_28' title='bbox 145 414 340 463; x_wconf 90' lang='lat' dir='ltr'>nomine</span> <span class='ocrx_word' id='word_1_29' title='bbox 393 426 573 460; x_wconf 91' lang='lat' dir='ltr'>nomen</span> <span class='ocrx_word' id='word_1_30' title='bbox 625 413 872 476; x_wconf 89' lang='lat' dir='ltr'>acciperet</span> <span class='ocrx_word' id='word_1_31' title='bbox 920 411 1107 477; x_wconf 87' lang='lat' dir='ltr'>lingua,</span> <span class='ocrx_word' id='word_1_32' title='bbox 1160 427 1283 476; x_wconf 91' lang='lat' dir='ltr'>quae</span> <span class='ocrx_word' id='word_1_33' title='bbox 1323 412 1451 476; x_wconf 90' lang='lat' dir='ltr'>apud</span> <span class='ocrx_word' id='word_1_34' title='bbox 1490 412 1628 462; x_wconf 88' lang='lat' dir='ltr'>illum</span> <span class='ocrx_word' id='word_1_35' title='bbox 1667 413 1829 477; x_wconf 89' lang='lat' dir='ltr'>potuit</span> 
     </span>
     <span class='ocr_line' id='line_1_5' title="bbox 143 484 1827 552; baseline -0.001 -17"><span class='ocrx_word' id='word_1_36' title='bbox 143 500 450 552; x_wconf 88' lang='lat' dir='ltr'>permanere.</span> <span class='ocrx_word' id='word_1_37' title='bbox 527 484 592 534; x_wconf 89' lang='lat' dir='ltr'>Et</span> <span class='ocrx_word' id='word_1_38' title='bbox 637 485 747 534; x_wconf 92' lang='lat' dir='ltr'>ideo</span> <span class='ocrx_word' id='word_1_39' title='bbox 796 484 1040 534; x_wconf 91' lang='lat' dir='ltr'>credenda</span> <span class='ocrx_word' id='word_1_40' title='bbox 1088 492 1164 534; x_wconf 92' lang='lat' dir='ltr'>est</span> <span class='ocrx_word' id='word_1_41' title='bbox 1213 487 1319 550; x_wconf 91' lang='lat' dir='ltr'>ipsa</span> <span class='ocrx_word' id='word_1_42' title='bbox 1358 486 1510 535; x_wconf 86' lang='lat' dir='ltr'>fuisse</span> <span class='ocrx_word' id='word_1_43' title='bbox 1550 487 1708 551; x_wconf 85' lang='lat' dir='ltr'>prima</span> <span class='ocrx_word' id='word_1_44' title='bbox 1746 485 1827 534; x_wconf 91' lang='lat' dir='ltr'>illa</span> 
     </span>
     <span class='ocr_line' id='line_1_6' title="bbox 142 558 1885 625; baseline -0.001 -16"><span class='ocrx_word' id='word_1_45' title='bbox 142 561 440 625; x_wconf 79' lang='lat' dir='ltr'>communiS,</span> <span class='ocrx_word' id='word_1_46' title='bbox 481 560 712 624; x_wconf 88' lang='lat' dir='ltr'>quoniam</span> <span class='ocrx_word' id='word_1_47' title='bbox 752 558 811 608; x_wconf 91' lang='lat' dir='ltr'>de</span> <span class='ocrx_word' id='word_1_48' title='bbox 850 574 1008 624; x_wconf 91' lang='lat' dir='ltr'>poena</span> <span class='ocrx_word' id='word_1_49' title='bbox 1048 561 1182 608; x_wconf 88' lang='lat' dir='ltr'>venit</span> <span class='ocrx_word' id='word_1_50' title='bbox 1219 559 1299 608; x_wconf 90' lang='lat' dir='ltr'>illa</span> <span class='ocrx_word' id='word_1_51' title='bbox 1340 559 1680 624; x_wconf 81' lang='lat' dir='ltr'>multiplicatio</span> <span class='ocrx_word' id='word_1_52' title='bbox 1721 575 1825 608; x_wconf 88' lang='lat' dir='ltr'>mu-</span> <span class='ocrx_word' id='word_1_53' title='bbox 1859 567 1885 607; x_wconf 85' lang='lat'>5</span> 
     </span>
     <span class='ocr_line' id='line_1_7' title="bbox 140 632 1826 698; baseline -0.002 -15"><span class='ocrx_word' id='word_1_54' title='bbox 140 635 358 698; x_wconf 89' lang='lat' dir='ltr'>tatioque</span> <span class='ocrx_word' id='word_1_55' title='bbox 405 632 684 698; x_wconf 87' lang='lat' dir='ltr'>linguarum</span> <span class='ocrx_word' id='word_1_56' title='bbox 732 640 781 682; x_wconf 88' lang='lat' dir='ltr'>et</span> <span class='ocrx_word' id='word_1_57' title='bbox 831 634 1003 697; x_wconf 91' lang='lat' dir='ltr'>utique</span> <span class='ocrx_word' id='word_1_58' title='bbox 1051 639 1249 698; x_wconf 88' lang='lat' dir='ltr'>praeter</span> <span class='ocrx_word' id='word_1_59' title='bbox 1304 632 1429 682; x_wconf 89' lang='lat' dir='ltr'>hanc</span> <span class='ocrx_word' id='word_1_60' title='bbox 1468 648 1676 698; x_wconf 89' lang='lat' dir='ltr'>poenam</span> <span class='ocrx_word' id='word_1_61' title='bbox 1717 648 1826 681; x_wconf 90' lang='lat' dir='ltr'>esse</span> 
     </span>
     <span class='ocr_line' id='line_1_8' title="bbox 141 706 1827 773; baseline -0.002 -16"><span class='ocrx_word' id='word_1_62' title='bbox 141 706 310 765; x_wconf 82' lang='lat' dir='ltr'>debuit</span> <span class='ocrx_word' id='word_1_63' title='bbox 354 706 569 772; x_wconf 91' lang='lat' dir='ltr'>populus</span> <span class='ocrx_word' id='word_1_64' title='bbox 615 706 716 756; x_wconf 89' lang='lat' dir='ltr'>Dei.</span> <span class='ocrx_word' id='word_1_65' title='bbox 792 706 895 756; x_wconf 91' lang='lat' dir='ltr'>Nec</span> <span class='ocrx_word' id='word_1_66' title='bbox 943 707 1128 756; x_wconf 85' lang='lat' dir='ltr'>frustra</span> <span class='ocrx_word' id='word_1_67' title='bbox 1166 706 1331 772; x_wconf 90' lang='lat' dir='ltr'>lingua</span> <span class='ocrx_word' id='word_1_68' title='bbox 1371 707 1491 756; x_wconf 90' lang='lat' dir='ltr'>haec</span> <span class='ocrx_word' id='word_1_69' title='bbox 1532 713 1630 773; x_wconf 91' lang='lat' dir='ltr'>est,</span> <span class='ocrx_word' id='word_1_70' title='bbox 1681 721 1827 771; x_wconf 87' lang='lat' dir='ltr'>quam</span> 
     </span>
     <span class='ocr_line' id='line_1_9' title="bbox 141 779 1825 847; baseline -0.002 -16"><span class='ocrx_word' id='word_1_71' title='bbox 141 783 302 831; x_wconf 89' lang='lat' dir='ltr'>tenuit</span> <span class='ocrx_word' id='word_1_72' title='bbox 347 779 612 847; x_wconf 86' lang='lat' dir='ltr'>Abraham,</span> <span class='ocrx_word' id='word_1_73' title='bbox 669 796 759 830; x_wconf 91' lang='lat' dir='ltr'>nec</span> <span class='ocrx_word' id='word_1_74' title='bbox 814 782 865 829; x_wconf 90' lang='lat' dir='ltr'>in</span> <span class='ocrx_word' id='word_1_75' title='bbox 915 796 1091 830; x_wconf 91' lang='lat' dir='ltr'>omnes</span> <span class='ocrx_word' id='word_1_76' title='bbox 1147 796 1264 830; x_wconf 88' lang='lat' dir='ltr'>suos</span> <span class='ocrx_word' id='word_1_77' title='bbox 1319 780 1444 830; x_wconf 86' lang='lat' dir='ltr'>filios</span> <span class='ocrx_word' id='word_1_78' title='bbox 1490 782 1825 830; x_wconf 81' lang='lat' dir='ltr'>transmittere</span> 
     </span>
     <span class='ocr_line' id='line_1_10' title="bbox 138 853 1826 921; baseline -0.001 -17"><span class='ocrx_word' id='word_1_79' title='bbox 138 857 326 921; x_wconf 87' lang='lat' dir='ltr'>potuit,</span> <span class='ocrx_word' id='word_1_80' title='bbox 378 854 464 903; x_wconf 91' lang='lat' dir='ltr'>sed</span> <span class='ocrx_word' id='word_1_81' title='bbox 515 856 566 903; x_wconf 91' lang='lat' dir='ltr'>in</span> <span class='ocrx_word' id='word_1_82' title='bbox 618 870 702 904; x_wconf 93' lang='lat' dir='ltr'>eos</span> <span class='ocrx_word' id='word_1_83' title='bbox 749 860 962 921; x_wconf 91' lang='lat' dir='ltr'>tantum,</span> <span class='ocrx_word' id='word_1_84' title='bbox 1014 857 1099 919; x_wconf 92' lang='lat' dir='ltr'>qui</span> <span class='ocrx_word' id='word_1_85' title='bbox 1145 857 1400 920; x_wconf 87' lang='lat' dir='ltr'>propagati</span> <span class='ocrx_word' id='word_1_86' title='bbox 1447 870 1536 920; x_wconf 90' lang='lat' dir='ltr'>per</span> <span class='ocrx_word' id='word_1_87' title='bbox 1582 853 1727 903; x_wconf 85' lang='lat' dir='ltr'>Iacob</span> <span class='ocrx_word' id='word_1_88' title='bbox 1777 859 1826 902; x_wconf 90' lang='lat' dir='ltr'>et</span> 
     </span>
     <span class='ocr_line' id='line_1_11' title="bbox 139 928 1914 994; baseline -0.001 -16"><span class='ocrx_word' id='word_1_89' title='bbox 139 930 381 993; x_wconf 88' lang='lat' dir='ltr'>insignius</span> <span class='ocrx_word' id='word_1_90' title='bbox 428 934 574 992; x_wconf 91' lang='lat' dir='ltr'>atque</span> <span class='ocrx_word' id='word_1_91' title='bbox 624 930 922 978; x_wconf 90' lang='lat' dir='ltr'>eminentius</span> <span class='ocrx_word' id='word_1_92' title='bbox 969 930 1019 977; x_wconf 91' lang='lat' dir='ltr'>in</span> <span class='ocrx_word' id='word_1_93' title='bbox 1067 928 1156 978; x_wconf 92' lang='lat' dir='ltr'>Dei</span> <span class='ocrx_word' id='word_1_94' title='bbox 1201 929 1439 994; x_wconf 92' lang='lat' dir='ltr'>populum</span> <span class='ocrx_word' id='word_1_95' title='bbox 1491 928 1824 978; x_wconf 83' lang='lat' dir='ltr'>coalescentes</span> <span class='ocrx_word' id='word_1_96' title='bbox 1860 938 1914 977; x_wconf 90' lang='lat'>10</span> 
     </span>
     <span class='ocr_line' id='line_1_12' title="bbox 140 1000 1825 1071; baseline -0.001 -20"><span class='ocrx_word' id='word_1_97' title='bbox 140 1002 230 1051; x_wconf 89' lang='lat' dir='ltr'>Dei</span> <span class='ocrx_word' id='word_1_98' title='bbox 269 1009 560 1051; x_wconf 90' lang='lat' dir='ltr'>testamenta</span> <span class='ocrx_word' id='word_1_99' title='bbox 600 1010 650 1051; x_wconf 90' lang='lat' dir='ltr'>et</span> <span class='ocrx_word' id='word_1_100' title='bbox 688 1004 894 1067; x_wconf 82' lang='lat' dir='ltr'>stirpem</span> <span class='ocrx_word' id='word_1_101' title='bbox 935 1001 1119 1052; x_wconf 91' lang='lat' dir='ltr'>Christi</span> <span class='ocrx_word' id='word_1_102' title='bbox 1156 1001 1337 1071; x_wconf 87' lang='lat' dir='ltr'>habere</span> <span class='ocrx_word' id='word_1_103' title='bbox 1378 1008 1662 1067; x_wconf 88' lang='lat' dir='ltr'>potuerunt.</span> <span class='ocrx_word' id='word_1_104' title='bbox 1724 1000 1825 1049; x_wconf 89' lang='lat' dir='ltr'>Nec</span> 
     </span>
     <span class='ocr_line' id='line_1_13' title="bbox 140 1075 1826 1141; baseline -0.001 -17"><span class='ocrx_word' id='word_1_105' title='bbox 140 1075 304 1125; x_wconf 90' lang='lat' dir='ltr'>Heber</span> <span class='ocrx_word' id='word_1_106' title='bbox 334 1077 441 1141; x_wconf 91' lang='lat' dir='ltr'>ipse</span> <span class='ocrx_word' id='word_1_107' title='bbox 474 1075 680 1125; x_wconf 91' lang='lat' dir='ltr'>eandem</span> <span class='ocrx_word' id='word_1_108' title='bbox 711 1076 926 1141; x_wconf 87' lang='lat' dir='ltr'>linguam</span> <span class='ocrx_word' id='word_1_109' title='bbox 958 1078 1009 1125; x_wconf 93' lang='lat' dir='ltr'>in</span> <span class='ocrx_word' id='word_1_110' title='bbox 1040 1077 1321 1126; x_wconf 89' lang='lat' dir='ltr'>universam</span> <span class='ocrx_word' id='word_1_111' title='bbox 1361 1077 1649 1141; x_wconf 91' lang='lat' dir='ltr'>progeniem</span> <span class='ocrx_word' id='word_1_112' title='bbox 1687 1089 1826 1124; x_wconf 91' lang='lat' dir='ltr'>suam</span> 
     </span>
     <span class='ocr_line' id='line_1_14' title="bbox 139 1149 1824 1215; baseline 0 -17"><span class='ocrx_word' id='word_1_113' title='bbox 139 1149 338 1215; x_wconf 85' lang='lat' dir='ltr'>refudit,</span> <span class='ocrx_word' id='word_1_114' title='bbox 377 1149 463 1198; x_wconf 92' lang='lat' dir='ltr'>sed</span> <span class='ocrx_word' id='word_1_115' title='bbox 502 1151 554 1198; x_wconf 89' lang='lat' dir='ltr'>in</span> <span class='ocrx_word' id='word_1_116' title='bbox 594 1165 700 1198; x_wconf 91' lang='lat' dir='ltr'>eam</span> <span class='ocrx_word' id='word_1_117' title='bbox 740 1156 947 1215; x_wconf 89' lang='lat' dir='ltr'>tantum,</span> <span class='ocrx_word' id='word_1_118' title='bbox 986 1152 1128 1200; x_wconf 91' lang='lat' dir='ltr'>cuius</span> <span class='ocrx_word' id='word_1_119' title='bbox 1167 1151 1512 1213; x_wconf 85' lang='lat' dir='ltr'>generationes</span> <span class='ocrx_word' id='word_1_120' title='bbox 1551 1149 1824 1214; x_wconf 89' lang='lat' dir='ltr'>perducan-</span> 
     </span>
     <span class='ocr_line' id='line_1_15' title="bbox 139 1222 1820 1288; baseline -0.001 -16"><span class='ocrx_word' id='word_1_121' title='bbox 139 1230 222 1272; x_wconf 86' lang='lat' dir='ltr'>tur</span> <span class='ocrx_word' id='word_1_122' title='bbox 273 1223 331 1271; x_wconf 90' lang='lat' dir='ltr'>ad</span> <span class='ocrx_word' id='word_1_123' title='bbox 380 1222 636 1272; x_wconf 87' lang='lat' dir='ltr'>Abraham.</span> <span class='ocrx_word' id='word_1_124' title='bbox 716 1223 1029 1288; x_wconf 84' lang='lat' dir='ltr'>Quapropter</span> <span class='ocrx_word' id='word_1_125' title='bbox 1077 1225 1270 1272; x_wconf 89' lang='lat' dir='ltr'>etiamsi</span> <span class='ocrx_word' id='word_1_126' title='bbox 1310 1239 1408 1271; x_wconf 92' lang='lat' dir='ltr'>non</span> <span class='ocrx_word' id='word_1_127' title='bbox 1449 1223 1703 1273; x_wconf 91' lang='lat' dir='ltr'>evidenter</span> <span class='ocrx_word' id='word_1_128' title='bbox 1741 1237 1820 1272; x_wconf 83' lang='lat' dir='ltr'>ex-</span> 
     </span>
     <span class='ocr_line' id='line_1_16' title="bbox 137 1297 1914 1364; baseline -0.001 -19"><span class='ocrx_word' id='word_1_129' title='bbox 137 1312 366 1362; x_wconf 91' lang='lat' dir='ltr'>pressum</span> <span class='ocrx_word' id='word_1_130' title='bbox 407 1304 482 1346; x_wconf 91' lang='lat' dir='ltr'>est</span> <span class='ocrx_word' id='word_1_131' title='bbox 521 1297 672 1347; x_wconf 90' lang='lat' dir='ltr'>fuisse</span> <span class='ocrx_word' id='word_1_132' title='bbox 714 1297 910 1362; x_wconf 88' lang='lat' dir='ltr'>aliquod</span> <span class='ocrx_word' id='word_1_133' title='bbox 948 1300 1085 1362; x_wconf 89' lang='lat' dir='ltr'>pium</span> <span class='ocrx_word' id='word_1_134' title='bbox 1124 1312 1281 1361; x_wconf 91' lang='lat' dir='ltr'>genus</span> <span class='ocrx_word' id='word_1_135' title='bbox 1320 1297 1591 1364; x_wconf 86' lang='lat' dir='ltr'>hominum,</span> <span class='ocrx_word' id='word_1_136' title='bbox 1631 1297 1825 1362; x_wconf 88' lang='lat' dir='ltr'>quando</span> <span class='ocrx_word' id='word_1_137' title='bbox 1860 1306 1914 1345; x_wconf 86' lang='lat'>15</span> 
     </span>
     <span class='ocr_line' id='line_1_17' title="bbox 139 1370 1826 1439; baseline 0.001 -20"><span class='ocrx_word' id='word_1_138' title='bbox 139 1370 198 1419; x_wconf 90' lang='lat' dir='ltr'>ab</span> <span class='ocrx_word' id='word_1_139' title='bbox 250 1371 413 1435; x_wconf 90' lang='lat' dir='ltr'>impiis</span> <span class='ocrx_word' id='word_1_140' title='bbox 451 1370 714 1436; x_wconf 86' lang='lat' dir='ltr'>Babylonia</span> <span class='ocrx_word' id='word_1_141' title='bbox 762 1371 1092 1439; x_wconf 84' lang='lat' dir='ltr'>condebatur,</span> <span class='ocrx_word' id='word_1_142' title='bbox 1146 1386 1246 1420; x_wconf 89' lang='lat' dir='ltr'>non</span> <span class='ocrx_word' id='word_1_143' title='bbox 1286 1370 1344 1419; x_wconf 93' lang='lat' dir='ltr'>ad</span> <span class='ocrx_word' id='word_1_144' title='bbox 1385 1372 1477 1420; x_wconf 89' lang='lat' dir='ltr'>hoc</span> <span class='ocrx_word' id='word_1_145' title='bbox 1517 1371 1668 1421; x_wconf 88' lang='lat' dir='ltr'>valuit</span> <span class='ocrx_word' id='word_1_146' title='bbox 1705 1371 1826 1421; x_wconf 91' lang='lat' dir='ltr'>haec</span> 
     </span>
     <span class='ocr_line' id='line_1_18' title="bbox 140 1443 1824 1511; baseline 0.001 -18"><span class='ocrx_word' id='word_1_147' title='bbox 140 1443 432 1511; x_wconf 84' lang='lat' dir='ltr'>obscuritaS,</span> <span class='ocrx_word' id='word_1_148' title='bbox 472 1452 528 1494; x_wconf 91' lang='lat' dir='ltr'>ut</span> <span class='ocrx_word' id='word_1_149' title='bbox 567 1447 852 1510; x_wconf 88' lang='lat' dir='ltr'>quaerentis</span> <span class='ocrx_word' id='word_1_150' title='bbox 892 1446 1222 1511; x_wconf 82' lang='lat' dir='ltr'>fraudaretur,</span> <span class='ocrx_word' id='word_1_151' title='bbox 1262 1444 1348 1494; x_wconf 94' lang='lat' dir='ltr'>sed</span> <span class='ocrx_word' id='word_1_152' title='bbox 1386 1447 1552 1510; x_wconf 91' lang='lat' dir='ltr'>potius</span> <span class='ocrx_word' id='word_1_153' title='bbox 1592 1451 1648 1494; x_wconf 86' lang='lat' dir='ltr'>ut</span> <span class='ocrx_word' id='word_1_154' title='bbox 1687 1461 1824 1494; x_wconf 88' lang='lat' dir='ltr'>exer-</span> 
     </span>
     <span class='ocr_line' id='line_1_19' title="bbox 139 1518 1825 1585; baseline 0.001 -18"><span class='ocrx_word' id='word_1_155' title='bbox 139 1524 338 1568; x_wconf 88' lang='lat' dir='ltr'>ceretur</span> <span class='ocrx_word' id='word_1_156' title='bbox 375 1520 600 1569; x_wconf 89' lang='lat' dir='ltr'>intentio.</span> <span class='ocrx_word' id='word_1_157' title='bbox 678 1518 800 1569; x_wconf 83' lang='lat' dir='ltr'>Cum</span> <span class='ocrx_word' id='word_1_158' title='bbox 841 1522 972 1569; x_wconf 90' lang='lat' dir='ltr'>enim</span> <span class='ocrx_word' id='word_1_159' title='bbox 1011 1519 1191 1585; x_wconf 88' lang='lat' dir='ltr'>legitur</span> <span class='ocrx_word' id='word_1_160' title='bbox 1232 1534 1380 1569; x_wconf 90' lang='lat' dir='ltr'>unam</span> <span class='ocrx_word' id='word_1_161' title='bbox 1418 1519 1571 1568; x_wconf 83' lang='lat' dir='ltr'>fuisse</span> <span class='ocrx_word' id='word_1_162' title='bbox 1609 1518 1825 1583; x_wconf 84' lang='lat' dir='ltr'>linguam</span> 
     </span>
     <span class='ocr_line' id='line_1_20' title="bbox 139 1592 1826 1657; baseline 0.001 -17"><span class='ocrx_word' id='word_1_163' title='bbox 139 1594 368 1657; x_wconf 87' lang='lat' dir='ltr'>primitus</span> <span class='ocrx_word' id='word_1_164' title='bbox 409 1595 628 1642; x_wconf 91' lang='lat' dir='ltr'>omnium</span> <span class='ocrx_word' id='word_1_165' title='bbox 679 1601 728 1643; x_wconf 88' lang='lat' dir='ltr'>et</span> <span class='ocrx_word' id='word_1_166' title='bbox 768 1600 880 1643; x_wconf 89' lang='lat' dir='ltr'>ante</span> <span class='ocrx_word' id='word_1_167' title='bbox 921 1609 1092 1643; x_wconf 90' lang='lat' dir='ltr'>omnes</span> <span class='ocrx_word' id='word_1_168' title='bbox 1131 1593 1257 1643; x_wconf 87' lang='lat' dir='ltr'>filios</span> <span class='ocrx_word' id='word_1_169' title='bbox 1299 1592 1413 1642; x_wconf 89' lang='lat' dir='ltr'>Sem</span> <span class='ocrx_word' id='word_1_170' title='bbox 1454 1593 1826 1642; x_wconf 88' lang='lat' dir='ltr'>commendatur</span> 
     </span>
     <span class='ocr_line' id='line_1_21' title="bbox 139 1665 1914 1734; baseline 0.002 -20"><span class='ocrx_word' id='word_1_171' title='bbox 139 1665 320 1732; x_wconf 88' lang='lat' dir='ltr'>Heber,</span> <span class='ocrx_word' id='word_1_172' title='bbox 360 1668 579 1730; x_wconf 91' lang='lat' dir='ltr'>quamvis</span> <span class='ocrx_word' id='word_1_173' title='bbox 619 1682 678 1715; x_wconf 88' lang='lat' dir='ltr'>ex</span> <span class='ocrx_word' id='word_1_174' title='bbox 719 1667 801 1716; x_wconf 92' lang='lat' dir='ltr'>illo</span> <span class='ocrx_word' id='word_1_175' title='bbox 841 1669 1044 1732; x_wconf 89' lang='lat' dir='ltr'>quintus</span> <span class='ocrx_word' id='word_1_176' title='bbox 1085 1669 1296 1734; x_wconf 90' lang='lat' dir='ltr'>oriatur,</span> <span class='ocrx_word' id='word_1_177' title='bbox 1336 1674 1386 1716; x_wconf 91' lang='lat' dir='ltr'>et</span> <span class='ocrx_word' id='word_1_178' title='bbox 1423 1666 1647 1716; x_wconf 85' lang='lat' dir='ltr'>Hebraea</span> <span class='ocrx_word' id='word_1_179' title='bbox 1685 1682 1823 1716; x_wconf 90' lang='lat' dir='ltr'>voca·</span> <span class='ocrx_word' id='word_1_180' title='bbox 1858 1677 1914 1717; x_wconf 82' lang='lat'>20</span> 
     </span>
     <span class='ocr_line' id='line_1_22' title="bbox 141 1738 1823 1806; baseline 0.001 -18"><span class='ocrx_word' id='word_1_181' title='bbox 141 1748 224 1788; x_wconf 88' lang='lat' dir='ltr'>tur</span> <span class='ocrx_word' id='word_1_182' title='bbox 262 1738 450 1806; x_wconf 88' lang='lat' dir='ltr'>lingua,</span> <span class='ocrx_word' id='word_1_183' title='bbox 498 1755 645 1804; x_wconf 90' lang='lat' dir='ltr'>quam</span> <span class='ocrx_word' id='word_1_184' title='bbox 693 1740 1084 1806; x_wconf 85' lang='lat' dir='ltr'>patriarcharum</span> <span class='ocrx_word' id='word_1_185' title='bbox 1125 1747 1176 1790; x_wconf 90' lang='lat' dir='ltr'>et</span> <span class='ocrx_word' id='word_1_186' title='bbox 1212 1740 1570 1806; x_wconf 88' lang='lat' dir='ltr'>prophetarum</span> <span class='ocrx_word' id='word_1_187' title='bbox 1608 1756 1708 1789; x_wconf 93' lang='lat' dir='ltr'>non</span> <span class='ocrx_word' id='word_1_188' title='bbox 1748 1757 1823 1789; x_wconf 92' lang='lat' dir='ltr'>so-</span> 
     </span>
     <span class='ocr_line' id='line_1_23' title="bbox 139 1813 1824 1881; baseline 0.001 -20"><span class='ocrx_word' id='word_1_189' title='bbox 139 1813 240 1862; x_wconf 90' lang='lat' dir='ltr'>lum</span> <span class='ocrx_word' id='word_1_190' title='bbox 293 1814 343 1861; x_wconf 91' lang='lat' dir='ltr'>in</span> <span class='ocrx_word' id='word_1_191' title='bbox 393 1813 703 1863; x_wconf 90' lang='lat' dir='ltr'>sermonibus</span> <span class='ocrx_word' id='word_1_192' title='bbox 753 1817 877 1881; x_wconf 83' lang='lat' dir='ltr'>suiS,</span> <span class='ocrx_word' id='word_1_193' title='bbox 931 1829 1104 1863; x_wconf 89' lang='lat' dir='ltr'>verum</span> <span class='ocrx_word' id='word_1_194' title='bbox 1152 1817 1298 1864; x_wconf 91' lang='lat' dir='ltr'>etiam</span> <span class='ocrx_word' id='word_1_195' title='bbox 1347 1816 1398 1862; x_wconf 92' lang='lat' dir='ltr'>in</span> <span class='ocrx_word' id='word_1_196' title='bbox 1444 1814 1624 1863; x_wconf 91' lang='lat' dir='ltr'>litteris</span> <span class='ocrx_word' id='word_1_197' title='bbox 1672 1816 1824 1863; x_wconf 91' lang='lat' dir='ltr'>sacris</span> 
     </span>
     <span class='ocr_line' id='line_1_24' title="bbox 141 1886 1823 1956; baseline 0 -20"><span class='ocrx_word' id='word_1_198' title='bbox 141 1886 405 1936; x_wconf 87' lang='lat' dir='ltr'>custodivit</span> <span class='ocrx_word' id='word_1_199' title='bbox 447 1889 737 1938; x_wconf 88' lang='lat' dir='ltr'>auctoritas:</span> <span class='ocrx_word' id='word_1_200' title='bbox 776 1889 1015 1956; x_wconf 88' lang='lat' dir='ltr'>profect0,</span> <span class='ocrx_word' id='word_1_201' title='bbox 1058 1903 1172 1938; x_wconf 90' lang='lat' dir='ltr'>cum</span> <span class='ocrx_word' id='word_1_202' title='bbox 1216 1889 1471 1953; x_wconf 89' lang='lat' dir='ltr'>quaeritur</span> <span class='ocrx_word' id='word_1_203' title='bbox 1501 1889 1552 1936; x_wconf 92' lang='lat' dir='ltr'>in</span> <span class='ocrx_word' id='word_1_204' title='bbox 1586 1887 1823 1936; x_wconf 87' lang='lat' dir='ltr'>divisione</span> 
     </span>
     <span class='ocr_line' id='line_1_25' title="bbox 138 1960 1825 2028; baseline 0.001 -20"><span class='ocrx_word' id='word_1_205' title='bbox 138 1960 442 2028; x_wconf 86' lang='lat' dir='ltr'>linguarum,</span> <span class='ocrx_word' id='word_1_206' title='bbox 492 1960 578 2010; x_wconf 91' lang='lat' dir='ltr'>ubi</span> <span class='ocrx_word' id='word_1_207' title='bbox 624 1961 791 2026; x_wconf 89' lang='lat' dir='ltr'>lingua</span> <span class='ocrx_word' id='word_1_208' title='bbox 836 1961 917 2011; x_wconf 92' lang='lat' dir='ltr'>illa</span> <span class='ocrx_word' id='word_1_209' title='bbox 966 1977 1223 2011; x_wconf 88' lang='lat' dir='ltr'>remanere</span> <span class='ocrx_word' id='word_1_210' title='bbox 1269 1963 1514 2028; x_wconf 88' lang='lat' dir='ltr'>potuerit,</span> <span class='ocrx_word' id='word_1_211' title='bbox 1567 1976 1690 2026; x_wconf 88' lang='lat' dir='ltr'>quae</span> <span class='ocrx_word' id='word_1_212' title='bbox 1732 1961 1825 2010; x_wconf 81' lang='lat' dir='ltr'>suit</span> 
     </span>
     <span class='ocr_line' id='line_1_26' title="bbox 138 2030 1912 2102; baseline 0.001 -20"><span class='ocrx_word' id='word_1_213' title='bbox 138 2041 250 2083; x_wconf 92' lang='lat' dir='ltr'>ante</span> <span class='ocrx_word' id='word_1_214' title='bbox 290 2037 566 2084; x_wconf 89' lang='lat' dir='ltr'>communis</span> <span class='ocrx_word' id='word_1_215' title='bbox 613 2030 763 2102; x_wconf 86' lang='lat' dir='ltr'>(quae</span> <span class='ocrx_word' id='word_1_216' title='bbox 812 2037 917 2085; x_wconf 90' lang='lat' dir='ltr'>sine</span> <span class='ocrx_word' id='word_1_217' title='bbox 966 2036 1062 2085; x_wconf 89' lang='grc'><strong>11113</strong></span> <span class='ocrx_word' id='word_1_218' title='bbox 1103 2035 1408 2085; x_wconf 90' lang='lat' dir='ltr'>dubitatione</span> <span class='ocrx_word' id='word_1_219' title='bbox 1448 2033 1534 2084; x_wconf 90' lang='lat' dir='ltr'>ubi</span> <span class='ocrx_word' id='word_1_220' title='bbox 1574 2036 1824 2102; x_wconf 78' lang='lat' dir='ltr'>remansit,</span> <span class='ocrx_word' id='word_1_221' title='bbox 1855 2044 1912 2084; x_wconf 81' lang='lat'>25</span> 
     </span>
     <span class='ocr_line' id='line_1_27' title="bbox 138 2107 1820 2176; baseline 0.001 -20"><span class='ocrx_word' id='word_1_222' title='bbox 138 2123 251 2157; x_wconf 93' lang='lat' dir='ltr'>non·</span> <span class='ocrx_word' id='word_1_223' title='bbox 276 2107 345 2157; x_wconf 90' lang='lat' dir='ltr'>ihi</span> <span class='ocrx_word' id='word_1_224' title='bbox 384 2109 478 2158; x_wconf 83' lang='lat' dir='ltr'>fuit</span> <span class='ocrx_word' id='word_1_225' title='bbox 526 2108 607 2157; x_wconf 93' lang='lat' dir='ltr'>illa</span> <span class='ocrx_word' id='word_1_226' title='bbox 646 2125 824 2176; x_wconf 89' lang='lat' dir='ltr'>poena,</span> <span class='ocrx_word' id='word_1_227' title='bbox 877 2125 1000 2174; x_wconf 90' lang='lat' dir='ltr'>quae</span> <span class='ocrx_word' id='word_1_228' title='bbox 1042 2111 1168 2158; x_wconf 85' lang='lat' dir='ltr'>facta</span> <span class='ocrx_word' id='word_1_229' title='bbox 1208 2116 1284 2159; x_wconf 88' lang='lat' dir='ltr'>est</span> <span class='ocrx_word' id='word_1_230' title='bbox 1323 2110 1593 2158; x_wconf 89' lang='lat' dir='ltr'>mutatione</span> <span class='ocrx_word' id='word_1_231' title='bbox 1634 2108 1820 2174; x_wconf 90' lang='lat' dir='ltr'>lingua—</span> 
     </span>
     <span class='ocr_line' id='line_1_28' title="bbox 138 2176 1822 2250; baseline 0 -20"><span class='ocrx_word' id='word_1_232' title='bbox 138 2176 296 2249; x_wconf 86' lang='lat' dir='ltr'>rum),</span> <span class='ocrx_word' id='word_1_233' title='bbox 343 2182 462 2246; x_wconf 80' lang='lat' dir='ltr'>quid</span> <span class='ocrx_word' id='word_1_234' title='bbox 513 2182 643 2232; x_wconf 89' lang='lat' dir='ltr'>aliud</span> <span class='ocrx_word' id='word_1_235' title='bbox 684 2185 925 2250; x_wconf 90' lang='lat' dir='ltr'>occurrit,</span> <span class='ocrx_word' id='word_1_236' title='bbox 973 2185 1068 2233; x_wconf 91' lang='lat' dir='ltr'>nisi</span> <span class='ocrx_word' id='word_1_237' title='bbox 1107 2183 1239 2248; x_wconf 89' lang='lat' dir='ltr'>quod</span> <span class='ocrx_word' id='word_1_238' title='bbox 1278 2186 1329 2232; x_wconf 90' lang='grc'>111</span> <span class='ocrx_word' id='word_1_239' title='bbox 1369 2183 1517 2231; x_wconf 91' lang='lat' dir='ltr'>huius</span> <span class='ocrx_word' id='word_1_240' title='bbox 1560 2189 1706 2246; x_wconf 89' lang='lat' dir='ltr'>gente</span> <span class='ocrx_word' id='word_1_241' title='bbox 1746 2197 1822 2230; x_wconf 89' lang='lat' dir='ltr'>re-</span> 
     </span>
     <span class='ocr_line' id='line_1_29' title="bbox 138 2255 1823 2322; baseline 0 -18"><span class='ocrx_word' id='word_1_242' title='bbox 138 2257 399 2322; x_wconf 88' lang='lat' dir='ltr'>manserit,</span> <span class='ocrx_word' id='word_1_243' title='bbox 439 2271 465 2305; x_wconf 91' lang='lat' dir='ltr'>a</span> <span class='ocrx_word' id='word_1_244' title='bbox 505 2258 646 2306; x_wconf 87' lang='lat' dir='ltr'>cuius</span> <span class='ocrx_word' id='word_1_245' title='bbox 686 2259 884 2306; x_wconf 91' lang='lat' dir='ltr'>nomine</span> <span class='ocrx_word' id='word_1_246' title='bbox 923 2272 1103 2307; x_wconf 91' lang='lat' dir='ltr'>nomen</span> <span class='ocrx_word' id='word_1_247' title='bbox 1142 2259 1346 2322; x_wconf 83' lang='lat' dir='ltr'>accepit,</span> <span class='ocrx_word' id='word_1_248' title='bbox 1387 2262 1436 2305; x_wconf 92' lang='lat' dir='ltr'>et</span> <span class='ocrx_word' id='word_1_249' title='bbox 1474 2255 1567 2304; x_wconf 94' lang='lat' dir='ltr'>hoc</span> <span class='ocrx_word' id='word_1_250' title='bbox 1606 2257 1823 2305; x_wconf 90' lang='lat' dir='ltr'>iustitiae</span> 
     </span>
     <span class='ocr_line' id='line_1_30' title="bbox 138 2328 1824 2396; baseline 0 -19"><span class='ocrx_word' id='word_1_251' title='bbox 138 2331 298 2393; x_wconf 87' lang='lat' dir='ltr'>gentis</span> <span class='ocrx_word' id='word_1_252' title='bbox 328 2328 476 2379; x_wconf 89' lang='lat' dir='ltr'>huius</span> <span class='ocrx_word' id='word_1_253' title='bbox 508 2345 608 2379; x_wconf 91' lang='lat' dir='ltr'>non</span> <span class='ocrx_word' id='word_1_254' title='bbox 638 2346 843 2395; x_wconf 88' lang='lat' dir='ltr'>parvum</span> <span class='ocrx_word' id='word_1_255' title='bbox 883 2332 1169 2396; x_wconf 90' lang='lat' dir='ltr'>apparuisse</span> <span class='ocrx_word' id='word_1_256' title='bbox 1208 2332 1485 2395; x_wconf 89' lang='lat' dir='ltr'>vestigium,</span> <span class='ocrx_word' id='word_1_257' title='bbox 1524 2329 1670 2396; x_wconf 87' lang='lat' dir='ltr'>quod,</span> <span class='ocrx_word' id='word_1_258' title='bbox 1711 2344 1824 2378; x_wconf 89' lang='grc'><strong>611111</strong></span> 
     </span>
     <span class='ocr_line' id='line_1_31' title="bbox 139 2402 1914 2469; baseline 0.001 -18"><span class='ocrx_word' id='word_1_259' title='bbox 139 2402 258 2452; x_wconf 85' lang='lat' dir='ltr'>aliae</span> <span class='ocrx_word' id='word_1_260' title='bbox 306 2410 478 2467; x_wconf 86' lang='lat' dir='ltr'>gentes</span> <span class='ocrx_word' id='word_1_261' title='bbox 524 2403 863 2468; x_wconf 90' lang='lat' dir='ltr'>plecterentur</span> <span class='ocrx_word' id='word_1_262' title='bbox 910 2406 1179 2454; x_wconf 89' lang='lat' dir='ltr'>mutatione</span> <span class='ocrx_word' id='word_1_263' title='bbox 1232 2404 1533 2469; x_wconf 89' lang='lat' dir='ltr'>linguarum,</span> <span class='ocrx_word' id='word_1_264' title='bbox 1582 2402 1640 2451; x_wconf 90' lang='lat' dir='ltr'>ad</span> <span class='ocrx_word' id='word_1_265' title='bbox 1679 2404 1823 2452; x_wconf 93' lang='lat' dir='ltr'>istam</span> <span class='ocrx_word' id='word_1_266' title='bbox 1856 2413 1914 2453; x_wconf 88' lang='lat'>30</span> 
     </span>
     <span class='ocr_line' id='line_1_32' title="bbox 139 2475 1008 2543; baseline 0.003 -19"><span class='ocrx_word' id='word_1_267' title='bbox 139 2490 236 2524; x_wconf 92' lang='lat' dir='ltr'>non</span> <span class='ocrx_word' id='word_1_268' title='bbox 275 2478 503 2541; x_wconf 83' lang='lat' dir='ltr'>pervenit</span> <span class='ocrx_word' id='word_1_269' title='bbox 540 2477 635 2526; x_wconf 90' lang='lat' dir='ltr'>tale</span> <span class='ocrx_word' id='word_1_270' title='bbox 676 2475 1008 2543; x_wconf 78' lang='lat' dir='ltr'>supplicium?</span> 
     </span>
    </p>

    <p class='ocr_par' dir='ltr' id='par_1_3' title="bbox 289 2549 1823 2618">
     <span class='ocr_line' id='line_1_33' title="bbox 289 2549 1823 2618; baseline -0.001 -19"><span class='ocrx_word' id='word_1_271' title='bbox 289 2549 385 2599; x_wconf 88' lang='lat' dir='ltr'>Sed</span> <span class='ocrx_word' id='word_1_272' title='bbox 417 2550 575 2600; x_wconf 88' lang='lat' dir='ltr'>adhuc</span> <span class='ocrx_word' id='word_1_273' title='bbox 606 2550 725 2600; x_wconf 91' lang='lat' dir='ltr'>illud</span> <span class='ocrx_word' id='word_1_274' title='bbox 759 2559 936 2618; x_wconf 87' lang='lat' dir='ltr'>movet,</span> <span class='ocrx_word' id='word_1_275' title='bbox 976 2567 1073 2617; x_wconf 90' lang='lat' dir='ltr'>quo</span> <span class='ocrx_word' id='word_1_276' title='bbox 1114 2552 1257 2600; x_wconf 92' lang='lat' dir='ltr'>modo</span> <span class='ocrx_word' id='word_1_277' title='bbox 1298 2556 1567 2616; x_wconf 86' lang='lat' dir='ltr'>potuerunt</span> <span class='ocrx_word' id='word_1_278' title='bbox 1607 2549 1823 2614; x_wconf 86' lang='lat' dir='ltr'>singulas</span> 
     </span>
    </p>
   </div>
   <div class='ocr_carea' id='block_1_3' title="bbox 261 2662 659 2719">
    <p class='ocr_par' dir='ltr' id='par_1_4' title="bbox 261 2662 659 2719">
     <span class='ocr_line' id='line_1_34' title="bbox 261 2662 659 2719; baseline 0.013 -14"><span class='ocrx_word' id='word_1_279' title='bbox 261 2663 304 2718; x_wconf 90' lang='lat'>1)</span> <span class='ocrx_word' id='word_1_280' title='bbox 339 2662 450 2707; x_wconf 87' lang='lat' dir='ltr'>Gen.</span> <span class='ocrx_word' id='word_1_281' title='bbox 487 2668 555 2719; x_wconf 86' lang='lat'>10,</span> <span class='ocrx_word' id='word_1_282' title='bbox 588 2667 659 2711; x_wconf 83' lang='lat'>25.</span> 
     </span>
    </p>
   </div>
   <div class='ocr_carea' id='block_1_4' title="bbox 141 2824 1820 2927">
    <p class='ocr_par' dir='ltr' id='par_1_5' title="bbox 141 2824 1820 2927">
     <span class='ocr_line' id='line_1_35' title="bbox 198 2824 1820 2927; baseline 0 -60"><span class='ocrx_word' id='word_1_283' title='bbox 198 2880 206 2888; x_wconf 93' lang='lat'><em>.</em></span> <span class='ocrx_word' id='word_1_284' title='bbox 262 2828 315 2867; x_wconf 90' lang='grc'>13</span> <span class='ocrx_word' id='word_1_285' title='bbox 347 2825 658 2927; x_wconf 44' lang='lat' dir='ltr'>liz-ducantur</span> <span class='ocrx_word' id='word_1_286' title='bbox 698 2826 920 2883; x_wconf 75' lang='lat' dir='ltr'>V¹(‘.&gt;)R,·</span> <span class='ocrx_word' id='word_1_287' title='bbox 950 2827 1267 2883; x_wconf 73' lang='lat' dir='ltr'>perducuntur</span> <span class='ocrx_word' id='word_1_288' title='bbox 1301 2839 1322 2869; x_wconf 85' lang='grc' dir='ltr'><em>υ</em></span> <span class='ocrx_word' id='word_1_289' title='bbox 1347 2827 1362 2880; x_wconf 76' lang='grc' dir='ltr'>[Ι</span> <span class='ocrx_word' id='word_1_290' title='bbox 1387 2830 1441 2869; x_wconf 79' lang='lat'>20</span> <span class='ocrx_word' id='word_1_291' title='bbox 1474 2824 1531 2868; x_wconf 80' lang='lat' dir='ltr'>ab</span> <span class='ocrx_word' id='word_1_292' title='bbox 1563 2824 1645 2868; x_wconf 91' lang='lat' dir='ltr'>illo</span> <span class='ocrx_word' id='word_1_293' title='bbox 1677 2837 1703 2868; x_wconf 77' lang='lat' dir='ltr'><strong><em>v</em></strong></span> <span class='ocrx_word' id='word_1_294' title='bbox 1727 2826 1741 2880; x_wconf 69' lang='grc'>[1</span> <span class='ocrx_word' id='word_1_295' title='bbox 1766 2829 1820 2867; x_wconf 72' lang='lat'>22</span> 
     </span>
     <span class='ocr_line' id='line_1_36' title="bbox 141 2895 347 2926; baseline 0.01 -2"><span class='ocrx_word' id='word_1_296' title='bbox 141 2896 233 2925; x_wconf 82' lang='lat' dir='ltr'>suis</span> <span class='ocrx_word' id='word_1_297' title='bbox 265 2895 347 2926; x_wconf 89' lang='lat' dir='ltr'>om.</span> 
     </span>
    </p>
   </div>
  </div>
 </body>
</html>
