2004 3140
582 140 646 172 DE
673 139 911 172 chTA'rE
935 136 1025 170 Dm
1048 139 1090 171 L.
1115 139 1241 172 xxn.
1266 139 1303 171 o.
1328 140 1380 171 24.
1727 127 1834 178 615

153 253 373 302 indicant
410 267 563 318 purae
615 253 763 300 facies
804 252 1119 318 feminarum,
1166 267 1286 316 quas
1327 253 1497 316 utique
1536 251 1834 299 infirmiores

157 328 339 376 muniri
378 328 533 375 tutius
574 327 873 374 conveniret.
954 324 1005 373 Si
1053 340 1169 389 ergo
1211 325 1398 374 nullum
1438 324 1736 389 membrum,
1783 326 1833 372 in

149 400 225 449 his
265 400 463 464 quidem
505 401 786 465 conspicuis
826 394 980 465 (unde
1021 398 1222 463 ambigit
1260 394 1453 465 nemo),
1495 398 1625 463 quod
1665 400 1732 446 ita
1771 399 1833 447 sit

147 473 288 522 alicui
338 475 476 538 operi
526 473 971 538 accommodatum,
1018 480 1074 521 ut
1119 488 1218 521 non
1267 474 1414 521 etiam
1462 474 1526 521 sit
1572 472 1830 537 (lecoruin3

141 553 261 596 'sunt
300 554 465 596 autem
504 547 758 612 nonnulla,
807 561 1018 611 quorum
1068 546 1226 594 solum
1267 546 1418 595 decus
1459 553 1507 594 et
1549 545 1712 594 nullus
1753 553 1828 594 est
1863 555 1887 593 5

142 636 286 670 usus:
334 627 453 685 puto
501 621 640 670 facile
691 620 908 684 intellegi
946 621 996 668 in
1037 619 1317 668 conditione
1359 621 1582 684 corporis
1623 620 1828 683 dignita-

146 701 247 743 tem
293 696 576 743 necessitati
623 695 775 743 fuisse
823 693 1104 758 praelatam.
1182 693 1473 742 Transitura
1521 699 1596 741 est
1646 695 1828 757 quippe

145 770 413 817 necessitas
445 774 739 832 tempusque
773 775 1052 833 venturum,
1094 767 1288 830 quando
1330 767 1431 815 sola
1469 768 1681 815 invicem
1719 766 1826 831 pul·

144 841 422 890 chritudine
457 843 562 890 sine
595 841 693 891 ulla
724 840 926 890 libidine
967 856 1056 905 pe1
1061 841 1305 907 fruamur
1347 841 1477 904 quod
1520 842 1727 889 maxime
1769 840 1827 888 ad

142 915 336 964 laudem
375 915 693 964 referendum
733 922 809 964 est
849 914 1143 980 ConditoriS,
1184 916 1264 996 cui
1295 880 1486 963 '‘dicitui
1525 917 1576 962 in
1615 914 1827 979 psalmo:
1865 924 1916 962 10

147 988 514 1051 Confessionem
554 995 603 1038 ec
641 992 872 1038 decorem
914 991 1136 1038 induiste.

289 1062 389 1111 Iam
444 1070 609 1112 cetera
658 1062 974 1127 pulchritudo
1027 1068 1076 1110 et
1126 1062 1312 1111 utilitas
1364 1068 1648 1127 creaturae,
1705 1077 1828 1126 quae

141 1135 350 1202 homini,
397 1135 512 1185 licet
558 1138 610 1185 in
659 1138 782 1185 istos
821 1135 1015 1184 labores
1054 1138 1378 1200 miseriasque
1417 1138 1639 1200 proiecto
1681 1144 1827 1199 atque

142 1210 390 1276 damnatO,
439 1210 703 1275 spectanda
757 1216 903 1274 atque
952 1209 1190 1258 sumenda
1237 1210 1397 1258 divina
1448 1209 1672 1274 largitate
1714 1225 1828 1258 con-

142 1299 280 1333 cessa
320 1290 408 1349 est,
450 1299 546 1348 quo
587 1299 818 1332 sermone
857 1285 1113 1332 terminari
1150 1281 1351 1348 potest?
1390 1285 1442 1331 in
1482 1283 1603 1332 caeli
1643 1290 1692 1332 et
1730 1289 1829 1331 ter·
1865 1292 1916 1331 15

140 1373 223 1406 rae
264 1364 313 1406 et
353 1360 501 1406 maris
542 1357 827 1408 multimoda
875 1363 923 1406 et
971 1359 1102 1405 varia
1141 1357 1532 1422 pulchritudine,
1579 1359 1631 1405 in
1669 1359 1825 1422 ipsius

141 1432 266 1481 lucis
305 1438 439 1480 tanta
478 1434 618 1496 copia
657 1441 855 1495 tamque
895 1430 1106 1480 mirabili
1147 1433 1335 1496 specie,
1383 1433 1435 1479 in
1476 1431 1576 1479 sole
1618 1446 1673 1479 ac
1713 1430 1828 1480 luna

140 1513 192 1554 et
241 1505 517 1571 sideribus,
571 1507 623 1553 in
672 1504 996 1569 opacitatibus
1045 1520 1333 1565 nemorum,
1389 1507 1441 1553 in
1490 1504 1739 1554 coloribus
1779 1511 1828 1553 et

141 1578 376 1628 odoribus
427 1578 628 1645 florum,
675 1581 727 1627 in
775 1579 1058 1627 diversitate
1107 1594 1162 1627 ac
1213 1578 1529 1628 multitudine
1570 1578 1828 1627 volucrum

140 1652 451 1717 garrularum
491 1659 637 1717 atque
676 1654 943 1717 pictarum,
983 1654 1034 1700 in
1074 1652 1363 1701 multiformi
1404 1654 1567 1716 specie
1609 1658 1682 1700 tot
1721 1658 1824 1700 tan-
1858 1661 1916 1700 20

141 1732 403 1791 tarumque
458 1728 804 1791 animantium,
853 1741 1062 1790 quarum
1101 1725 1209 1774 illae
1249 1726 1360 1790 plus
1401 1725 1584 1774 habent
1623 1725 1829 1774 admira-

141 1802 313 1866 tioniS,
361 1815 486 1864 quae
538 1799 680 1848 molis
721 1801 978 1848 minimum
1019 1794 1156 1866 (plus
1198 1801 1329 1848 enim
1369 1799 1740 1848 formicularum
1781 1806 1831 1848 et

140 1873 446 1938 apicularum
478 1889 628 1939 opera
659 1879 916 1938 stupemus
957 1889 1104 1938 quam
1143 1875 1365 1922 inmensa
1406 1888 1614 1938 corpora
1653 1873 1828 1922 hallae-

140 1942 361 2015 narum),
409 1949 460 1996 in
507 1949 664 2012 ipsius
714 1962 910 2011 quoque
968 1948 1118 1996 maris
1166 1955 1263 1996 tam
1310 1946 1483 2010 grandi
1530 1946 1826 2012 spectaculo,

141 2035 254 2070 cum
303 2036 411 2070 sese
460 2021 666 2069 diversis
715 2020 963 2069 coloribus
1012 2020 1145 2069 velut
1194 2020 1414 2069 vestibus
1453 2020 1614 2068 induit
1653 2027 1702 2068 et
1742 2019 1823 2068 ali·
1859 2029 1915 2068 25

139 2094 335 2159 quando
361 2093 515 2142 viride
543 2101 688 2158 atque
714 2094 805 2142 hoc
832 2093 999 2142 multis
1024 2093 1196 2159 modiS,
1221 2093 1479 2157 aliquando
1505 2108 1827 2159 purpureum,

140 2167 402 2232 aliquando
429 2167 710 2216 caeruleum
744 2173 831 2216 est.
881 2167 1037 2225 Quam
1069 2183 1218 2231 porro
1252 2166 1606 2216 delectabiliter
1639 2174 1826 2232 specta-

142 2249 225 2290 tur
264 2243 411 2290 etiam
452 2241 862 2306 quandocumque
903 2240 1148 2307 turbatur,
1189 2248 1238 2289 et
1275 2241 1330 2289 fit
1368 2241 1483 2289 inde
1523 2242 1678 2289 maior
1718 2256 1826 2289 sua-

141 2316 285 2375 vitas,
326 2317 440 2379 quia
479 2317 550 2363 sic
583 2315 828 2364 demulcet
866 2317 1158 2381 intuentem,
1198 2321 1254 2363 ut
1292 2329 1391 2362 non
1430 2316 1579 2363 iactet
1617 2320 1667 2362 et
1707 2330 1822 2378 qua-

142 2390 230 2437 tiat
266 2387 594 2452 navigantem!
658 2388 786 2446 Quid
818 2388 1041 2437 ciborum
1074 2403 1431 2452 usquequaque
1472 2390 1612 2452 copia
1652 2395 1823 2436 contra
1857 2397 1915 2436 30

140 2458 354 2510 famem?
398 2462 515 2525 quid
548 2477 779 2526 saporum
812 2462 1068 2510 diversitas
1109 2468 1280 2510 contra
1319 2461 1583 2525 fastidium,
1624 2467 1826 2509 naturae

140 2535 316 2584 diffusa
341 2535 538 2601 divitiis,
572 2550 670 2583 non
704 2550 978 2598 coquorum
1010 2541 1113 2583 arte
1148 2550 1203 2583 ac
1227 2534 1394 2582 labore
1419 2531 1677 2597 quaesita?
1709 2534 1828 2598 quid

260 2648 331 2702 11)
365 2647 437 2690 Ps.
473 2651 571 2704 103,
605 2653 643 2691 1.

258 2756 283 2794 2
315 2751 575 2794 membrum
615 2752 685 2794 est
723 2764 748 2793 υ
787 2751 803 2806 ΙΙ
841 2755 896 2794 20
935 2751 1108 2794 tantar.
1141 2749 1212 2802 A‚·
1242 2750 1412 2794 tantor.
1446 2748 1518 2792 Rv
1554 2751 1569 2805 ΙΙ
1608 2754 1661 2792 21
1696 2762 1824 2803 quar.

138 2808 334 2920 &1333ss
342 2826 380 2911 ;v
391 2823 520 2864 quor.
551 2809 635 2853 illa
657 2823 684 2853 υ
707 2810 722 2865 ΙΙ
746 2814 801 2852 23
835 2809 1003 2852 ballen.
1030 2808 1147 2862 RA,·
1176 2808 1328 2853 balen.
1353 2821 1408 2864 qv
1432 2809 1447 2863 ΙΙ
1471 2812 1526 2851 32
1559 2807 1673 2863 quid
1702 2806 1824 2859 BA,-
