2054 3152
207 575 233 612 <5¹

174 940 229 980 10

170 1307 226 1346 15

166 1675 225 1715 20

167 2043 228 2082 25

165 2410 224 2449 30

273 146 377 198 154
954 157 989 190 S.
1013 156 1289 191 Aucusnm

268 270 540 320 secundum
588 270 835 318 hominem
885 271 1182 336 viventium,
1229 269 1320 319 suh
1369 269 1638 319 dominatu·
1667 269 1953 334 angelorum

268 344 580 393 desertorum
618 345 861 407 insignius
910 343 1202 409 excellebat,
1256 359 1407 408 regna
1445 343 1672 393 videlicet
1710 345 1826 408 tria,
1878 342 1950 392 Si-

268 420 581 482 cyoniorum,
637 416 1014 483 Aegyptiorum,
1068 418 1396 482 Assyriorum.
1489 417 1584 466 Sed
1639 417 1953 482 Assyriorum

268 490 423 540 multo
457 498 562 540 erat
593 493 845 555 potentius
878 498 1025 555 atque
1059 490 1331 540 sublimius.
1407 491 1529 539 Nam
1561 506 1649 540 rex
1679 490 1762 539 ille
1795 490 1951 540 Ninus

266 563 369 613 Beli
408 564 538 613 filius
579 571 783 629 excepta
823 564 959 614 India
997 567 1254 614 universae
1295 564 1435 613 Asiae
1474 564 1683 629 populos
1723 564 1950 629 subiuga-

266 645 414 686 verat.
492 638 654 687 Asiam
710 653 841 687 nunc
897 638 1007 687 dico
1063 654 1161 686 non
1216 638 1345 687 illam
1393 645 1583 703 partem
1633 653 1756 702 quae
1804 637 1951 687 huius

265 713 463 760 maioris
502 711 644 760 Asiae
692 727 789 760 una
835 714 1087 776 provincia
1139 718 1235 777 est,
1283 711 1369 760 sed
1410 726 1517 760 eam
1557 726 1682 775 quae
1722 713 1953 760 universa

263 785 375 834 Asia
422 793 759 850 nuncupatur,
809 800 954 849 quam
1003 786 1201 849 quidam
1247 787 1299 833 in
1339 784 1490 834 altera
1530 785 1764 851 duarum,
1803 785 1950 850 pleri·

263 873 359 922 que
400 865 564 908 autem
603 861 653 907 in
693 860 838 907 tertia
878 860 1029 907 totius
1069 858 1203 907 orbis
1242 865 1380 923 parte
1420 866 1718 925 posuerunt,
1757 865 1814 908 ut
1852 860 1950 908 sint

263 947 434 980 omnes
465 932 592 996 Asia,
630 931 828 996 Europa
869 939 918 981 et
949 933 1132 998 Africa3
1174 932 1304 996 quod
1344 947 1443 980 non
1483 932 1672 996 aequali
1712 932 1951 981 divisione

262 1005 501 1054 fecerunt.
578 1005 798 1070 Namque
839 1007 947 1071 ista,
987 1021 1112 1070 quae
1152 1005 1264 1054 Asia
1292 1013 1635 1072 nuncupatur,
1674 1021 1700 1054 a
1740 1005 1944 1055 meridie

260 1094 350 1143 per
398 1081 639 1128 orientem
686 1094 845 1143 usque
901 1078 960 1128 ad
1008 1081 1399 1144 septentrionem
1445 1081 1692 1145 pervenit3
1747 1079 1946 1144 Europa

261 1167 376 1201 vero
432 1169 458 1201 a
520 1155 857 1218 septentrione
915 1168 1073 1217 usque
1128 1153 1187 1202 ad
1243 1153 1575 1219 occidentem,
1630 1160 1776 1217 atque
1833 1153 1946 1202 inde

260 1226 422 1275 Africa
470 1226 528 1275 ab
576 1226 832 1275 occidente
878 1242 1038 1291 usque
1085 1227 1144 1275 ad
1194 1226 1464 1275 meridiem.
1541 1226 1679 1275 Unde
1719 1226 1948 1275 videntur

261 1299 432 1348 orbem
488 1301 742 1349 dimidium
799 1299 922 1349 duae
977 1308 1174 1366 tenere,
1225 1300 1423 1365 Europa
1471 1307 1520 1348 et
1559 1300 1744 1365 Africa,
1800 1300 1948 1349 alium

259 1389 375 1422 vero
433 1374 689 1423 dimidium
745 1374 846 1422 sola
900 1373 1026 1422 Asia.
1121 1374 1217 1422 Sed
1272 1374 1382 1423 ideo
1438 1374 1547 1423 illae
1603 1374 1728 1423 duae
1781 1380 1947 1438 partes

260 1448 412 1496 sactae
462 1454 603 1514 sunt,
653 1449 766 1511 quia
811 1449 944 1496 inter
991 1455 1252 1512 utramque
1299 1447 1358 1496 ab
1407 1447 1603 1497 Oceano
1655 1447 1946 1512 ingreditur,

258 1520 495 1584 quidquid
543 1536 781 1586 aquarum
828 1529 986 1570 terras
1025 1521 1269 1587 interluit3
1322 1528 1372 1570 et
1409 1521 1503 1570 hoc
1543 1537 1676 1570 mare
1718 1537 1947 1585 magnum

258 1593 400 1643 nobis
440 1595 569 1644 facit.
649 1595 960 1659 Quapropter
1000 1597 1042 1643 si
1080 1597 1131 1644 in
1171 1595 1292 1644 duas
1332 1602 1498 1660 partes
1537 1595 1707 1644 orbem
1747 1595 1948 1660 dividaS,

260 1667 477 1717 Orientis
518 1676 567 1717 et
607 1667 921 1734 OccidentiS,
975 1669 1089 1718 Asia
1129 1671 1223 1717 erit
1267 1671 1318 1717 in
1366 1684 1493 1735 una,
1548 1671 1599 1718 in
1639 1669 1790 1717 altera
1829 1684 1945 1718 vero

261 1741 461 1806 Europa
501 1749 552 1790 et
588 1742 765 1792 Africa.
844 1742 1001 1800 Quam
1040 1741 1102 1790 ob
1142 1758 1249 1791 rem
1289 1744 1438 1792 trium
1478 1757 1767 1809 regnorum,
1821 1758 1945 1807 quae

262 1823 381 1864 tunc
436 1815 824 1882 praecellebant,
880 1815 1221 1881 Sicyoniorum
1280 1832 1378 1865 non
1426 1824 1532 1866 erat
1579 1816 1670 1866 sub
1720 1816 1948 1881 AssyriiS,

262 1890 376 1952 quia
423 1891 474 1938 in
522 1889 720 1954 Europa
772 1897 909 1955 sunt3
957 1891 1308 1954 Aegyptiorum
1349 1897 1514 1939 autem
1553 1906 1651 1954 quo
1691 1889 1834 1938 modo
1876 1892 1947 1939 eis

262 1977 362 2011 non
402 1962 709 2028 subiacebat,
749 1979 775 2011 a
816 1963 996 2027 quibus
1035 1970 1135 2012 tota
1175 1964 1287 2012 Asia
1327 1963 1603 2030 tenebatur,
1643 1963 1759 2012 solis
1798 1962 1946 2023 Indis,

264 2042 319 2085 ut
365 2035 680 2102 perhibetur,
735 2034 990 2101 exceptis?
1043 2037 1098 2085 In
1149 2037 1348 2101 Assyria
1406 2039 1558 2101 igitur
1607 2036 1946 2101 praevaluerat

261 2108 539 2158 dominatus
579 2111 755 2174 impiae
797 2111 1032 2175 civitatis3
1080 2109 1228 2159 huius
1268 2117 1415 2175 caput
1453 2117 1559 2159 erat
1596 2110 1676 2158 illa
1714 2109 1944 2175 Babylon,

260 2184 401 2231 cuius
454 2184 731 2246 terrigenae
784 2184 997 2231 civitatis
1043 2198 1223 2232 nomen
1274 2185 1582 2248 aptissimum
1630 2190 1726 2250 est,
1772 2183 1821 2232 id
1869 2191 1945 2233 est

261 2255 499 2304 confusio,
577 2255 650 2304 lbi
681 2257 776 2304 iam
809 2255 967 2305 Ninus
999 2256 1234 2321 regnabat
1272 2264 1384 2321 post
1423 2265 1632 2308 mortem
1672 2259 1826 2322 patris
1867 2259 1943 2306 sui

259 2327 379 2394 Beli,
420 2331 504 2393 qui
537 2330 727 2393 primus
759 2329 857 2377 illic
898 2337 1186 2394 regnaverat
1226 2333 1475 2395 sexaginta
1515 2333 1733 2395 quinque
1774 2346 1942 2379 annos

259 2401 411 2450 Filius
459 2417 575 2450 vero
625 2404 732 2450 eius
778 2402 933 2451 Ninus
948 2419 962 2468 3
1017 2405 1100 2467 qui
1150 2403 1382 2453 defuncto
1429 2406 1558 2469 patri
1605 2405 1845 2453 successit
1891 2406 1941 2452 in

254 2489 478 2542 regnum,
518 2476 872 2539 quinquaginta
915 2475 1039 2525 duos
1079 2479 1301 2541 regnavit
1341 2493 1515 2542 annOS,
1556 2485 1606 2526 et
1643 2475 1853 2525 habebat
1890 2478 1941 2525 in

254 2564 405 2613 regno
453 2548 774 2613 quadraginta
826 2556 950 2614 tres,
999 2550 1191 2614 quando
1244 2557 1387 2600 natus
1428 2557 1504 2599 est
1541 2549 1806 2610 Abraham,
1856 2552 1941 2614 qui

371 2678 415 2731 8)
450 2675 558 2720 Sall.
591 2676 688 2733 lug.
726 2681 792 2721 17.

371 2827 426 2864 22
467 2822 636 2878 Sicyon.
688 2823 892 2876 VRFL;
933 2823 1110 2868 scilicet
1150 2823 1333 2880 Sicyon.
1367 2838 1394 2868 v
1417 2826 1432 2880 l]
1457 2830 1509 2868 31
1554 2824 1643 2868 duo
1686 2823 1729 2866 V
1755 2825 1852 2879 (78,
1886 2827 1942 2876 '7;

251 2882 354 2935 140,
386 2883 499 2936 22ss
531 2881 646 2925 duos
670 2895 696 2926 v
