<?xml version="1.0" encoding="UTF-8"?>
<!DOCTYPE html PUBLIC "-//W3C//DTD XHTML 1.0 Transitional//EN"
    "http://www.w3.org/TR/xhtml1/DTD/xhtml1-transitional.dtd">
<html xmlns="http://www.w3.org/1999/xhtml" xml:lang="en" lang="en">
 <head>
  <title>
</title>
<meta http-equiv="Content-Type" content="text/html;charset=utf-8" />
  <meta name='ocr-system' content='tesseract 3.04.00' />
  <meta name='ocr-capabilities' content='ocr_page ocr_carea ocr_par ocr_line ocrx_word'/>
</head>
<body>
  <div class='ocr_page' id='page_1' title='image "./decivitatedeilib02auguuoft_0277.png"; bbox 0 0 2004 3140; ppageno 0'>
   <div class='ocr_carea' id='block_1_1' title="bbox 526 137 1783 189">
    <p class='ocr_par' dir='ltr' id='par_1_1' title="bbox 526 137 1783 189">
     <span class='ocr_line' id='line_1_1' title="bbox 526 137 1783 189; baseline 0.003 -8"><span class='ocrx_word' id='word_1_1' title='bbox 526 149 591 181; x_wconf 78' lang='lat' dir='ltr'><strong>DE</strong></span> <span class='ocrx_word' id='word_1_2' title='bbox 614 146 855 181; x_wconf 72' lang='lat' dir='ltr'>CIVITA&#39;I&#39;E</span> <span class='ocrx_word' id='word_1_3' title='bbox 879 148 969 180; x_wconf 77' lang='lat' dir='ltr'><strong>Dm</strong></span> <span class='ocrx_word' id='word_1_4' title='bbox 992 148 1034 180; x_wconf 79' lang='lat' dir='ltr'><strong>L.</strong></span> <span class='ocrx_word' id='word_1_5' title='bbox 1059 148 1207 180; x_wconf 80' lang='lat' dir='ltr'><strong>xvm.</strong></span> <span class='ocrx_word' id='word_1_6' title='bbox 1230 148 1267 181; x_wconf 87' lang='lat' dir='ltr'><strong>c.</strong></span> <span class='ocrx_word' id='word_1_7' title='bbox 1292 150 1345 182; x_wconf 88' lang='lat'><strong>13.</strong></span> <span class='ocrx_word' id='word_1_8' title='bbox 1675 137 1744 189; x_wconf 79' lang='grc'><strong>27</strong></span> <span class='ocrx_word' id='word_1_9' title='bbox 1750 137 1783 189; x_wconf 83' lang='grc'><strong>3</strong></span> 
     </span>
    </p>
   </div>
   <div class='ocr_carea' id='block_1_2' title="bbox 87 259 1785 2394">
    <p class='ocr_par' dir='ltr' id='par_1_2' title="bbox 87 259 1785 2394">
     <span class='ocr_line' id='line_1_2' title="bbox 92 259 1783 328; baseline 0 -17"><span class='ocrx_word' id='word_1_10' title='bbox 92 267 324 326; x_wconf 80' lang='lat' dir='ltr'><strong>stuprum</strong></span> <span class='ocrx_word' id='word_1_11' title='bbox 356 267 553 326; x_wconf 86' lang='lat' dir='ltr'><strong>raptum</strong></span> <span class='ocrx_word' id='word_1_12' title='bbox 590 259 983 325; x_wconf 86' lang='lat' dir='ltr'><strong>pulcherrimum</strong></span> <span class='ocrx_word' id='word_1_13' title='bbox 1021 275 1234 326; x_wconf 90' lang='lat' dir='ltr'><strong>puerum</strong></span> <span class='ocrx_word' id='word_1_14' title='bbox 1266 260 1611 328; x_wconf 75' lang='lat' dir='ltr'><strong>Ganymedem,</strong></span> <span class='ocrx_word' id='word_1_15' title='bbox 1652 262 1783 327; x_wconf 89' lang='lat' dir='ltr'><strong>qnod</strong></span> 
     </span>
     <span class='ocr_line' id='line_1_3' title="bbox 98 333 1783 402; baseline 0.001 -18"><span class='ocrx_word' id='word_1_16' title='bbox 98 335 236 384; x_wconf 83' lang='lat' dir='ltr'><strong>nefas</strong></span> <span class='ocrx_word' id='word_1_17' title='bbox 275 349 363 384; x_wconf 85' lang='lat' dir='ltr'><strong>rex</strong></span> <span class='ocrx_word' id='word_1_18' title='bbox 394 334 628 384; x_wconf 82' lang='lat' dir='ltr'><strong>Tantalus</strong></span> <span class='ocrx_word' id='word_1_19' title='bbox 668 334 785 383; x_wconf 80' lang='lat' dir='ltr'><strong>fecit</strong></span> <span class='ocrx_word' id='word_1_20' title='bbox 824 340 874 383; x_wconf 89' lang='lat' dir='ltr'><strong>et</strong></span> <span class='ocrx_word' id='word_1_21' title='bbox 912 333 1014 383; x_wconf 88' lang='lat' dir='ltr'><strong>Iovi</strong></span> <span class='ocrx_word' id='word_1_22' title='bbox 1052 333 1215 384; x_wconf 86' lang='lat' dir='ltr'><strong>fabula</strong></span> <span class='ocrx_word' id='word_1_23' title='bbox 1253 334 1442 402; x_wconf 83' lang='lat' dir='ltr'>tribuit,</span> <span class='ocrx_word' id='word_1_24' title='bbox 1480 335 1556 385; x_wconf 83' lang='lat' dir='ltr'><strong>vel</strong></span> <span class='ocrx_word' id='word_1_25' title='bbox 1595 335 1783 386; x_wconf 89' lang='lat' dir='ltr'><strong>Danaes</strong></span> 
     </span>
     <span class='ocr_line' id='line_1_4' title="bbox 94 407 1782 475; baseline 0.001 -17"><span class='ocrx_word' id='word_1_26' title='bbox 94 423 185 473; x_wconf 86' lang='lat' dir='ltr'><strong>per</strong></span> <span class='ocrx_word' id='word_1_27' title='bbox 232 407 442 457; x_wconf 85' lang='lat' dir='ltr'><strong>imbrem</strong></span> <span class='ocrx_word' id='word_1_28' title='bbox 490 422 697 458; x_wconf 89' lang='lat' dir='ltr'><strong>aureum</strong></span> <span class='ocrx_word' id='word_1_29' title='bbox 744 407 990 473; x_wconf 83' lang='lat' dir='ltr'>adpetisse</span> <span class='ocrx_word' id='word_1_30' title='bbox 1031 407 1373 475; x_wconf 84' lang='lat' dir='ltr'><strong>concubitum,</strong></span> <span class='ocrx_word' id='word_1_31' title='bbox 1420 409 1506 458; x_wconf 92' lang='lat' dir='ltr'><strong>ubi</strong></span> <span class='ocrx_word' id='word_1_32' title='bbox 1543 409 1782 475; x_wconf 85' lang='lat' dir='ltr'><strong>intellegi-</strong></span> 
     </span>
     <span class='ocr_line' id='line_1_5' title="bbox 93 481 1783 549; baseline 0.001 -17"><span class='ocrx_word' id='word_1_33' title='bbox 93 490 177 532; x_wconf 89' lang='lat' dir='ltr'><strong>tur</strong></span> <span class='ocrx_word' id='word_1_34' title='bbox 228 482 467 549; x_wconf 83' lang='lat' dir='ltr'><strong>pudicitia</strong></span> <span class='ocrx_word' id='word_1_35' title='bbox 527 481 749 531; x_wconf 90' lang='lat' dir='ltr'><strong>mulieris</strong></span> <span class='ocrx_word' id='word_1_36' title='bbox 803 497 924 531; x_wconf 90' lang='lat' dir='ltr'><strong>auro</strong></span> <span class='ocrx_word' id='word_1_37' title='bbox 986 482 1140 531; x_wconf 89' lang='lat' dir='ltr'><strong>fuisse</strong></span> <span class='ocrx_word' id='word_1_38' title='bbox 1195 490 1454 549; x_wconf 88' lang='lat' dir='ltr'><strong>corrupta,</strong></span> <span class='ocrx_word' id='word_1_39' title='bbox 1509 498 1633 548; x_wconf 85' lang='lat' dir='ltr'><strong>quae</strong></span> <span class='ocrx_word' id='word_1_40' title='bbox 1687 483 1783 533; x_wconf 91' lang='lat' dir='ltr'><strong>illis</strong></span> 
     </span>
     <span class='ocr_line' id='line_1_6' title="bbox 91 554 1782 623; baseline 0 -17"><span class='ocrx_word' id='word_1_41' title='bbox 91 555 399 623; x_wconf 84' lang='lat' dir='ltr'><strong>temporibus</strong></span> <span class='ocrx_word' id='word_1_42' title='bbox 444 554 521 604; x_wconf 87' lang='lat' dir='ltr'><strong>vel</strong></span> <span class='ocrx_word' id='word_1_43' title='bbox 573 556 700 605; x_wconf 90' lang='lat' dir='ltr'><strong>facta</strong></span> <span class='ocrx_word' id='word_1_44' title='bbox 739 554 816 604; x_wconf 90' lang='lat' dir='ltr'><strong>vel</strong></span> <span class='ocrx_word' id='word_1_45' title='bbox 854 556 966 604; x_wconf 87' lang='lat' dir='ltr'><strong>ficta</strong></span> <span class='ocrx_word' id='word_1_46' title='bbox 1007 562 1147 622; x_wconf 91' lang='lat' dir='ltr'><strong>sunt,</strong></span> <span class='ocrx_word' id='word_1_47' title='bbox 1198 562 1282 605; x_wconf 90' lang='lat' dir='ltr'><strong>aut</strong></span> <span class='ocrx_word' id='word_1_48' title='bbox 1323 558 1446 606; x_wconf 83' lang='lat' dir='ltr'><strong>facta</strong></span> <span class='ocrx_word' id='word_1_49' title='bbox 1488 556 1547 606; x_wconf 92' lang='lat' dir='ltr'><strong>ab</strong></span> <span class='ocrx_word' id='word_1_50' title='bbox 1587 557 1693 606; x_wconf 88' lang='lat' dir='ltr'><strong>aliis</strong></span> <span class='ocrx_word' id='word_1_51' title='bbox 1733 563 1782 606; x_wconf 91' lang='lat' dir='ltr'><strong>et</strong></span> 
     </span>
     <span class='ocr_line' id='line_1_7' title="bbox 96 628 1784 697; baseline 0.001 -17"><span class='ocrx_word' id='word_1_52' title='bbox 96 631 210 680; x_wconf 86' lang='lat' dir='ltr'><strong>ficta</strong></span> <span class='ocrx_word' id='word_1_53' title='bbox 250 631 310 680; x_wconf 92' lang='lat' dir='ltr'><strong>de</strong></span> <span class='ocrx_word' id='word_1_54' title='bbox 350 629 479 697; x_wconf 85' lang='lat' dir='ltr'><strong>Iove,</strong></span> <span class='ocrx_word' id='word_1_55' title='bbox 519 628 616 678; x_wconf 92' lang='lat' dir='ltr'><strong>dici</strong></span> <span class='ocrx_word' id='word_1_56' title='bbox 654 644 753 678; x_wconf 90' lang='lat' dir='ltr'><strong>non</strong></span> <span class='ocrx_word' id='word_1_57' title='bbox 792 635 959 695; x_wconf 86' lang='lat' dir='ltr'><strong>potest</strong></span> <span class='ocrx_word' id='word_1_58' title='bbox 999 636 1237 694; x_wconf 90' lang='lat' dir='ltr'><strong>quantum</strong></span> <span class='ocrx_word' id='word_1_59' title='bbox 1276 630 1390 679; x_wconf 90' lang='lat' dir='ltr'><strong>mali</strong></span> <span class='ocrx_word' id='word_1_60' title='bbox 1428 631 1487 680; x_wconf 92' lang='lat' dir='ltr'><strong>de</strong></span> <span class='ocrx_word' id='word_1_61' title='bbox 1527 630 1784 681; x_wconf 90' lang='lat' dir='ltr'><strong>hominum</strong></span> 
     </span>
     <span class='ocr_line' id='line_1_8' title="bbox 94 702 1783 771; baseline 0 -17"><span class='ocrx_word' id='word_1_62' title='bbox 94 705 520 770; x_wconf 81' lang='lat' dir='ltr'><strong>praesumpserint</strong></span> <span class='ocrx_word' id='word_1_63' title='bbox 553 702 802 771; x_wconf 83' lang='lat' dir='ltr'><strong>cordibuS,</strong></span> <span class='ocrx_word' id='word_1_64' title='bbox 843 703 975 768; x_wconf 89' lang='lat' dir='ltr'><strong>quod</strong></span> <span class='ocrx_word' id='word_1_65' title='bbox 1006 710 1211 768; x_wconf 82' lang='lat' dir='ltr'><strong>possent</strong></span> <span class='ocrx_word' id='word_1_66' title='bbox 1240 706 1333 753; x_wconf 90' lang='lat' dir='ltr'><strong>ista</strong></span> <span class='ocrx_word' id='word_1_67' title='bbox 1364 707 1612 769; x_wconf 83' lang='lat' dir='ltr'><strong>patienter</strong></span> <span class='ocrx_word' id='word_1_68' title='bbox 1650 705 1783 754; x_wconf 88' lang='lat' dir='ltr'><strong>ferre</strong></span> 
     </span>
     <span class='ocr_line' id='line_1_9' title="bbox 93 777 1785 846; baseline 0 -19"><span class='ocrx_word' id='word_1_69' title='bbox 93 778 369 846; x_wconf 87' lang='lat' dir='ltr'><strong>mendacia,</strong></span> <span class='ocrx_word' id='word_1_70' title='bbox 422 793 546 842; x_wconf 88' lang='lat' dir='ltr'><strong>quae</strong></span> <span class='ocrx_word' id='word_1_71' title='bbox 587 784 751 827; x_wconf 88' lang='lat' dir='ltr'><strong>tamen</strong></span> <span class='ocrx_word' id='word_1_72' title='bbox 793 779 941 826; x_wconf 88' lang='lat' dir='ltr'><strong>etiam</strong></span> <span class='ocrx_word' id='word_1_73' title='bbox 979 777 1192 827; x_wconf 88' lang='lat' dir='ltr'><strong>libenter</strong></span> <span class='ocrx_word' id='word_1_74' title='bbox 1232 777 1442 843; x_wconf 84' lang='lat' dir='ltr'><strong>amplexi</strong></span> <span class='ocrx_word' id='word_1_75' title='bbox 1481 786 1610 828; x_wconf 87' lang='lat' dir='ltr'><strong>sunt.</strong></span> <span class='ocrx_word' id='word_1_76' title='bbox 1687 778 1785 837; x_wconf 87' lang='lat' dir='ltr'><strong>Qui</strong></span> 
     </span>
     <span class='ocr_line' id='line_1_10' title="bbox 92 851 1782 918; baseline 0.001 -17"><span class='ocrx_word' id='word_1_77' title='bbox 92 854 266 918; x_wconf 88' lang='lat' dir='ltr'><strong>utique</strong></span> <span class='ocrx_word' id='word_1_78' title='bbox 307 858 490 917; x_wconf 90' lang='lat' dir='ltr'><strong>quanto</strong></span> <span class='ocrx_word' id='word_1_79' title='bbox 532 851 756 900; x_wconf 88' lang='lat' dir='ltr'><strong>devotius</strong></span> <span class='ocrx_word' id='word_1_80' title='bbox 796 851 960 901; x_wconf 88' lang='lat' dir='ltr'><strong>Iovem</strong></span> <span class='ocrx_word' id='word_1_81' title='bbox 1000 851 1183 918; x_wconf 91' lang='lat' dir='ltr'><strong>colunt,</strong></span> <span class='ocrx_word' id='word_1_82' title='bbox 1221 859 1357 901; x_wconf 85' lang='lat' dir='ltr'><strong>tanto</strong></span> <span class='ocrx_word' id='word_1_83' title='bbox 1399 868 1499 918; x_wconf 80' lang='lat' dir='ltr'><strong>eOS,</strong></span> <span class='ocrx_word' id='word_1_84' title='bbox 1538 854 1624 917; x_wconf 89' lang='lat' dir='ltr'><strong>qui</strong></span> <span class='ocrx_word' id='word_1_85' title='bbox 1662 852 1782 902; x_wconf 89' lang='lat' dir='ltr'><strong>haec</strong></span> 
     </span>
     <span class='ocr_line' id='line_1_11' title="bbox 87 923 1780 992; baseline 0 -17"><span class='ocrx_word' id='word_1_86' title='bbox 87 923 186 988; x_wconf 83' lang='lat' dir='ltr'><strong>&lt;de</strong></span> <span class='ocrx_word' id='word_1_87' title='bbox 237 925 356 992; x_wconf 90' lang='lat' dir='ltr'><strong>illo&gt;</strong></span> <span class='ocrx_word' id='word_1_88' title='bbox 415 925 580 975; x_wconf 86' lang='lat' dir='ltr'><strong>dicere</strong></span> <span class='ocrx_word' id='word_1_89' title='bbox 631 926 738 974; x_wconf 88' lang='lat' dir='ltr'><strong>ausi</strong></span> <span class='ocrx_word' id='word_1_90' title='bbox 789 932 930 991; x_wconf 89' lang='lat' dir='ltr'><strong>sunt,</strong></span> <span class='ocrx_word' id='word_1_91' title='bbox 985 928 1206 975; x_wconf 89' lang='lat' dir='ltr'><strong>severius</strong></span> <span class='ocrx_word' id='word_1_92' title='bbox 1257 928 1435 991; x_wconf 90' lang='lat' dir='ltr'><strong>punire</strong></span> <span class='ocrx_word' id='word_1_93' title='bbox 1486 926 1780 976; x_wconf 89' lang='lat' dir='ltr'><strong>debuerunt.</strong></span> 
     </span>
     <span class='ocr_line' id='line_1_12' title="bbox 89 998 1781 1067; baseline 0 -18"><span class='ocrx_word' id='word_1_94' title='bbox 89 999 231 1049; x_wconf 92' lang='lat' dir='ltr'><strong>Nunc</strong></span> <span class='ocrx_word' id='word_1_95' title='bbox 281 1016 398 1049; x_wconf 86' lang='lat' dir='ltr'><strong>vero</strong></span> <span class='ocrx_word' id='word_1_96' title='bbox 450 1015 548 1048; x_wconf 91' lang='lat' dir='ltr'><strong>non</strong></span> <span class='ocrx_word' id='word_1_97' title='bbox 589 998 748 1048; x_wconf 89' lang='lat' dir='ltr'><strong>solum</strong></span> <span class='ocrx_word' id='word_1_98' title='bbox 793 1001 890 1066; x_wconf 84' lang='lat' dir='ltr'><strong>eiS,</strong></span> <span class='ocrx_word' id='word_1_99' title='bbox 945 1001 1031 1064; x_wconf 90' lang='lat' dir='ltr'><strong>qui</strong></span> <span class='ocrx_word' id='word_1_100' title='bbox 1068 1001 1163 1048; x_wconf 89' lang='lat' dir='ltr'><strong>ista</strong></span> <span class='ocrx_word' id='word_1_101' title='bbox 1202 1000 1478 1067; x_wconf 86' lang='lat' dir='ltr'><strong>finxerunt,</strong></span> <span class='ocrx_word' id='word_1_102' title='bbox 1529 1002 1642 1049; x_wconf 89' lang='lat' dir='ltr'><strong>irati</strong></span> <span class='ocrx_word' id='word_1_103' title='bbox 1681 1016 1781 1049; x_wconf 87' lang='lat' dir='ltr'><strong>non</strong></span> 
     </span>
     <span class='ocr_line' id='line_1_13' title="bbox 92 1072 1779 1140; baseline 0 -18"><span class='ocrx_word' id='word_1_104' title='bbox 92 1079 223 1139; x_wconf 89' lang='lat' dir='ltr'><strong>sunt,</strong></span> <span class='ocrx_word' id='word_1_105' title='bbox 263 1074 350 1123; x_wconf 91' lang='lat' dir='ltr'><strong>sed</strong></span> <span class='ocrx_word' id='word_1_106' title='bbox 382 1080 437 1123; x_wconf 89' lang='lat' dir='ltr'><strong>ut</strong></span> <span class='ocrx_word' id='word_1_107' title='bbox 469 1072 582 1123; x_wconf 88' lang='lat' dir='ltr'><strong>talia</strong></span> <span class='ocrx_word' id='word_1_108' title='bbox 614 1074 845 1138; x_wconf 85' lang='lat' dir='ltr'><strong>figmenta</strong></span> <span class='ocrx_word' id='word_1_109' title='bbox 879 1075 1025 1122; x_wconf 86' lang='lat' dir='ltr'><strong>etiam</strong></span> <span class='ocrx_word' id='word_1_110' title='bbox 1055 1075 1107 1123; x_wconf 92' lang='lat' dir='ltr'><strong>in</strong></span> <span class='ocrx_word' id='word_1_111' title='bbox 1139 1073 1347 1123; x_wconf 84' lang='lat' dir='ltr'><strong>theatris</strong></span> <span class='ocrx_word' id='word_1_112' title='bbox 1387 1081 1604 1140; x_wconf 84' lang='lat' dir='ltr'><strong>agerent,</strong></span> <span class='ocrx_word' id='word_1_113' title='bbox 1644 1076 1779 1140; x_wconf 88' lang='lat' dir='ltr'><strong>ipsos</strong></span> 
     </span>
     <span class='ocr_line' id='line_1_14' title="bbox 88 1145 1779 1213; baseline 0 -17"><span class='ocrx_word' id='word_1_114' title='bbox 88 1146 210 1196; x_wconf 89' lang='lat' dir='ltr'><strong>deos</strong></span> <span class='ocrx_word' id='word_1_115' title='bbox 271 1149 436 1212; x_wconf 87' lang='lat' dir='ltr'><strong>potius</strong></span> <span class='ocrx_word' id='word_1_116' title='bbox 498 1149 649 1196; x_wconf 89' lang='lat' dir='ltr'><strong>iratos</strong></span> <span class='ocrx_word' id='word_1_117' title='bbox 710 1145 893 1195; x_wconf 87' lang='lat' dir='ltr'><strong>habere</strong></span> <span class='ocrx_word' id='word_1_118' title='bbox 956 1149 1245 1196; x_wconf 89' lang='lat' dir='ltr'><strong>timuerunt.</strong></span> <span class='ocrx_word' id='word_1_119' title='bbox 1322 1147 1409 1197; x_wconf 91' lang='lat' dir='ltr'><strong>His</strong></span> <span class='ocrx_word' id='word_1_120' title='bbox 1471 1147 1779 1213; x_wconf 87' lang='lat' dir='ltr'><strong>temporibus</strong></span> 
     </span>
     <span class='ocr_line' id='line_1_15' title="bbox 89 1219 1779 1288; baseline -0.001 -18"><span class='ocrx_word' id='word_1_121' title='bbox 89 1219 274 1270; x_wconf 86' lang='lat' dir='ltr'><strong>Latona</strong></span> <span class='ocrx_word' id='word_1_122' title='bbox 313 1220 588 1287; x_wconf 84' lang='lat' dir='ltr'><strong>Apollinem</strong></span> <span class='ocrx_word' id='word_1_123' title='bbox 637 1222 856 1286; x_wconf 83' lang='lat' dir='ltr'><strong>peperit,</strong></span> <span class='ocrx_word' id='word_1_124' title='bbox 908 1236 1008 1270; x_wconf 90' lang='lat' dir='ltr'><strong>non</strong></span> <span class='ocrx_word' id='word_1_125' title='bbox 1056 1220 1216 1288; x_wconf 91' lang='lat' dir='ltr'><strong>illum,</strong></span> <span class='ocrx_word' id='word_1_126' title='bbox 1266 1223 1409 1270; x_wconf 90' lang='lat' dir='ltr'><strong>cuius</strong></span> <span class='ocrx_word' id='word_1_127' title='bbox 1457 1221 1653 1271; x_wconf 88' lang='lat' dir='ltr'><strong>oracula</strong></span> <span class='ocrx_word' id='word_1_128' title='bbox 1703 1237 1779 1270; x_wconf 90' lang='grc' dir='ltr'><strong>5ο-</strong></span> 
     </span>
     <span class='ocr_line' id='line_1_16' title="bbox 88 1293 1781 1362; baseline 0.001 -20"><span class='ocrx_word' id='word_1_129' title='bbox 88 1294 191 1344; x_wconf 85' lang='lat' dir='ltr'><strong>lere</strong></span> <span class='ocrx_word' id='word_1_130' title='bbox 247 1293 440 1344; x_wconf 87' lang='lat' dir='ltr'><strong>consuli</strong></span> <span class='ocrx_word' id='word_1_131' title='bbox 495 1296 725 1359; x_wconf 87' lang='lat' dir='ltr'><strong>superius</strong></span> <span class='ocrx_word' id='word_1_132' title='bbox 772 1293 1123 1361; x_wconf 88' lang='lat' dir='ltr'><strong>loquebamur,</strong></span> <span class='ocrx_word' id='word_1_133' title='bbox 1178 1295 1263 1344; x_wconf 88' lang='lat' dir='ltr'><strong>sed</strong></span> <span class='ocrx_word' id='word_1_134' title='bbox 1312 1295 1476 1362; x_wconf 91' lang='lat' dir='ltr'><strong>illum,</strong></span> <span class='ocrx_word' id='word_1_135' title='bbox 1533 1297 1617 1360; x_wconf 93' lang='lat' dir='ltr'><strong>qui</strong></span> <span class='ocrx_word' id='word_1_136' title='bbox 1667 1310 1781 1344; x_wconf 89' lang='lat' dir='ltr'><strong>cum</strong></span> 
     </span>
     <span class='ocr_line' id='line_1_17' title="bbox 89 1367 1779 1434; baseline 0.001 -18"><span class='ocrx_word' id='word_1_137' title='bbox 89 1367 302 1418; x_wconf 88' lang='lat' dir='ltr'><strong>Hercule</strong></span> <span class='ocrx_word' id='word_1_138' title='bbox 354 1370 555 1418; x_wconf 89' lang='lat' dir='ltr'><strong>servivit</strong></span> <span class='ocrx_word' id='word_1_139' title='bbox 593 1367 822 1434; x_wconf 84' lang='lat' dir='ltr'><strong>Admet03</strong></span> <span class='ocrx_word' id='word_1_140' title='bbox 875 1370 962 1433; x_wconf 91' lang='lat' dir='ltr'><strong>qui</strong></span> <span class='ocrx_word' id='word_1_141' title='bbox 1010 1375 1175 1418; x_wconf 87' lang='lat' dir='ltr'><strong>tamen</strong></span> <span class='ocrx_word' id='word_1_142' title='bbox 1224 1370 1294 1418; x_wconf 90' lang='lat' dir='ltr'><strong>sic</strong></span> <span class='ocrx_word' id='word_1_143' title='bbox 1345 1376 1420 1418; x_wconf 90' lang='lat' dir='ltr'><strong>est</strong></span> <span class='ocrx_word' id='word_1_144' title='bbox 1459 1369 1582 1419; x_wconf 89' lang='lat' dir='ltr'><strong>deus</strong></span> <span class='ocrx_word' id='word_1_145' title='bbox 1622 1369 1779 1419; x_wconf 91' lang='lat' dir='ltr'><strong>credi-</strong></span> 
     </span>
     <span class='ocr_line' id='line_1_18' title="bbox 88 1442 1778 1510; baseline 0.001 -19"><span class='ocrx_word' id='word_1_146' title='bbox 88 1449 192 1510; x_wconf 82' lang='lat' dir='ltr'><strong>tuS,</strong></span> <span class='ocrx_word' id='word_1_147' title='bbox 237 1449 294 1492; x_wconf 86' lang='lat' dir='ltr'><strong>ut</strong></span> <span class='ocrx_word' id='word_1_148' title='bbox 343 1442 545 1508; x_wconf 88' lang='lat' dir='ltr'><strong>plurimi</strong></span> <span class='ocrx_word' id='word_1_149' title='bbox 584 1457 640 1491; x_wconf 90' lang='lat' dir='ltr'><strong>ac</strong></span> <span class='ocrx_word' id='word_1_150' title='bbox 678 1457 834 1507; x_wconf 85' lang='lat' dir='ltr'><strong>paene</strong></span> <span class='ocrx_word' id='word_1_151' title='bbox 876 1457 1048 1493; x_wconf 89' lang='lat' dir='ltr'><strong>omnes</strong></span> <span class='ocrx_word' id='word_1_152' title='bbox 1087 1458 1244 1492; x_wconf 90' lang='lat' dir='ltr'><strong>unum</strong></span> <span class='ocrx_word' id='word_1_153' title='bbox 1284 1443 1596 1508; x_wconf 86' lang='lat' dir='ltr'><strong>eundemque</strong></span> <span class='ocrx_word' id='word_1_154' title='bbox 1634 1442 1778 1508; x_wconf 86' lang='lat' dir='ltr'><strong>Apol-</strong></span> 
     </span>
     <span class='ocr_line' id='line_1_19' title="bbox 88 1515 1778 1582; baseline 0.001 -18"><span class='ocrx_word' id='word_1_155' title='bbox 88 1515 239 1565; x_wconf 91' lang='lat' dir='ltr'><strong>linem</strong></span> <span class='ocrx_word' id='word_1_156' title='bbox 285 1517 440 1566; x_wconf 88' lang='lat' dir='ltr'><strong>fuisse</strong></span> <span class='ocrx_word' id='word_1_157' title='bbox 489 1517 770 1581; x_wconf 88' lang='lat' dir='ltr'><strong>opinentur.</strong></span> <span class='ocrx_word' id='word_1_158' title='bbox 848 1516 988 1566; x_wconf 88' lang='lat' dir='ltr'><strong>Tunc</strong></span> <span class='ocrx_word' id='word_1_159' title='bbox 1036 1523 1085 1566; x_wconf 88' lang='lat' dir='ltr'><strong>et</strong></span> <span class='ocrx_word' id='word_1_160' title='bbox 1123 1515 1273 1566; x_wconf 91' lang='lat' dir='ltr'><strong>Liber</strong></span> <span class='ocrx_word' id='word_1_161' title='bbox 1311 1524 1453 1582; x_wconf 87' lang='lat' dir='ltr'><strong>pater</strong></span> <span class='ocrx_word' id='word_1_162' title='bbox 1491 1516 1688 1567; x_wconf 88' lang='lat' dir='ltr'><strong>bellavit</strong></span> <span class='ocrx_word' id='word_1_163' title='bbox 1727 1519 1778 1566; x_wconf 90' lang='lat' dir='ltr'><strong>in</strong></span> 
     </span>
     <span class='ocr_line' id='line_1_20' title="bbox 91 1589 1778 1658; baseline 0.001 -20"><span class='ocrx_word' id='word_1_164' title='bbox 91 1589 240 1656; x_wconf 86' lang='lat' dir='ltr'><strong>India,</strong></span> <span class='ocrx_word' id='word_1_165' title='bbox 279 1592 366 1656; x_wconf 88' lang='lat' dir='ltr'><strong>qui</strong></span> <span class='ocrx_word' id='word_1_166' title='bbox 397 1590 576 1640; x_wconf 89' lang='lat' dir='ltr'><strong>multas</strong></span> <span class='ocrx_word' id='word_1_167' title='bbox 607 1589 779 1639; x_wconf 88' lang='lat' dir='ltr'><strong>habuit</strong></span> <span class='ocrx_word' id='word_1_168' title='bbox 810 1591 861 1639; x_wconf 90' lang='lat' dir='ltr'><strong>in</strong></span> <span class='ocrx_word' id='word_1_169' title='bbox 894 1592 1115 1640; x_wconf 86' lang='lat' dir='ltr'><strong>exercitu</strong></span> <span class='ocrx_word' id='word_1_170' title='bbox 1148 1591 1371 1658; x_wconf 83' lang='lat' dir='ltr'><strong>feminaS,</strong></span> <span class='ocrx_word' id='word_1_171' title='bbox 1404 1606 1528 1656; x_wconf 90' lang='lat' dir='ltr'><strong>quae</strong></span> <span class='ocrx_word' id='word_1_172' title='bbox 1558 1591 1778 1640; x_wconf 88' lang='lat' dir='ltr'><strong>Bacchae</strong></span> 
     </span>
     <span class='ocr_line' id='line_1_21' title="bbox 90 1663 1778 1730; baseline 0.001 -18"><span class='ocrx_word' id='word_1_173' title='bbox 90 1663 358 1729; x_wconf 89' lang='lat' dir='ltr'><strong>appellatae</strong></span> <span class='ocrx_word' id='word_1_174' title='bbox 415 1671 554 1730; x_wconf 88' lang='lat' dir='ltr'><strong>sunt,</strong></span> <span class='ocrx_word' id='word_1_175' title='bbox 607 1679 708 1712; x_wconf 89' lang='lat' dir='ltr'><strong>non</strong></span> <span class='ocrx_word' id='word_1_176' title='bbox 762 1670 862 1713; x_wconf 88' lang='lat' dir='ltr'><strong>tam</strong></span> <span class='ocrx_word' id='word_1_177' title='bbox 915 1666 1098 1714; x_wconf 83' lang='lat' dir='ltr'><strong>virtute</strong></span> <span class='ocrx_word' id='word_1_178' title='bbox 1152 1663 1342 1714; x_wconf 89' lang='lat' dir='ltr'><strong>nobiles</strong></span> <span class='ocrx_word' id='word_1_179' title='bbox 1394 1680 1541 1730; x_wconf 89' lang='lat' dir='ltr'><strong>quam</strong></span> <span class='ocrx_word' id='word_1_180' title='bbox 1592 1666 1778 1714; x_wconf 86' lang='lat' dir='ltr'><strong>furore.</strong></span> 
     </span>
     <span class='ocr_line' id='line_1_22' title="bbox 87 1735 1779 1801; baseline 0.002 -16"><span class='ocrx_word' id='word_1_181' title='bbox 87 1735 251 1801; x_wconf 85' lang='lat' dir='ltr'><strong>Aliqui</strong></span> <span class='ocrx_word' id='word_1_182' title='bbox 301 1753 418 1787; x_wconf 90' lang='lat' dir='ltr'><strong>sane</strong></span> <span class='ocrx_word' id='word_1_183' title='bbox 469 1744 519 1787; x_wconf 85' lang='lat' dir='ltr'><strong>et</strong></span> <span class='ocrx_word' id='word_1_184' title='bbox 567 1739 751 1787; x_wconf 88' lang='lat' dir='ltr'><strong>victum</strong></span> <span class='ocrx_word' id='word_1_185' title='bbox 814 1737 1040 1787; x_wconf 88' lang='lat' dir='ltr'><strong>scribunt</strong></span> <span class='ocrx_word' id='word_1_186' title='bbox 1090 1740 1240 1787; x_wconf 91' lang='lat' dir='ltr'><strong>istum</strong></span> <span class='ocrx_word' id='word_1_187' title='bbox 1291 1738 1526 1788; x_wconf 90' lang='lat' dir='ltr'><strong>Liberum</strong></span> <span class='ocrx_word' id='word_1_188' title='bbox 1577 1744 1626 1787; x_wconf 92' lang='lat' dir='ltr'><strong>et</strong></span> <span class='ocrx_word' id='word_1_189' title='bbox 1679 1741 1779 1788; x_wconf 89' lang='lat' dir='ltr'><strong>vin-</strong></span> 
     </span>
     <span class='ocr_line' id='line_1_23' title="bbox 91 1810 1780 1877; baseline 0.001 -18"><span class='ocrx_word' id='word_1_190' title='bbox 91 1816 247 1877; x_wconf 83' lang='lat' dir='ltr'><strong>ctum3</strong></span> <span class='ocrx_word' id='word_1_191' title='bbox 298 1810 523 1860; x_wconf 90' lang='lat' dir='ltr'><strong>nonnulli</strong></span> <span class='ocrx_word' id='word_1_192' title='bbox 574 1817 622 1859; x_wconf 91' lang='lat' dir='ltr'><strong>et</strong></span> <span class='ocrx_word' id='word_1_193' title='bbox 668 1812 889 1860; x_wconf 90' lang='lat' dir='ltr'><strong>occisum</strong></span> <span class='ocrx_word' id='word_1_194' title='bbox 936 1813 986 1859; x_wconf 91' lang='lat' dir='ltr'><strong>in</strong></span> <span class='ocrx_word' id='word_1_195' title='bbox 1032 1826 1196 1877; x_wconf 85' lang='lat' dir='ltr'><strong>pugna</strong></span> <span class='ocrx_word' id='word_1_196' title='bbox 1239 1826 1263 1860; x_wconf 91' lang='lat' dir='ltr'><strong>a</strong></span> <span class='ocrx_word' id='word_1_197' title='bbox 1303 1811 1486 1860; x_wconf 85' lang='lat' dir='ltr'><strong>Perseo</strong></span> <span class='ocrx_word' id='word_1_198' title='bbox 1498 1818 1526 1877; x_wconf 74' lang='lat'><strong>,‘</strong></span> <span class='ocrx_word' id='word_1_199' title='bbox 1562 1827 1653 1861; x_wconf 92' lang='lat' dir='ltr'><strong>nec</strong></span> <span class='ocrx_word' id='word_1_200' title='bbox 1694 1811 1780 1862; x_wconf 88' lang='lat' dir='ltr'><strong>ubi</strong></span> 
     </span>
     <span class='ocr_line' id='line_1_24' title="bbox 90 1883 1778 1950; baseline 0.001 -18"><span class='ocrx_word' id='word_1_201' title='bbox 90 1884 241 1933; x_wconf 84' lang='lat' dir='ltr'><strong>fuerit</strong></span> <span class='ocrx_word' id='word_1_202' title='bbox 290 1883 512 1949; x_wconf 91' lang='lat' dir='ltr'><strong>sepultus</strong></span> <span class='ocrx_word' id='word_1_203' title='bbox 560 1890 750 1950; x_wconf 80' lang='lat' dir='ltr'><strong>tacent3</strong></span> <span class='ocrx_word' id='word_1_204' title='bbox 802 1890 852 1934; x_wconf 93' lang='lat' dir='ltr'><strong>et</strong></span> <span class='ocrx_word' id='word_1_205' title='bbox 896 1891 1061 1934; x_wconf 87' lang='lat' dir='ltr'><strong>tamen</strong></span> <span class='ocrx_word' id='word_1_206' title='bbox 1117 1887 1224 1934; x_wconf 92' lang='lat' dir='ltr'><strong>eius</strong></span> <span class='ocrx_word' id='word_1_207' title='bbox 1273 1885 1406 1934; x_wconf 85' lang='lat' dir='ltr'><strong>velut</strong></span> <span class='ocrx_word' id='word_1_208' title='bbox 1453 1885 1533 1934; x_wconf 89' lang='lat' dir='ltr'><strong>dei</strong></span> <span class='ocrx_word' id='word_1_209' title='bbox 1578 1888 1778 1935; x_wconf 88' lang='lat' dir='ltr'><strong>nomine</strong></span> 
     </span>
     <span class='ocr_line' id='line_1_25' title="bbox 87 1957 1775 2024; baseline 0.001 -18"><span class='ocrx_word' id='word_1_210' title='bbox 87 1972 179 2022; x_wconf 88' lang='lat' dir='ltr'><strong>per</strong></span> <span class='ocrx_word' id='word_1_211' title='bbox 224 1957 489 2008; x_wconf 89' lang='lat' dir='ltr'><strong>inmundos</strong></span> <span class='ocrx_word' id='word_1_212' title='bbox 536 1957 801 2007; x_wconf 87' lang='lat' dir='ltr'><strong>daemones</strong></span> <span class='ocrx_word' id='word_1_213' title='bbox 839 1958 1158 2008; x_wconf 86' lang='lat' dir='ltr'><strong>Bacchanalia</strong></span> <span class='ocrx_word' id='word_1_214' title='bbox 1206 1973 1343 2008; x_wconf 89' lang='lat' dir='ltr'><strong>sacra</strong></span> <span class='ocrx_word' id='word_1_215' title='bbox 1383 1959 1458 2008; x_wconf 89' lang='lat' dir='ltr'><strong>vel</strong></span> <span class='ocrx_word' id='word_1_216' title='bbox 1495 1960 1662 2024; x_wconf 86' lang='lat' dir='ltr'><strong>potius</strong></span> <span class='ocrx_word' id='word_1_217' title='bbox 1702 1974 1775 2008; x_wconf 89' lang='lat' dir='ltr'><strong>sa-</strong></span> 
     </span>
     <span class='ocr_line' id='line_1_26' title="bbox 90 2030 1778 2099; baseline 0.002 -20"><span class='ocrx_word' id='word_1_218' title='bbox 90 2030 289 2096; x_wconf 87' lang='lat' dir='ltr'><strong>crilegia</strong></span> <span class='ocrx_word' id='word_1_219' title='bbox 321 2038 438 2081; x_wconf 88' lang='lat' dir='ltr'><strong>sunt</strong></span> <span class='ocrx_word' id='word_1_220' title='bbox 468 2033 708 2099; x_wconf 85' lang='lat' dir='ltr'><strong>instituta,</strong></span> <span class='ocrx_word' id='word_1_221' title='bbox 748 2031 807 2080; x_wconf 91' lang='lat' dir='ltr'><strong>de</strong></span> <span class='ocrx_word' id='word_1_222' title='bbox 842 2048 1054 2097; x_wconf 87' lang='lat' dir='ltr'><strong>quorum</strong></span> <span class='ocrx_word' id='word_1_223' title='bbox 1084 2031 1278 2082; x_wconf 89' lang='lat' dir='ltr'><strong>rabiosa</strong></span> <span class='ocrx_word' id='word_1_224' title='bbox 1317 2032 1625 2098; x_wconf 84' lang='lat' dir='ltr'><strong>turpitudine</strong></span> <span class='ocrx_word' id='word_1_225' title='bbox 1665 2040 1778 2098; x_wconf 86' lang='lat' dir='ltr'><strong>post</strong></span> 
     </span>
     <span class='ocr_line' id='line_1_27' title="bbox 89 2104 1778 2171; baseline 0.002 -18"><span class='ocrx_word' id='word_1_226' title='bbox 89 2110 188 2153; x_wconf 89' lang='lat' dir='ltr'><strong>tam</strong></span> <span class='ocrx_word' id='word_1_227' title='bbox 226 2104 409 2154; x_wconf 89' lang='lat' dir='ltr'><strong>multos</strong></span> <span class='ocrx_word' id='word_1_228' title='bbox 456 2120 611 2155; x_wconf 89' lang='lat' dir='ltr'><strong>annos</strong></span> <span class='ocrx_word' id='word_1_229' title='bbox 652 2107 722 2155; x_wconf 89' lang='lat' dir='ltr'><strong>sic</strong></span> <span class='ocrx_word' id='word_1_230' title='bbox 763 2113 964 2156; x_wconf 88' lang='lat' dir='ltr'><strong>senatus</strong></span> <span class='ocrx_word' id='word_1_231' title='bbox 1004 2105 1227 2171; x_wconf 88' lang='lat' dir='ltr'><strong>erubuit,</strong></span> <span class='ocrx_word' id='word_1_232' title='bbox 1273 2113 1330 2155; x_wconf 90' lang='lat' dir='ltr'><strong>ut</strong></span> <span class='ocrx_word' id='word_1_233' title='bbox 1368 2108 1419 2155; x_wconf 89' lang='lat' dir='ltr'><strong>in</strong></span> <span class='ocrx_word' id='word_1_234' title='bbox 1459 2105 1582 2156; x_wconf 86' lang='lat' dir='ltr'><strong>urhe</strong></span> <span class='ocrx_word' id='word_1_235' title='bbox 1623 2107 1778 2156; x_wconf 89' lang='lat' dir='ltr'><strong>Roma</strong></span> 
     </span>
     <span class='ocr_line' id='line_1_28' title="bbox 88 2178 1777 2245; baseline 0.002 -18"><span class='ocrx_word' id='word_1_236' title='bbox 88 2193 196 2228; x_wconf 90' lang='grc'><strong>6556</strong></span> <span class='ocrx_word' id='word_1_237' title='bbox 247 2178 548 2244; x_wconf 89' lang='lat' dir='ltr'><strong>prohiberet.</strong></span> <span class='ocrx_word' id='word_1_238' title='bbox 625 2178 722 2228; x_wconf 88' lang='lat' dir='ltr'><strong>Per</strong></span> <span class='ocrx_word' id='word_1_239' title='bbox 769 2195 825 2228; x_wconf 90' lang='lat' dir='ltr'><strong>ea</strong></span> <span class='ocrx_word' id='word_1_240' title='bbox 872 2186 1095 2245; x_wconf 88' lang='lat' dir='ltr'><strong>tempora</strong></span> <span class='ocrx_word' id='word_1_241' title='bbox 1143 2180 1358 2229; x_wconf 89' lang='lat' dir='ltr'><strong>Perseus</strong></span> <span class='ocrx_word' id='word_1_242' title='bbox 1404 2186 1454 2229; x_wconf 90' lang='lat' dir='ltr'><strong>et</strong></span> <span class='ocrx_word' id='word_1_243' title='bbox 1498 2196 1623 2229; x_wconf 86' lang='lat' dir='ltr'><strong>uxor</strong></span> <span class='ocrx_word' id='word_1_244' title='bbox 1671 2183 1777 2230; x_wconf 89' lang='lat' dir='ltr'><strong>eius</strong></span> 
     </span>
     <span class='ocr_line' id='line_1_29' title="bbox 89 2251 1777 2320; baseline 0.001 -19"><span class='ocrx_word' id='word_1_245' title='bbox 89 2251 398 2302; x_wconf 84' lang='lat' dir='ltr'><strong>Andromeda</strong></span> <span class='ocrx_word' id='word_1_246' title='bbox 445 2259 616 2318; x_wconf 87' lang='lat' dir='ltr'><strong>postea</strong></span> <span class='ocrx_word' id='word_1_247' title='bbox 656 2269 803 2318; x_wconf 89' lang='lat' dir='ltr'><strong>quam</strong></span> <span class='ocrx_word' id='word_1_248' title='bbox 844 2261 960 2303; x_wconf 89' lang='lat' dir='ltr'><strong>sunt</strong></span> <span class='ocrx_word' id='word_1_249' title='bbox 1000 2256 1205 2320; x_wconf 89' lang='lat' dir='ltr'><strong>mortui,</strong></span> <span class='ocrx_word' id='word_1_250' title='bbox 1255 2255 1324 2303; x_wconf 91' lang='lat' dir='ltr'><strong>sic</strong></span> <span class='ocrx_word' id='word_1_251' title='bbox 1366 2269 1451 2303; x_wconf 87' lang='lat' dir='ltr'><strong>eos</strong></span> <span class='ocrx_word' id='word_1_252' title='bbox 1490 2256 1539 2303; x_wconf 93' lang='lat' dir='ltr'><strong>in</strong></span> <span class='ocrx_word' id='word_1_253' title='bbox 1582 2254 1777 2304; x_wconf 89' lang='lat' dir='ltr'><strong>caelum</strong></span> 
     </span>
     <span class='ocr_line' id='line_1_30' title="bbox 88 2326 1773 2394; baseline 0.001 -19"><span class='ocrx_word' id='word_1_254' title='bbox 88 2333 315 2392; x_wconf 87' lang='lat' dir='ltr'><strong>receptos</strong></span> <span class='ocrx_word' id='word_1_255' title='bbox 363 2341 471 2376; x_wconf 89' lang='lat' dir='ltr'><strong>esse</strong></span> <span class='ocrx_word' id='word_1_256' title='bbox 522 2326 865 2394; x_wconf 90' lang='lat' dir='ltr'><strong>crediderunt,</strong></span> <span class='ocrx_word' id='word_1_257' title='bbox 912 2334 968 2377; x_wconf 89' lang='lat' dir='ltr'><strong>ut</strong></span> <span class='ocrx_word' id='word_1_258' title='bbox 1005 2329 1242 2392; x_wconf 87' lang='lat' dir='ltr'><strong>imagines</strong></span> <span class='ocrx_word' id='word_1_259' title='bbox 1283 2342 1455 2377; x_wconf 87' lang='lat' dir='ltr'><strong>eorum</strong></span> <span class='ocrx_word' id='word_1_260' title='bbox 1496 2327 1649 2377; x_wconf 88' lang='lat' dir='ltr'><strong>stellis</strong></span> <span class='ocrx_word' id='word_1_261' title='bbox 1690 2327 1773 2377; x_wconf 81' lang='lat' dir='ltr'><strong>de·</strong></span> 
     </span>
    </p>
   </div>
   <div class='ocr_carea' id='block_1_3' title="bbox 1817 936 1871 976">
    <p class='ocr_par' dir='ltr' id='par_1_3' title="bbox 1817 936 1871 976">
     <span class='ocr_line' id='line_1_31' title="bbox 1817 936 1871 976; baseline 0.019 -1"><span class='ocrx_word' id='word_1_262' title='bbox 1817 936 1871 976; x_wconf 89' lang='lat'><strong>10</strong></span> 
     </span>
    </p>
   </div>
   <div class='ocr_carea' id='block_1_4' title="bbox 1818 1304 1869 1344">
    <p class='ocr_par' dir='ltr' id='par_1_4' title="bbox 1818 1304 1869 1344">
     <span class='ocr_line' id='line_1_32' title="bbox 1818 1304 1869 1344; baseline -0.02 0"><span class='ocrx_word' id='word_1_263' title='bbox 1818 1304 1869 1344; x_wconf 89' lang='lat'><strong>15</strong></span> 
     </span>
    </p>
   </div>
   <div class='ocr_carea' id='block_1_5' title="bbox 1812 1674 1868 1715">
    <p class='ocr_par' dir='ltr' id='par_1_5' title="bbox 1812 1674 1868 1715">
     <span class='ocr_line' id='line_1_33' title="bbox 1812 1674 1868 1715; baseline 0.036 -2"><span class='ocrx_word' id='word_1_264' title='bbox 1812 1674 1868 1715; x_wconf 81' lang='lat'><strong>20</strong></span> 
     </span>
    </p>
   </div>
   <div class='ocr_carea' id='block_1_6' title="bbox 1810 2043 1866 2083">
    <p class='ocr_par' dir='ltr' id='par_1_6' title="bbox 1810 2043 1866 2083">
     <span class='ocr_line' id='line_1_34' title="bbox 1810 2043 1866 2083; baseline 0.018 -1"><span class='ocrx_word' id='word_1_265' title='bbox 1810 2043 1866 2083; x_wconf 81' lang='lat'><strong>25</strong></span> 
     </span>
    </p>
   </div>
   <div class='ocr_carea' id='block_1_7' title="bbox 87 2401 1864 2466">
    <p class='ocr_par' dir='ltr' id='par_1_7' title="bbox 87 2401 1864 2466">
     <span class='ocr_line' id='line_1_35' title="bbox 87 2401 1864 2466; baseline 0.002 -18"><span class='ocrx_word' id='word_1_266' title='bbox 87 2401 281 2464; x_wconf 87' lang='lat' dir='ltr'><strong>signare</strong></span> <span class='ocrx_word' id='word_1_267' title='bbox 328 2415 600 2465; x_wconf 88' lang='lat' dir='ltr'><strong>eorumque</strong></span> <span class='ocrx_word' id='word_1_268' title='bbox 647 2401 892 2466; x_wconf 86' lang='lat' dir='ltr'><strong>appellare</strong></span> <span class='ocrx_word' id='word_1_269' title='bbox 940 2401 1222 2451; x_wconf 91' lang='lat' dir='ltr'><strong>nominibus</strong></span> <span class='ocrx_word' id='word_1_270' title='bbox 1262 2417 1362 2451; x_wconf 90' lang='lat' dir='ltr'><strong>non</strong></span> <span class='ocrx_word' id='word_1_271' title='bbox 1402 2401 1771 2462; x_wconf 87' lang='lat' dir='ltr'><strong>erubescerent,</strong></span> <span class='ocrx_word' id='word_1_272' title='bbox 1807 2412 1864 2452; x_wconf 87' lang='lat'><strong>30</strong></span> 
     </span>
    </p>
   </div>
   <div class='ocr_carea' id='block_1_8' title="bbox 87 2475 473 2524">
    <p class='ocr_par' dir='ltr' id='par_1_8' title="bbox 87 2475 473 2524">
     <span class='ocr_line' id='line_1_36' title="bbox 87 2475 473 2524; baseline 0.003 -2"><span class='ocrx_word' id='word_1_273' title='bbox 87 2488 185 2522; x_wconf 92' lang='lat' dir='ltr'><strong>non</strong></span> <span class='ocrx_word' id='word_1_274' title='bbox 225 2475 473 2524; x_wconf 88' lang='lat' dir='ltr'><strong>timerent.</strong></span> 
     </span>
    </p>
   </div>
   <div class='ocr_carea' id='block_1_9' title="bbox 208 2646 658 2691">
    <p class='ocr_par' dir='ltr' id='par_1_9' title="bbox 208 2646 658 2691">
     <span class='ocr_line' id='line_1_37' title="bbox 208 2646 658 2691; baseline -0.002 -1"><span class='ocrx_word' id='word_1_275' title='bbox 208 2652 262 2691; x_wconf 88' lang='grc'><strong>10</strong></span> <span class='ocrx_word' id='word_1_276' title='bbox 295 2647 351 2691; x_wconf 84' lang='grc'><strong>(16</strong></span> <span class='ocrx_word' id='word_1_277' title='bbox 383 2646 465 2691; x_wconf 88' lang='lat' dir='ltr'><strong>illo</strong></span> <span class='ocrx_word' id='word_1_278' title='bbox 497 2660 579 2691; x_wconf 84' lang='lat' dir='ltr'><strong>om.</strong></span> <span class='ocrx_word' id='word_1_279' title='bbox 612 2646 658 2690; x_wconf 81' lang='lat' dir='ltr'><em>R</em></span> 
     </span>
    </p>
   </div>
   <div class='ocr_carea' id='block_1_10' title="bbox 177 2960 1421 3000">
    <p class='ocr_par' dir='ltr' id='par_1_10' title="bbox 177 2960 1421 3000">
     <span class='ocr_line' id='line_1_38' title="bbox 177 2960 1421 3000; baseline 0.003 -4"><span class='ocrx_word' id='word_1_280' title='bbox 177 2971 271 2998; x_wconf 75' lang='lat' dir='ltr'><strong>um.</strong></span> <span class='ocrx_word' id='word_1_281' title='bbox 295 2972 347 2996; x_wconf 79' lang='lat' dir='ltr'><strong>m:</strong></span> <span class='ocrx_word' id='word_1_282' title='bbox 370 2971 449 2998; x_wconf 75' lang='lat' dir='ltr'><strong>cxv.</strong></span> <span class='ocrx_word' id='word_1_283' title='bbox 475 2972 554 2998; x_wconf 76' lang='lat' dir='ltr'><strong>nm.</strong></span> <span class='ocrx_word' id='word_1_284' title='bbox 591 2964 643 2998; x_wconf 89' lang='lat'><strong>11.</strong></span> <span class='ocrx_word' id='word_1_285' title='bbox 1369 2960 1421 3000; x_wconf 82' lang='lat'><strong>18</strong></span> 
     </span>
    </p>
   </div>
  </div>
 </body>
</html>
