2004 3140
234 154 341 207 276
906 162 942 198 a.
967 146 1239 200 AUGUST'IM

893 272 1090 328 CAPUT
1121 274 1268 328 XVI.

235 368 311 420 De
350 368 591 418 Diomede
623 371 740 430 post
783 366 966 416 Troiae
1005 368 1262 417 excidium
1303 370 1354 417 in
1395 369 1513 418 deos
1553 370 1735 427 relata,
1777 370 1923 418 cuius

429 443 559 492 socii
596 443 779 490 traditi
816 445 935 490 sunt
973 443 1025 489 in
1065 444 1294 491 volucres
1333 456 1440 491 esse
1478 444 1723 492 conversi.

385 528 532 579 Troia
579 544 695 578 vero
745 543 916 578 eversa
963 528 1153 578 excidio
1201 527 1283 578 illo
1332 543 1688 594 usquequaque
1729 536 1923 580 cantato

174 612 200 653 5
235 605 505 669 puerisque
544 604 832 669 notissimo,
871 601 1005 667 quod
1045 610 1095 652 et
1133 602 1470 667 magnitudine
1511 604 1590 653 sui
1628 611 1677 653 et
1716 605 1923 669 scripto-

233 693 346 727 rum
378 676 734 727 excellentibus
775 676 955 741 linguis
994 678 1255 740 insigniter
1295 676 1596 726 diffamatum
1636 684 1783 742 atque
1821 676 1924 726 vul-

234 757 402 817 gatum
442 757 518 800 est
557 757 851 815 gestumque
891 757 1128 814 regnante
1169 752 1266 799 iam
1304 749 1477 799 Latino
1517 750 1673 800 Fauni
1710 750 1826 818 filio,
1866 766 1926 800 ex

233 841 332 890 quo
372 824 661 874 Latinorum
708 839 917 888 regnum
964 824 1062 875 dici
1110 825 1273 889 coepit
1311 822 1712 889 Laurentumque
1766 839 1923 874 cessa-

234 901 330 964 vit,
381 897 556 948 Graeci
602 899 816 947 victores
872 898 1082 947 deletam
1129 897 1325 947 Troiam
1377 897 1716 963 relinquentes
1767 905 1816 948 et
1865 895 1925 947 ad

147 982 203 1023 10
234 974 436 1039 propria
467 978 746 1022 remeantes
778 971 986 1021 diversis
1026 979 1075 1022 et
1113 971 1376 1021 horrendis
1416 971 1636 1021 cladibus
1675 971 1926 1021 dilacerati

233 1054 382 1111 atque
432 1047 635 1095 contriti
683 1052 821 1111 sunt3
869 1053 918 1095 et
963 1052 1128 1095 tamen
1169 1047 1315 1096 etiam
1356 1061 1415 1095 ex
1455 1047 1526 1096 eis
1566 1046 1774 1095 deorum
1812 1061 1924 1095 suo-

233 1135 347 1170 rum
400 1134 665 1170 numerum
728 1126 987 1170 auxerunt.
1077 1119 1202 1168 Nam
1263 1126 1313 1169 et
1365 1119 1635 1169 Diomeden
1699 1120 1926 1169 fecerunt

235 1195 409 1260 deum,
460 1209 608 1258 quem
657 1208 818 1258 poena
865 1193 1099 1243 divinitus
1146 1196 1369 1258 inrogata
1406 1193 1671 1258 perhibent
1708 1193 1768 1242 ad
1808 1208 1925 1242 suos

236 1283 337 1317 non
375 1269 665 1333 revertisse3
712 1269 919 1331 eiusque
967 1270 1127 1317 socios
1173 1270 1225 1316 in
1263 1267 1490 1316 volucres
1529 1267 1682 1316 fuisse
1722 1282 1923 1316 conver-

147 1350 203 1390 15
238 1357 319 1391 sos
360 1356 460 1389 non
509 1340 732 1390 fabuloso
784 1343 1079 1406 poeticoque
1119 1341 1397 1407 mendacio,
1445 1341 1532 1390 sed
1570 1341 1806 1390 historica
1846 1340 1927 1390 ad—

237 1417 503 1465 testatione
545 1416 859 1481 confirmant3
907 1415 1087 1479 quibus
1127 1430 1219 1464 nec
1259 1415 1381 1464 deus
1394 1455 1407 1481 ,
1446 1422 1502 1464 ut
1538 1420 1729 1481 putant,
1767 1415 1927 1464 factus

236 1489 503 1538 humanam
552 1503 785 1537 revocare
837 1496 1063 1538 naturam
1110 1488 1186 1537 vel
1235 1491 1339 1553 ipse
1387 1490 1549 1553 potuit
1594 1488 1670 1537 vel
1716 1495 1850 1537 certe
1900 1503 1926 1537 a

238 1562 352 1611 Iove
417 1578 506 1611 suo
568 1578 685 1626 rege
747 1569 997 1626 tamquam
1061 1562 1290 1611 caelicola
1350 1564 1573 1611 novicius
1634 1563 1926 1626 impetravit.

242 1635 374 1694 Quin
414 1637 563 1685 etiam
600 1635 842 1701 templum
888 1639 995 1686 eius
1035 1651 1144 1685 esse
1184 1637 1322 1685 aiunt
1360 1638 1411 1684 in
1450 1635 1611 1685 insula
1649 1634 1927 1701 Diomedea,

149 1719 207 1759 20
240 1725 341 1759 non
389 1709 533 1774 longe
581 1725 607 1758 a
654 1717 820 1759 monte
863 1709 1085 1775 Gargano
1098 1750 1111 1776 ,
1164 1712 1249 1774 qui
1288 1717 1364 1759 est
1402 1712 1454 1759 in
1491 1709 1693 1775 Apulia,
1743 1720 1793 1759 et
1831 1709 1925 1758 hoc

233 1783 476 1849 templum
509 1784 861 1833 circumvolare
896 1791 1042 1848 atque
1080 1783 1298 1833 incolere
1339 1783 1426 1832 has
1466 1782 1605 1833 alites
1643 1790 1743 1832 tam
1781 1784 1925 1832 mira-

234 1857 322 1906 bili
373 1856 637 1923 obsequie,
683 1865 739 1907 ut
785 1873 961 1922 aquam
1011 1857 1247 1922 impleant
1285 1863 1334 1907 et
1373 1863 1659 1923 aspergant3
1699 1862 1748 1906 et
1785 1871 1844 1905 eo
1884 1858 1927 1905 si

236 1930 413 1981 Graeci
443 1933 671 1980 venerint
703 1931 779 1980 vel
811 1931 1114 1981 Graecorum
1153 1933 1307 1996 stirpe
1347 1933 1588 1997 prognati,
1627 1945 1726 1979 non
1766 1930 1926 1980 solum

239 2007 429 2068 quietas
479 2020 611 2070 esse,
659 2020 832 2054 verum
872 2012 920 2054 et
958 2007 1165 2070 insuper
1204 2004 1425 2069 adulare,
1474 2005 1515 2053 si
1554 2010 1719 2053 autem
1757 2003 1923 2052 alieni-

147 2087 204 2126 25
238 2093 388 2142 genas
427 2079 662 2144 viderint,
709 2077 968 2127 subvolare
1016 2077 1075 2127 ad
1115 2081 1273 2143 capita
1311 2085 1510 2142 tamque
1550 2076 1780 2142 gravibus
1817 2078 1923 2126 icti-

234 2151 342 2216 buS,
383 2159 440 2200 ut
471 2154 619 2200 etiam
650 2154 910 2217 perimant,
949 2151 1224 2201 vulnerare.
1301 2150 1424 2199 Nam
1463 2151 1600 2200 duris
1641 2157 1691 2199 et
1729 2150 1923 2214 grandi-

234 2224 328 2274 bus
369 2226 545 2274 rostris
585 2226 702 2274 satis
742 2225 801 2274 ad
840 2225 960 2274 haec
999 2225 1186 2289 proelia
1224 2224 1551 2289 perhibentur
1590 2231 1817 2274 armatae.

872 2336 1069 2392 CAPUT
1108 2338 1282 2392 XVII.

236 2416 313 2467 De
353 2418 738 2467 incredibilibus
777 2418 1247 2467 commutationibus
1295 2418 1548 2467 hominum
1587 2417 1714 2477 quid
1760 2414 1923 2464 Varro

148 2500 204 2540 30
933 2492 1221 2540 tradiderit.

385 2577 489 2628 Hoc
529 2577 681 2627 Varro
729 2586 786 2628 ut
835 2585 1046 2644 astruat,
1101 2586 1453 2628 commemorat
1493 2577 1583 2627 alia
1621 2592 1721 2627 non
1761 2578 1924 2626 minus

236 2651 545 2701 incredibilia
592 2652 651 2701 de
700 2650 779 2700 illa
826 2667 964 2716 maga
1010 2652 1335 2701 famosissima
1375 2651 1537 2718 Circe,
1589 2665 1714 2716 quae
1761 2651 1922 2699 socios
2003 2663 2004 2667 ¹

303 2748 326 2750 γ
355 2748 392 2822 4v
416 2748 462 2822 et
494 2748 672 2823 eradio
703 2777 796 2823 ΒΑ
818 2780 835 2836 ΙΙ
859 2785 883 2824 9
917 2779 1288 2834 derelinquentes
1318 2793 1345 2823 v
1376 2780 1392 2836 ΙΙ
1424 2783 1479 2823 12
1511 2777 1757 2822 diomeden
1786 2776 1880 2843 124
1907 2776 1926 2844 [Ι

236 2841 292 2881 22
325 2850 501 2892 aquam
530 2851 644 2891 mss‚·
675 2839 878 2883 rostrum
909 2852 1032 2894 aqua.
1061 2852 1087 2882 v
1132 2839 1148 2894 ss
1194 2842 1250 2882 23
1283 2837 1502 2895 prognati
1531 2837 1649 2890 RA‚·
1687 2836 1923 2893 progeniti

235 2909 262 2939 v
285 2897 303 2953 Ι
325 2900 383 2940 24
407 2896 595 2941 adolare
620 2896 720 2940 RF
743 2899 878 2951 (280,
901 2901 986 2950 15,·
1010 2896 1230 2951 Roeusch,
1263 2898 1375 2941 Ital.
1393 2911 1444 2953 p.
1469 2899 1604 2953 464);
1634 2895 1855 2940 aduolare
1878 2895 1924 2938 A
