2044 3146
240 148 346 202 196
919 160 953 194 s,
977 159 1255 195 Aucusnm

231 272 477 341 Abraham
508 274 719 338 sumpsit
751 273 1030 340 exordium3
1069 275 1155 339 qui
1187 275 1334 324 etiam
1364 280 1506 339 pater
1545 276 1767 340 gentium
1806 290 1922 324 con·

231 347 437 398 stitutus
477 353 567 414 est,
606 346 800 411 quando
842 354 1086 397 mutatum
1125 363 1304 397 nomen
1341 350 1547 413 accepit.
1624 348 1748 398 Ante
1789 348 1920 399 hunc

233 435 351 486 ergo
398 421 531 470 velut
577 423 790 486 pueritia
837 422 930 471 fuit
975 422 1124 471 huius
1171 423 1367 486 generis
1414 421 1584 487 populi
1623 422 1711 472 Dei
1751 437 1777 470 a
1817 422 1921 471 Noe

233 510 391 560 usque
433 495 490 544 ad
539 496 703 560 ipsum
741 495 1005 561 Abraham3
1055 501 1105 545 et
1151 496 1261 546 ideo
1301 497 1353 545 in
1392 495 1559 561 lingua
1596 497 1795 546 inventa
1832 502 1925 562 est,

174 576 202 619 5
235 569 283 618 id
334 575 411 618 est
457 568 693 619 Hebraea.
770 570 810 617 A
855 571 1068 634 pueritia
1115 585 1325 634 namque
1373 569 1519 619 homo
1566 571 1742 634 incipit
1788 569 1925 635 loqui

233 649 347 708 post
400 644 682 710 infantiam,
737 658 861 708 quae
908 643 1023 693 hinc
1071 644 1310 708 appellata
1357 650 1452 709 est,
1508 643 1637 708 quod
1693 644 1785 692 sari
1824 658 1923 692 non

234 723 414 783 potest.
491 716 649 775 Quam
686 714 911 795 profecto
951 723 1160 768 aetatem
1202 719 1411 782 primam
1450 717 1691 782 demergit
1731 716 1924 783 oblivio,

234 792 367 840 sicut
397 797 530 840 aetas
561 793 720 857 prima
750 782 947 856 generis
988 791 1190 840 humani
1222 796 1297 840 est
1336 790 1495 840 deleta
1535 790 1730 840 diluvio.
1795 789 1923 848 Quo·

234 871 316 915 tus
365 866 497 914 enim
553 866 763 929 quisque
819 871 922 931 est,
977 867 1062 930 qui
1107 879 1248 914 suam
1294 864 1587 914 recordetur
1634 860 1924 914 infantiam?

150 946 204 989 10
239 937 397 997 Quam
446 937 508 987 orb
548 954 655 988 rem
694 941 746 988 in
784 941 879 988 isto
918 953 1165 1004 procursu
1204 939 1413 988 civitatis
1452 937 1563 1003 Dei,
1612 940 1741 988 sicut
1780 953 1922 1003 supe·

236 1013 341 1062 rior
379 1027 529 1069 unam
569 1012 874 1077 eandemque
907 1014 1129 1078 primam,
1170 1014 1236 1062 ita
1275 1011 1396 1062 duas
1435 1018 1619 1062 aetates
1658 1011 1927 1061 secundam

237 1092 287 1136 et
325 1088 523 1136 tertiam
562 1086 688 1136 liber
726 1088 819 1136 iste
860 1089 1126 1152 contineat,
1165 1088 1213 1136 in
1255 1101 1351 1151 qua
1390 1087 1536 1135 tertia
1573 1092 1780 1151 propter
1818 1100 1925 1135 vac·

237 1175 346 1211 cam
391 1163 612 1227 trimam,
658 1176 855 1226 capram
902 1163 1122 1226 trimam,
1169 1162 1375 1210 arietem
1413 1161 1617 1209 trimum
1656 1166 1706 1209 et
1743 1161 1924 1224 inposi-

236 1240 342 1284 tum
390 1242 465 1285 est
510 1235 632 1299 legis
679 1236 850 1299 iugum
898 1241 947 1284 et
993 1235 1219 1300 apparuit
1273 1233 1570 1283 abundantia
1607 1239 1927 1299 peccatorum

151 1317 205 1359 15
238 1315 288 1358 et
341 1310 482 1372 regni
533 1310 720 1358 terreni
772 1310 989 1358 surrexit
1042 1308 1322 1374 exordium,
1379 1306 1465 1358 ubi
1511 1322 1611 1356 non
1660 1306 1928 1356 defuerunt

237 1382 506 1447 spiritaleS,
563 1397 774 1446 quorum
829 1384 879 1431 in
929 1389 1123 1432 turture
1172 1387 1222 1431 et
1269 1380 1493 1430 columba
1542 1381 1803 1446 figuratum
1853 1386 1928 1429 est

238 1463 615 1506 sacramentum.

906 1645 1259 1652 -—.-—-——-———-

790 1805 1100 1859 LIBER
1160 1805 1380 1859 XVII.

151 1895 208 1937 20

945 2026 1142 2081 CAPUT
1182 2027 1222 2080 Ι,

666 2135 742 2183 De
781 2135 1086 2196 temporibus
1119 2136 1499 2197 prophetarum.

392 2237 754 2287 Promissiones
809 2235 926 2301 Dei,
989 2251 1112 2300 quae
1176 2237 1330 2286 sactae
1386 2242 1503 2286 sunt
1558 2235 1618 2285 ad
1673 2235 1930 2302 Abraham,

245 2313 387 2362 cuius
428 2312 604 2360 semini
653 2316 702 2359 et
740 2317 938 2375 gentem
978 2308 1292 2359 [sraeliticam
1331 2309 1604 2360 secundum
1645 2325 1843 2359 carnem
1882 2317 1932 2360 et

156 2395 213 2437 25
247 2400 417 2436 omnes
457 2391 629 2450 gentes
669 2383 839 2433 deberi
878 2383 1152 2433 secundum
1191 2384 1337 2434 fidem
1369 2383 1469 2433 Deo
1509 2382 1770 2450 pollicente
1811 2383 1930 2432 didi-

250 2462 431 2526 cimuS,
479 2473 627 2524 quem
675 2457 734 2506 ad
774 2456 975 2506 modum
1015 2457 1380 2525 compleantur,
1418 2473 1508 2524 per
1547 2456 1770 2507 ordinem
1811 2463 1931 2506 tem-

367 2665 395 2704 4
441 2662 489 2703 et:
533 2660 639 2704 ideo
686 2660 735 2703 in
780 2658 942 2716 lingua
996 2658 1160 2715 VRFy
1215 2658 1279 2714 (in
1325 2658 1482 2715 lingua
1519 2679 1574 2694 =
1607 2659 1707 2703 cu'm
1746 2659 1933 2715 linqua,-

249 2721 305 2774 cf.
339 2723 444 2773 134,
476 2722 530 2772 5;
560 2720 645 2763 vol.
680 2719 725 2774 Ι,
758 2722 835 2771 36,
865 2721 969 2775 27);
1003 2719 1051 2761 et
1079 2718 1186 2762 ideo
1216 2718 1329 2774 ling.
1363 2731 1412 2771 e‚·
1451 2717 1499 2760 in
1529 2717 1642 2774 ling.
1677 2718 1856 2773 (omisso
1888 2719 1935 2761 et

250 2779 372 2831 ideo)
398 2779 469 2830 A,·
502 2779 548 2822 et
578 2778 682 2822 ideo
706 2776 859 2834 prima
889 2776 1002 2834 ling.
1028 2777 1167 2821 Parr.
1191 2778 1286 2822 rell.
1304 2790 1330 2820 v
1353 2778 1369 2832 ΙΙ
1393 2782 1418 2821 6
1437 2775 1546 2832 quia
1561 2789 1587 2820 v
1611 2778 1627 2833 ΙΙ
1653 2781 1707 2821 13
1741 2775 1934 2820 arietem

249 2837 416 2890 RAR·
448 2838 495 2881 et
525 2851 589 2880 am.-
632 2836 696 2880 Vv
720 2838 735 2892 ss
760 2837 807 2880 et
835 2835 983 2892 inpos.
1018 2835 1223 2889 VRAF;
1254 2836 1302 2879 et
1333 2849 1416 2879 om.
1448 2849 1473 2879 v
1511 2836 1528 2890 u
1562 2839 1615 2879 17
1643 2839 1750 2892 post
1781 2849 1932 2879 sacra-

251 2897 461 2942 mentum
492 2896 542 2938 F
563 2896 774 2953 praebet:
806 2894 994 2940 contuli.
1029 2919 1084 2927 —-
1116 2894 1211 2939 Hic
1241 2895 1408 2939 desinit
1437 2894 1531 2939 cod.
1550 2946 1552 2949 ¹
1573 2893 1617 2937 V
