2004 3140
537 146 603 187 DE
627 145 867 180 CIVITATE
890 146 978 178 DEI
1002 147 1044 179 L.
1069 146 1172 180 X1x.
1197 146 1233 180 ο.
1259 148 1312 180 20.
1338 148 1391 180 21.
1698 134 1804 188 389

118 268 233 311 eant
294 259 541 309 nascendo
593 266 739 323 atque
795 259 1078 326 moriendo,
1133 260 1218 309 sed
1273 262 1324 308 in
1375 275 1471 325 qua
1520 259 1806 309 inmortales

123 340 351 384 maneant
381 333 503 382 nihil
535 332 727 382 adversi
757 335 956 382 omnino
996 334 1248 398 patiendo:
1288 336 1398 398 quis
1439 341 1514 383 est
1553 335 1638 398 qui
1674 333 1806 383 illam

121 410 266 459 vitam
318 407 394 457 vel
447 406 780 456 beatissimam
834 414 981 472 neget
1034 408 1110 456 vel
1173 410 1223 457 in
1280 410 1386 457 eius
1442 410 1805 473 comparatione

117 485 276 547 istam,
317 496 440 546 quae
480 481 562 531 hic
602 483 786 547 agitur,
826 481 1145 546 quantislibet
1184 483 1332 531 animi
1372 489 1421 531 et
1461 484 1683 547 corporis
1724 497 1803 531 ex-

118 564 472 620 ternarumque
511 571 683 606 rerum
721 555 865 604 bonis
896 555 1041 620 plena
1073 558 1152 619 sit,
1191 571 1291 605 non
1322 558 1649 606 miserrimam
1681 556 1803 605 iudi·
1837 564 1863 604 5

117 628 235 680 cet?
312 630 469 688 Quam
516 636 680 680 tamen
729 631 1029 694 quicumque
1078 632 1148 679 sic
1194 629 1367 696 habet,
1417 636 1474 679 ut
1513 632 1619 679 eius
1659 645 1805 679 usum

117 705 301 754 referat
333 704 392 753 ad
423 703 555 754 illius
588 705 751 771 finem,
791 719 936 768 quam
971 703 1129 769 diligit
1161 704 1505 753 ardentissime
1539 719 1593 752 ac
1625 703 1804 752 fidelis·

116 780 237 831 sime
279 784 467 844 sperat,
514 794 613 828 non
665 777 877 828 absurde
918 777 1017 827 dici
1056 780 1204 828 etiam
1242 793 1376 828 nunc
1414 778 1588 827 beatus
1628 784 1807 843 potest,

116 869 202 918 spe
242 853 321 902 illa
360 855 527 918 potius
568 868 714 918 quam
747 868 801 901 re
841 854 948 902 ista.
1025 852 1124 901 Res
1162 855 1257 902 ista
1295 868 1412 902 vero
1454 854 1558 902 sine
1600 867 1685 917 spe
1726 851 1805 900 illa

114 927 366 977 beatitudo
423 927 542 976 falsa
597 934 646 977 et
699 942 874 991 magna
927 928 1128 976 miseria
1184 933 1280 993 est3
1335 942 1435 976 non
1490 928 1622 975 enim
1675 927 1804 975 veris
1839 935 1894 975 10

116 1003 264 1050 animi
302 1001 446 1050 bonis
487 1002 670 1068 utitur,
710 1002 940 1065 quoniam
981 1016 1080 1049 non
1121 1007 1196 1050 est
1233 1016 1348 1050 vera
1388 1002 1640 1067 sapientia,
1681 1015 1805 1064 quae

115 1077 442 1124 intentionem
483 1090 622 1124 suam
660 1076 712 1124 in
751 1074 851 1141 his,
899 1090 1023 1139 quae
1065 1075 1339 1139 prudenter
1379 1074 1639 1139 discernit,
1679 1075 1807 1138 gerit

115 1149 337 1215 fortiter,
384 1148 582 1198 cohibet
627 1155 963 1214 temperanter
1014 1150 1244 1213 iusteque
1285 1148 1559 1214 distribuit,
1606 1163 1706 1196 non
1746 1147 1805 1195 ad

115 1223 253 1272 illum
293 1223 460 1287 dirigit
498 1223 668 1290 finem,
707 1222 795 1272 ubi
834 1224 930 1271 erit
968 1222 1100 1272 Deus
1141 1224 1305 1272 omnia
1343 1225 1394 1271 in
1435 1221 1688 1288 omnibUS,
1728 1236 1804 1270 ae·

114 1299 347 1346 ternitate
388 1303 523 1347 certa
563 1304 612 1346 et
649 1311 769 1362 pace
808 1297 1042 1361 perfecta.
1842 1302 1896 1343 15

768 1469 961 1524 CAPUT
1001 1470 1145 1523 XXI.

151 1579 231 1627 An
277 1579 555 1627 secundum
602 1579 918 1637 definitiones
964 1579 1239 1640 Sczpz'onZS,
1288 1592 1420 1639 quae
1470 1580 1520 1627 ῖη
1568 1579 1768 1639 dz'aloqo

211 1653 470 1702 Ciceronis
499 1657 630 1712 sunt,
661 1666 897 1713 umquam
923 1650 1089 1713 fuerit
1119 1652 1353 1701 Romana
1385 1667 1468 1701 res
1492 1653 1717 1714 publica.

265 1754 577 1819 Quapropter
616 1769 749 1804 nunc
790 1762 865 1804 est
902 1754 1056 1821 locUS,
1096 1762 1152 1804 ut
1191 1770 1337 1819 quam
1376 1761 1550 1819 potero
1590 1754 1807 1803 breviter

116 1844 172 1878 ac
212 1828 422 1877 dilucide
458 1828 727 1895 expediam,
767 1828 898 1893 quod
938 1830 988 1877 in
1028 1829 1248 1878 secundo
1288 1829 1436 1878 huius
1476 1829 1641 1892 operis
1679 1827 1805 1876 libro
1840 1836 1895 1876 20

116 1917 194 1951 me
236 1902 690 1951 demonstraturum
742 1917 850 1951 esse
890 1903 1118 1970 promisi,
1166 1902 1439 1952 secundum
1480 1901 1806 1967 definitioneS,

118 1975 297 2040 quibus
323 1976 451 2041 apud
478 1974 769 2025 Ciceronem
792 1978 950 2025 utitur
979 1975 1143 2041 Scipio
1169 1978 1220 2025 in
1244 1976 1384 2026 libris
1417 1976 1476 2024 de
1510 1991 1564 2023 re
1596 1974 1807 2041 publica,

116 2065 383 2114 numquam
423 2065 530 2098 rem
571 2049 818 2114 publicam
858 2051 1010 2099 fuisse
1050 2050 1333 2099 Romanam.
1410 2049 1635 2098 Breviter
1676 2051 1808 2098 enim

119 2139 227 2173 rem
265 2123 512 2188 publicam
562 2123 732 2173 definit
771 2139 879 2173 esse
920 2139 1028 2173 rem
1065 2124 1248 2190 populi.
1328 2124 1464 2182 Quae
1505 2123 1723 2172 definitio
1765 2125 1806 2170 si

118 2212 232 2246 vera
282 2204 378 2264 est,
429 2212 698 2262 numquam
738 2198 831 2247 suit
869 2198 1087 2248 Romana
1127 2214 1208 2248 res
1247 2198 1470 2264 publica,
1511 2198 1625 2261 quia
1664 2211 1803 2246 num·
1837 2203 1893 2245 25

116 2286 261 2335 quam
310 2272 402 2320 suit.
448 2287 530 2320 res
576 2271 773 2339 populi,
821 2287 968 2337 quam
1018 2273 1355 2322 definitionem
1393 2271 1547 2320 voluit
1585 2285 1694 2319 esse
1734 2271 1808 2318 rei

115 2344 356 2409 publicae.
431 2345 677 2410 Populum
717 2347 848 2394 enim
889 2362 997 2395 esse
1038 2346 1259 2395 definivit
1299 2352 1496 2395 coetum
1536 2343 1806 2394 multitudi-

116 2420 193 2467 nis
253 2420 376 2468 iuris
438 2434 685 2468 consensu
748 2427 797 2469 et
858 2420 1083 2469 utilitatis
1148 2421 1493 2469 communione
1554 2420 1806 2467 sociatum.

118 2490 245 2548 Quid
296 2499 460 2541 autem
511 2493 641 2543 dicat
690 2494 813 2542 iuris
865 2508 1189 2560 consensum,
1237 2491 1532 2559 disputando
1582 2490 1806 2556 explicat,

118 2579 206 2628 per
237 2564 330 2614 hoc
362 2567 628 2616 ostendens
660 2568 766 2631 geri
806 2568 912 2616 sine
951 2569 1138 2617 iustitia
1178 2583 1276 2616 non
1316 2581 1461 2631 posse
1503 2580 1608 2614 rem
1647 2563 1804 2629 publi·
1839 2571 1895 2612 30

119 2651 246 2703 cam3
285 2637 371 2686 ubi
410 2654 527 2702 ergo
566 2642 751 2689 iustitia
790 2656 904 2689 vera
944 2656 1043 2690 non
1084 2647 1190 2707 est,
1230 2656 1322 2689 nec
1362 2642 1439 2689 ius
1479 2645 1644 2703 potest
1683 2652 1806 2686 esse.

239 2749 309 2804 15)
345 2754 382 2792 1.
417 2748 517 2794 Cor.
554 2756 620 2808 15,
655 2755 724 2797 28.
787 2753 862 2809 20)
896 2753 942 2796 C.
976 2756 1042 2796 21.

241 2886 292 2924 13
328 2881 388 2925 ad
419 2881 535 2936 RA;
565 2882 615 2926 in
644 2884 713 2927 Lv
