2004 3140
563 141 629 174 DE
654 139 890 174 CIVITATE
914 141 1004 173 Dm
1027 141 1069 173 L.
1093 141 1198 174 xrx.
1223 141 1260 175 o.
1286 142 1316 174 1.
1672 131 1780 185 349

96 259 262 322 potest
322 254 529 318 quisque
593 254 734 317 sequi
794 251 962 302 habitu
1025 261 1305 303 ceterorum
1358 253 1779 322 philosophorum,

99 331 317 392 itemque
357 326 480 376 alius
518 333 681 391 potest
719 325 889 375 habitu
923 325 1233 392 Cynicorum,
1272 343 1332 376 ex
1371 327 1460 376 hac
1502 329 1648 377 etiam
1687 329 1777 377 dis-

96 402 304 451 serentia
343 399 656 465 duplicantur
702 406 751 449 et
798 402 1060 465 nonaginta
1100 416 1185 449 sex
1224 401 1362 450 fiunt.
1438 401 1622 451 Deinde
1664 404 1778 466 quia

92 489 264 525 earum
305 473 521 538 singulas
570 488 790 538 quasque
837 475 903 523 ita
951 476 1082 523 tueri
1120 474 1344 523 homines
1383 483 1590 539 possunt
1630 484 1775 540 atque

89 548 298 612 sectari,
345 554 400 596 ut
438 554 521 596 aut
561 549 767 596 otiosam
807 547 1009 612 diligant
1048 549 1218 613 vitam,
1270 550 1397 597 sicut
1435 547 1507 614 hi,
1547 551 1632 613 qui
1670 557 1774 598 tan·
1809 558 1835 598 5

91 621 345 672 tummodo
393 621 568 670 studiis
615 621 867 670 doctrinae
914 636 1084 670 vacare
1123 621 1386 670 voluerunt
1426 628 1571 687 atque
1612 622 1772 672 value-

90 702 225 760 runt,
264 701 348 744 aut
387 697 713 761 negotiosam,
753 696 880 744 sicut
918 694 990 761 hi,
1031 697 1116 759 qui
1155 710 1268 744 cum
1307 695 1775 760 philosopharentur

92 777 257 819 tamen
319 768 741 818 administratione
803 770 878 817 rei
946 767 1170 833 publicae
1232 768 1560 833 regendisque
1625 769 1774 819 rebus

90 843 318 892 humanis
372 843 738 907 occupatissimi
792 843 1023 907 suerunt,
1079 850 1162 891 aut
1195 854 1279 891 tex
1330 850 1542 907 utroque
1593 858 1775 907 genere

91 923 441 982 temperatam,
480 918 609 965 sicut
647 916 719 982 hi,
759 917 845 980 qui
882 917 1059 981 partim
1102 916 1295 965 erudito
1335 918 1435 964 otio
1475 919 1652 981 partim
1694 932 1775 966 ne·
1812 926 1866 966 10

87 992 307 1040 cessario
342 992 538 1054 negotio
571 989 860 1038 alternantia
892 992 1016 1038 vitae
1050 1005 1166 1039 suae
1207 998 1428 1054 tempora
1469 990 1776 1040 tribuerunt:

90 1070 295 1130 propter
345 1064 432 1112 has
483 1063 784 1113 differentias
830 1070 995 1128 potest
1049 1065 1194 1112 etiam
1251 1063 1490 1128 triplicari
1537 1079 1776 1113 numerus

91 1139 186 1187 iste
227 1144 475 1187 sectarum
514 1143 563 1185 et
602 1137 660 1185 ad
701 1137 938 1186 ducentas
978 1139 1225 1201 octoginta
1265 1144 1375 1186 octo
1415 1137 1634 1202 perduci.

238 1210 369 1260 Haec
410 1211 468 1260 de
509 1210 740 1259 Varronis
780 1210 928 1276 libro,
980 1218 1216 1275 quantum
1255 1212 1416 1275 potui,
1465 1210 1681 1260 breviter
1721 1226 1775 1259 ac

27 1328 29 1330 ,
88 1284 304 1334 dilucide
337 1286 496 1350 posui,
536 1278 806 1334 sententias
838 1285 944 1333 eius
985 1286 1108 1333 meis
1148 1284 1396 1348 explicans
1436 1283 1612 1333 verbis.
1670 1284 1777 1342 Quo
1813 1293 1867 1334 15

90 1358 235 1408 modo
267 1365 432 1408 autem
464 1359 691 1407 refutatis
730 1359 910 1407 ceteris
949 1373 1097 1407 unam
1139 1358 1299 1423 eligat,
1339 1373 1484 1422 quam
1524 1357 1626 1407 vult
1666 1373 1774 1407 esse

90 1432 498 1481 Academicorum
545 1438 770 1481 veterum
818 1427 968 1498 (quos
1008 1447 1034 1480 a
1073 1430 1274 1480 Platone
1322 1433 1576 1480 institutos
1616 1447 1773 1496 usque

88 1506 150 1555 ad
189 1505 526 1570 Polemonem,
576 1507 662 1570 qui
709 1505 767 1554 ab
814 1505 896 1554 illo
945 1512 1150 1570 quartus
1198 1507 1304 1554 eius
1346 1505 1560 1554 scholam
1601 1507 1775 1571 tenuit,

86 1594 214 1644 quae
254 1579 512 1628 Academia
552 1579 681 1628 dicta
722 1586 811 1644 est,
851 1578 1082 1628 habuisse
1125 1586 1260 1628 certa
1300 1579 1525 1643 dogmata
1563 1579 1666 1628 vult
1706 1581 1772 1627 vi-

86 1653 197 1702 deri
235 1660 284 1702 et
323 1653 385 1702 ob
425 1653 518 1702 hoc
551 1653 808 1717 distinguit
847 1652 906 1702 ab
946 1653 1249 1702 Academicis
1288 1655 1442 1719 noviS,
1482 1652 1661 1716 quihus
1701 1654 1772 1701 in-
1807 1662 1864 1702 2ο

90 1734 229 1776 certa
279 1734 395 1776 sunt
446 1728 633 1785 omnia,
688 1726 819 1790 quod
865 1726 1201 1791 philosophiae
1249 1741 1406 1790 genus
1452 1726 1511 1774 ab
1558 1726 1775 1775 Arcesila

90 1802 258 1865 coepit
289 1815 577 1849 successore
611 1795 931 1866 Polemonis),
963 1814 1175 1863 eamque
1210 1806 1408 1864 sectam,
1448 1799 1496 1848 id
1529 1806 1605 1848 est
1643 1808 1773 1848 vete-

89 1889 202 1923 rum
241 1873 659 1939 Academicorum,
699 1875 827 1922 sicut
867 1872 1170 1922 dubitatione
1209 1875 1275 1922 ita
1315 1874 1448 1921 omni
1487 1887 1655 1922 errore
1697 1888 1771 1922 ca-

90 1962 202 1996 rere
243 1946 534 2013 arbitretur,
579 1946 779 2011 longum
827 1954 903 1996 est
949 1962 1039 2011 per
1078 1948 1241 1995 omnia
1280 1945 1641 2011 demonstrare3
1682 1962 1772 1994 nec

87 2028 252 2070 tamen
299 2023 433 2069 omni
479 2036 539 2069 ex
584 2028 723 2085 parte
771 2035 852 2069 res
904 2020 1171 2069 omittenda
1213 2027 1301 2069 est.
1378 2019 1615 2068 Removet
1655 2035 1771 2084 ergo
1805 2029 1860 2069 25

88 2096 227 2159 prius
274 2093 380 2143 illas
428 2109 599 2142 omnes
639 2094 963 2161 differentias,
1014 2109 1137 2159 quae
1179 2108 1444 2143 numerum
1482 2093 1770 2158 multiplica-

89 2183 202 2216 vere
243 2175 517 2233 sectarum,
558 2182 678 2232 quas
717 2167 827 2217 ideo
867 2167 1188 2217 removendas
1227 2174 1388 2233 putat,
1429 2168 1542 2231 quia
1582 2182 1680 2215 non
1721 2169 1771 2215 iu

87 2241 161 2290 eis
211 2247 286 2291 est
331 2242 443 2290 finis
490 2241 620 2290 honi.
697 2241 868 2306 Neque
916 2243 1047 2290 enim
1088 2243 1334 2291 existimat
1371 2240 1519 2290 ullam
1559 2240 1770 2305 philoso-

89 2313 230 2379 phiae
264 2321 448 2364 sectam
480 2330 588 2364 esse
622 2315 893 2381 dicendam,
933 2330 1058 2379 quae
1091 2330 1190 2364 non
1222 2330 1280 2363 eo
1322 2314 1470 2363 distet
1509 2329 1535 2362 a
1575 2316 1771 2379 ceteriS,

87 2387 220 2452 quod
253 2388 475 2437 diversos
507 2388 683 2437 habeat
721 2389 844 2437 fines
883 2388 1127 2438 bonorum
1168 2395 1216 2437 et
1255 2387 1509 2437 malorum.
1566 2387 1770 2444 Quando
1803 2397 1860 2436 30

85 2460 288 2524 quidem
319 2461 452 2511 nulla
485 2470 560 2511 est
591 2462 777 2510 homini
817 2477 962 2511 causa
1001 2461 1390 2527 philosophandi,
1430 2463 1526 2509 nisi
1564 2467 1620 2509 ut
1658 2459 1769 2508 hea-

90 2540 171 2582 tus
222 2536 306 2599 sit3
361 2535 490 2598 quod
543 2543 705 2584 autem
753 2534 950 2584 beatum
999 2536 1134 2600 facit,
1185 2537 1290 2599 ipse
1347 2540 1421 2582 est
1469 2535 1579 2582 finis
1630 2532 1769 2598 boni3

92 2605 223 2654 nulla
255 2613 331 2655 est
359 2609 510 2671 igitur
550 2623 695 2657 causa
734 2608 1123 2674 philosophandi,
1163 2610 1257 2656 nisi
1296 2608 1406 2655 finis
1445 2606 1583 2656 honi:
1624 2621 1768 2670 quam

86 2678 153 2726 -oh
209 2694 314 2728 rem
362 2695 484 2743 quae
533 2681 722 2730 nullum
768 2681 885 2730 honi
938 2683 1085 2730 finem
1140 2688 1379 2741 sectatur,
1427 2679 1559 2729 nulla
1612 2679 1767 2744 philo-

209 2868 261 2907 21
297 2864 525 2910 archesila
555 2865 646 2910 ΒΑ
669 2868 685 2923 ΙΙ
708 2870 763 2911 29
797 2866 939 2910 distat
969 2865 1061 2910 RA
