2054 3152
244 174 314 226 52
936 181 971 214 S.
997 180 1273 216 AUGUSTINI

251 306 358 347 tum
407 302 838 361 corruptionisque
895 293 1192 359 supplicium
1238 293 1297 342 ad
1343 294 1705 358 propagandam
1755 295 1944 358 prolem

253 374 358 420 sine
394 372 489 420 ulla
522 369 721 418 libidine
755 369 940 417 servire
983 367 1224 417 voluntati
1262 367 1501 416 humanae
1541 367 1752 416 humana
1793 383 1942 417 mem-

253 446 340 494 bra
372 439 629 508 potuisse?
691 442 908 491 Donatus
941 448 1019 490 est
1051 443 1217 505 itaque
1250 441 1396 488 homo
1430 439 1538 500 sibi,
1580 443 1693 504 quia
1725 441 1944 492 deseruit

258 518 412 566 Deum
463 515 700 581 placendo
749 515 867 579 sibi,
919 522 968 564 et
1019 530 1120 563 non
1172 513 1438 563 oboediens
1485 513 1586 562 Deo
1637 530 1735 563 non
1782 518 1944 579 potuit

201 601 224 638 5
258 591 490 640 oboedire
523 605 615 639 nee
648 589 755 639 sibi.
833 588 957 638 Hinc
991 588 1263 636 evidentior
1294 589 1507 653 miseria,
1539 602 1634 652 qua
1667 588 1812 636 homo
1845 604 1943 638 non

259 666 376 713 vivit
407 671 462 713 ut
496 663 612 713 vult.
682 663 803 712 Nam
837 665 879 712 si
911 669 966 711 ut
996 661 1140 710 vellet
1172 663 1374 727 viveret,
1404 660 1604 710 beatum
1637 676 1688 709 se
1721 668 1940 729 putaret3

261 737 347 787 sed
387 753 478 786 nec
519 739 588 786 sic
628 744 791 786 tamen
833 743 979 800 esset,
1020 737 1061 784 si
1100 736 1313 799 turpiter
1351 736 1550 784 viveret.

903 935 1097 991 CAPUT
1136 935 1305 990 XXV.

241 1048 315 1096 De
370 1061 491 1095 vera
542 1047 874 1105 beatitudine,
925 1059 1076 1106 quam
1127 1046 1415 1106 temporalis
1463 1046 1565 1092 vita
1605 1059 1703 1093 non
1743 1046 1940 1093 obtinet.

155 1156 209 1196 10
401 1148 709 1212 Quamquam
741 1149 783 1196 si
814 1133 1468 1212 diligentius'adtendamuS,
1510 1148 1605 1196 nisi
1637 1145 1809 1195 beatus
1846 1162 1942 1195 non

249 1224 366 1271 vivit
397 1228 453 1271 ut
484 1221 601 1286 vult,
642 1228 690 1270 et
722 1221 886 1270 nullus
918 1220 1092 1270 beatus
1136 1222 1233 1269 nisi
1271 1222 1446 1269 iustuS.
1513 1219 1609 1268 Sed
1651 1222 1798 1268 etiam
1836 1221 1941 1284 ipse

246 1298 407 1345 iustus
441 1310 539 1343 non
571 1297 701 1343 vivet
732 1302 787 1343 ut
819 1294 936 1360 vult,
975 1296 1072 1343 nisi
1116 1309 1173 1343 eo
1214 1295 1511 1359 pervenerit,
1551 1293 1637 1342 ubi
1678 1295 1803 1342 mori
1843 1293 1942 1342 falli

247 1369 430 1418 offendi
481 1370 680 1417 omnino
734 1383 833 1416 non
883 1369 1040 1432 possit
1097 1369 1239 1432 eique
1288 1369 1351 1416 sit
1399 1375 1591 1416 certum
1640 1368 1708 1416 ita
1748 1382 1942 1432 semper

247 1443 486 1492 futurum.
562 1441 667 1491 Hoc
699 1443 832 1490 enim
871 1447 1046 1490 natura
1090 1442 1290 1507 expetit,
1329 1456 1421 1490 nec
1460 1441 1604 1505 plene
1645 1446 1791 1504 atque
1830 1456 1940 1506 per-

163 1524 216 1564 15
251 1517 378 1565 fecte
434 1515 575 1565 beata
628 1517 724 1564 erit
778 1517 874 1564 nisi
929 1515 1108 1579 adepta
1163 1515 1294 1578 quod
1341 1516 1540 1579 expetit.
1632 1513 1773 1563 Nunc
1825 1530 1940 1563 vero

250 1591 360 1654 quis
392 1589 648 1638 hominum
679 1595 843 1653 potest
882 1595 938 1637 ut
977 1588 1081 1637 vult
1124 1590 1302 1654 vivere,
1343 1588 1536 1652 quando
1576 1590 1739 1652 ipsum
1779 1589 1939 1636 vivere

247 1678 348 1711 non
402 1669 479 1712 est
527 1665 578 1711 in
631 1658 913 1727 potestate?
990 1660 1167 1711 Vivere
1218 1663 1349 1711 enim
1396 1661 1521 1728 vult,
1568 1663 1695 1710 mori
1734 1663 1939 1726 cogitur.

249 1736 355 1794 Quo
388 1735 532 1784 modo
566 1751 683 1800 ergo
716 1737 833 1784 vivit
856 1742 912 1784 ut
943 1734 1062 1802 vult,
1107 1736 1191 1800 qui
1230 1750 1329 1784 uon
1369 1737 1485 1784 vivit
1525 1734 1757 1799 quamdiu
1797 1732 1939 1784 vult?

250 1810 390 1867 Quod
440 1812 482 1859 si
530 1811 655 1858 mori
702 1808 934 1874 voluerit,
985 1824 1082 1873 quo
1139 1809 1283 1859 modo
1322 1815 1486 1874 potest
1525 1815 1581 1858 ut
1621 1807 1722 1857 vult
1761 1809 1939 1873 vivere,

155 1892 211 1932 20
247 1885 331 1948 qui
363 1899 463 1932 non
496 1883 599 1932 vult
630 1879 830 1932 vivere?
890 1878 954 1931 Et
985 1884 1026 1930 si
1060 1882 1174 1931 ideo
1208 1884 1335 1932 mori
1373 1882 1504 1948 velit,
1544 1897 1642 1931 non
1682 1897 1779 1946 quo
1819 1881 1941 1931 nolit

251 1959 443 2022 vivere,
498 1956 584 2005 sed
633 1963 687 2005 ut
737 1962 850 2020 post
890 1963 1102 2005 mortem
1142 1956 1319 2005 melius
1359 1958 1508 2005 vivat:
1563 1954 1782 2004 nondum
1822 1970 1938 2020 ergo

247 2036 303 2079 ut
355 2030 458 2078 vult
508 2031 651 2095 vivit,
703 2029 789 2077 sed
840 2043 954 2078 cum
1005 2028 1064 2077 ad
1117 2028 1167 2078 id
1215 2029 1345 2093 quod
1393 2029 1496 2078 vult
1535 2028 1788 2077 moriendo
1827 2045 1937 2093 per-

250 2104 453 2152 venerit.
531 2101 714 2151 Verum
754 2117 869 2150 ecoe
909 2103 1037 2151 vivat
1078 2108 1135 2152 ut
1173 2101 1292 2167 vult,
1331 2104 1562 2167 quoniam
1603 2100 1693 2150 sibi
1734 2104 1938 2151 extorsit

252 2175 444 2240 sibique
490 2177 750 2240 imperavit
792 2190 891 2224 non
941 2174 1063 2224 velle
1109 2175 1240 2239 quod
1278 2190 1378 2224 non
1415 2182 1604 2240 potest,
1659 2182 1804 2239 atque
1843 2175 1936 2225 hoc

159 2257 215 2298 25
253 2248 374 2298 velle
416 2248 546 2313 quod
585 2255 750 2314 potest
790 2243 944 2314 (sicut
983 2250 1049 2297 ait
1088 2247 1376 2298 Terentius:

606 2351 852 2409 Quoniam
889 2367 990 2399 non
1026 2354 1195 2413 potest
1232 2352 1283 2399 id
1321 2352 1431 2400 fieri
1469 2355 1601 2415 quod
1639 2354 1719 2402 vis

396 2427 453 2474 Id
493 2426 618 2474 velis
661 2425 794 2487 quod
831 2419 1038 2489 possis):

250 2543 368 2578 num
416 2528 526 2576 ideo
573 2527 746 2576 beatus
793 2533 893 2592 est,
948 2528 1061 2591 quia
1111 2528 1357 2591 patienter
1403 2530 1553 2577 miser
1601 2525 1711 2578 est?
1786 2528 1934 2578 Beata

254 2603 433 2666 quippe
465 2603 562 2650 vita
594 2603 635 2650 si
667 2615 765 2649 non
798 2607 1001 2663 amatur,
1042 2615 1142 2648 non
1176 2599 1399 2650 liabetur.
1476 2602 1630 2651 Porro
1663 2603 1704 2650 si
1746 2608 1934 2651 amatur

369 2746 443 2797 27)
476 2743 578 2786 Ter.
611 2742 751 2786 Andr.
785 2747 826 2794 2,
864 2746 902 2796 1,
935 2746 974 2784 5.

373 2908 426 2945 12
458 2903 574 2947 vivit
603 2917 628 2947 v
652 2905 667 2958 Η
691 2908 748 2947 20
781 2903 903 2958 quod
934 2902 1032 2947 AF
1051 2905 1066 2958 Η
1089 2907 1144 2946 27
1177 2902 1325 2958 possis
1356 2915 1468 2955 mss;
1498 2903 1646 2960 possit
1675 2919 1699 2947 v
