2004 3140
561 153 627 190 DE
653 155 890 191 CIVITATE
914 157 1003 189 Dm
1027 157 1069 189 L.
1094 156 1198 188 XIX.
1223 155 1260 188 c,
1285 157 1338 188 21.
1676 141 1782 193 391

103 288 219 323 cum
255 270 489 338 improbis
530 269 753 320 aufertur
791 272 1084 320 iniuriarum
1122 270 1346 335 licentia,
1387 275 1436 317 et
1475 268 1646 317 domiti
1685 282 1784 315 me-

103 347 199 396 lius
251 362 300 396 se
349 344 620 412 habebunt,
676 347 788 409 quia
837 344 1063 393 indomiti
1114 344 1333 393 deterius
1382 359 1433 392 se
1482 341 1784 405 habuerunt3

104 421 451 484 subditumque
492 426 589 487 est,
629 426 686 468 ut
723 421 817 468 ista
856 420 979 474 ratio
1019 419 1315 484 firmaretur,
1355 417 1506 466 veluti
1545 432 1572 465 a
1611 421 1786 464 natura

103 501 352 559 sumptum
392 493 553 543 nobile
594 493 874 558 exemplum
914 500 1059 557 atque
1101 493 1287 541 dictum
1328 498 1424 541 est:
1462 490 1594 556 „Cur
1633 491 1784 555 igitur

100 569 231 618 Deus
262 568 463 634 homini,
496 569 688 617 animus
720 569 930 632 imperat
955 568 1167 631 corpori,
1199 567 1323 614 ratio
1357 565 1548 614 libidini
1580 565 1781 614 ceteris·
1815 571 1840 611 5

100 658 196 707 que
248 644 436 691 vitiosis
488 644 637 691 animi
686 636 978 706 partibus‘?“
1053 640 1202 689 Plane
1254 639 1348 688 hoc
1397 639 1619 703 exemplo
1669 638 1787 686 satis

46 761 51 764 .
100 716 331 766 edoctum
378 723 454 765 est
502 716 795 780 quibusdam
846 731 955 764 esse
1006 715 1180 764 utilem
1231 715 1542 779 servitutem,
1591 719 1640 762 et
1685 711 1786 760 Deo

99 789 299 856 quidem
339 798 395 839 ut
434 792 677 839 serviatur
717 789 836 839 utile
879 804 986 838 esse
1029 788 1272 838 omnibus
1353 787 1583 836 Serviens
1624 793 1788 836 autem

99 865 200 913 Deo
233 866 424 913 animus
456 871 592 914 recte
624 866 834 929 imperat
873 866 1083 930 corpori,
1122 865 1272 927 inque
1312 864 1419 927 ipso
1461 863 1621 910 animo
1661 861 1786 909 ratio

99 939 200 987 Deo
225 937 432 987 Domino
466 938 660 987 subdita
693 945 828 988 recte
861 939 1071 1003 imperat
1100 937 1291 986 libidini
1322 938 1550 1000 vitiisque
1584 936 1778 984 ceteris
1822 942 1875 981 10

101 1012 413 1077 Quapropter
451 1012 538 1061 ubi
575 1013 721 1061 homo
762 1012 863 1061 Deo
904 1027 1003 1060 non
1043 1013 1215 1077 servit,
1265 1011 1383 1075 quid
1421 1012 1473 1059 in
1514 1025 1571 1058 eo
1611 1015 1786 1074 putan-

100 1087 218 1135 dum
258 1093 334 1135 est
374 1101 480 1136 esse
520 1083 772 1136 iustitiae?
812 1086 1004 1151 quando
1046 1085 1245 1150 quidem
1284 1085 1386 1134 Deo
1427 1099 1527 1133 non
1568 1085 1787 1132 serviens

100 1160 234 1209 nullo
275 1160 420 1209 modo
451 1167 616 1225 potest
650 1162 779 1209 iuste
819 1162 1012 1210 animus
1053 1161 1251 1224 corpori
1290 1165 1374 1208 aut
1411 1158 1624 1207 humana
1663 1158 1787 1206 ratio

96 1236 231 1287 ,vitiis
282 1236 540 1299 imperare.
621 1233 684 1283 Et
723 1236 766 1283 si
804 1236 855 1283 in
895 1233 1093 1282 homine
1133 1233 1219 1282 tali
1258 1248 1358 1281 non
1398 1238 1473 1281 est
1511 1231 1608 1281 ulla
1647 1232 1786 1280 iusti-

99 1311 180 1375 tia,
218 1308 394 1373 procul
433 1307 582 1357 dubio
623 1323 714 1357 nec
753 1310 804 1356 in
845 1307 1102 1356 hominum
1142 1314 1286 1356 coetu
1299 1347 1312 1372 ,
1355 1308 1440 1371 qui
1479 1321 1538 1354 ex
1577 1305 1786 1354 homini·
1822 1309 1875 1350 15

99 1382 193 1432 bus
245 1381 425 1431 talibus
474 1388 680 1432 constat.
757 1381 866 1431 Non
907 1388 983 1430 est
1021 1381 1100 1430 hic
1141 1397 1258 1446 ergo
1299 1383 1423 1430 iuris
1462 1380 1542 1429 ille
1583 1394 1788 1428 consen-

101 1472 202 1518 suS,
242 1458 329 1521 qui
366 1456 621 1506 hominum
661 1456 1028 1506 multitudinem
1067 1455 1304 1520 populum
1344 1455 1485 1521 facit,
1527 1455 1668 1503 cuius
1708 1468 1789 1502 res

100 1531 283 1580 dicitur
330 1545 438 1579 esse
494 1545 575 1579 res
626 1530 836 1595 publica.
913 1529 1035 1579 Nam
1087 1530 1147 1579 de
1195 1529 1405 1579 utilitate
1458 1528 1575 1593 quid
1616 1527 1789 1593 dicam,

99 1607 242 1654 cuius
290 1606 436 1653 etiam
478 1606 822 1654 communione
865 1605 1079 1657 sociatus
1120 1610 1291 1653 coetus
1330 1603 1610 1668 hominum,
1659 1604 1787 1651 sicut

100 1694 209 1728 sese
250 1676 397 1727 habet
443 1680 537 1727 ista
576 1678 819 1743 definitiO,
864 1677 1077 1742 populus
1125 1674 1477 1742 nuncupatur?
1555 1676 1786 1734 Quamvis
1819 1681 1876 1721 ΞΟ

100 1755 260 1818 enim,
311 1754 353 1800 si
400 1751 662 1815 diligenter
701 1751 964 1817 adtendaS,
1015 1767 1108 1800 nec
1159 1751 1345 1800 utilitas
1386 1753 1450 1800 sit
1489 1750 1586 1799 ulla
1626 1752 1788 1798 viven-

102 1829 242 1891 tium,
282 1827 367 1889 qui
405 1827 576 1874 vivunt
614 1827 786 1891 impie,
828 1827 958 1874 sicut
995 1827 1113 1881 vivit
1152 1827 1333 1890 omniS,
1375 1826 1460 1889 qui
1502 1839 1598 1872 non
1638 1825 1790 1872 servit

102 1899 202 1948 Deo
259 1900 507 1963 servitque
564 1898 911 1964 daemonibuS,
967 1904 1104 1957 tanto
1155 1901 1309 1963 magis
1360 1900 1550 1964 impiis,
1606 1903 1789 1962 quanto

103 1974 257 2037 magis
298 1972 405 2039 sibi,
446 1988 560 2022 cum
600 1975 698 2021 sint
736 1972 1101 2022 inmundissimi
1140 1974 1366 2039 spiritus,
1405 1979 1655 2036 tamquam
1695 1971 1788 2020 diis

103 2047 371 2096 sacrificari
409 2046 599 2096 volunt:
651 2054 816 2095 tamen
857 2047 987 2111 quod
1027 2046 1087 2095 de
1126 2049 1249 2096 iuris
1290 2062 1537 2096 consensu
1578 2046 1790 2094 diximus
1822 2049 1878 2091 25

101 2123 221 2170 satis
270 2135 378 2170 esse
425 2120 660 2187 arbitror,
707 2120 840 2170 unde
892 2127 1124 2185 appareat
1162 2136 1252 2186 per
1290 2121 1416 2170 hanc
1456 2121 1792 2170 definitionem

102 2209 202 2243 non
235 2209 343 2243 esse
375 2194 628 2261 populum,
669 2196 809 2244 cuius
850 2210 930 2243 res
967 2194 1166 2259 publica
1206 2210 1314 2243 esse
1354 2195 1563 2261 dicatur,
1601 2195 1652 2242 in
1693 2209 1790 2258 quo

91 2269 291 2331 *iustitia
321 2283 421 2317 non
454 2275 542 2318 est.
621 2268 674 2317 Si
714 2269 845 2317 enim
884 2268 1055 2317 dicunt
1093 2284 1192 2317 non
1233 2268 1488 2334 spiritibus
1526 2267 1792 2333 inmundiS,

105 2341 192 2390 sed
244 2342 337 2391 diis
387 2342 530 2391 bonis
578 2348 724 2407 atque
779 2344 963 2391 sanctis
1010 2344 1061 2390 in
1108 2357 1197 2392 sua
1242 2358 1297 2391 re
1343 2342 1540 2407 publica
1580 2344 1789 2391 servisse

105 2414 663 2480 Romanos:‚numquid
711 2416 880 2465 eadem
927 2417 1110 2465 totiens
1156 2416 1426 2481 repetenda
1473 2417 1615 2481 sun't,
1665 2431 1788 2479 quae
1824 2426 1879 2466 30

107 2489 203 2536 iam
265 2492 382 2538 satis
395 2529 408 2555 ,
461 2492 610 2538 immo
658 2489 786 2539 ultra
845 2505 989 2554 quam
1046 2492 1163 2539 satis
1215 2498 1290 2539 est
1344 2486 1592 2538 diximus?
1670 2489 1790 2546 Quis

111 2563 241 2609 enim
290 2562 348 2610 ad
394 2562 526 2612 hunc
573 2563 736 2612 locum
782 2579 872 2628 per
919 2565 1202 2628 superiores
1249 2564 1396 2612 huius
1437 2564 1600 2627 operis
1638 2562 1791 2611 libros

111 2636 361 2701 pervenit,
401 2638 485 2699 qui
523 2635 747 2686 dubitare
789 2636 947 2686 adhuc
986 2639 1144 2701 possit
1183 2637 1321 2685 malis
1362 2643 1410 2686 et
1447 2638 1640 2701 inpuris
1680 2635 1790 2685 dae-

112 2707 340 2756 monibus
388 2710 910 2776 servisse'RomanoS,
966 2712 1062 2759 nisi
1108 2710 1184 2758 vel
1224 2712 1429 2760 nimium
1470 2709 1676 2760 stolidus
1716 2709 1788 2758 vel

229 2898 284 2937 20
318 2908 421 2939 sev
