2044 3146
141 957 199 997 10

230 158 338 211 216
918 167 953 201 s,
977 167 1251 202 Aucus'rmi

230 282 314 332 hic
359 297 473 331 vere
522 281 619 331 dici
665 281 848 345 potuit:
903 281 968 331 Et
1015 283 1138 347 erit,
1185 283 1275 343 qui
1317 285 1642 344 superaverit
1685 284 1738 331 in
1777 284 1923 334 domo

230 362 343 417 tua,
391 358 555 406 veniet
594 357 820 405 adorare
859 358 929 417 ei,
977 355 1019 404 si
1069 354 1188 404 illud
1229 362 1306 405 est
1342 370 1542 422 verum,
1588 355 1717 420 quod
1757 356 1921 406 ultore

231 429 389 495 gladio
415 443 559 478 nemo
591 428 706 478 inde
740 425 1083 494 superaverit?
1114 430 1210 478 nisi
1235 431 1349 493 quia
1373 429 1482 478 illos
1507 429 1728 494 intellegi
1750 430 1921 498 voluit,

232 505 318 568 qui
368 505 622 568 pertinent
668 503 726 552 ad
775 504 1004 569 stirpem,
1055 502 1141 552 sed
1180 502 1310 553 illius
1349 505 1503 552 totius
1543 504 1806 553 sacerdotii
1844 519 1918 554 se-

232 577 451 627 cundum
489 577 714 626 ordinem
761 577 937 626 Aaron.
1009 576 1140 642 Ergo
1182 578 1224 626 si
1273 577 1333 626 de
1387 576 1485 626 illis
1535 586 1612 627 est
1648 577 1919 643 praedesti·

231 653 360 701 natis
401 650 645 717 reliquiis,
693 650 752 700 de
802 650 982 715 quihus
1022 650 1145 700 alius
1183 650 1423 715 propheta
1463 651 1606 701 dixit:
1651 652 1922 714 Reliquiae

230 729 402 775 salvae
444 728 571 785 fient
618 724 774 793 (unde
815 732 865 774 et
903 724 1178 790 apostolus:
1234 725 1320 774 Sic
1359 739 1503 786 erqo,
1551 727 1734 792 inquit,
1779 731 1829 775 et
1867 728 1919 775 in

231 802 325 849 hoc
387 806 610 862 tempore
671 801 920 860 reliquiae
973 814 1072 861 per
1134 800 1423 848 electionem
1480 802 1688 860 oratioe
1742 798 1921 861 factae

230 868 394 940 sunt),
450 875 564 937 quia
610 872 670 922 de
717 871 898 921 talibus
953 872 1176 936 reliquiis
1237 871 1364 921 bene
1429 872 1732 938 intellegitur
1793 888 1923 941 esse,

232 947 292 995 de
333 961 430 1010 quo
464 946 658 995 ‘dictum
698 951 794 996 est:
861 947 959 1005 Qua·
1001 949 1324 1009 superaverit
1362 949 1413 995 in
1454 949 1597 996 domo
1637 954 1750 996 tua:
1804 961 1920 1011 pro·

229 1021 360 1069 fecto
408 1020 566 1069 credit
612 1022 663 1068 in
711 1018 986 1086 Christum3
1040 1022 1169 1069 sicut
1222 1019 1530 1084 temporibus
1583 1020 1921 1086 apostolorum

146 1135 150 1139 .
230 1109 293 1143 ex
338 1095 444 1158 ipsa
494 1101 640 1159 gente
690 1093 892 1158 plurimi
940 1093 1285 1159 crediderunt,
1335 1109 1498 1158 neque
1544 1110 1678 1144 nunc
1725 1094 1925 1160 desunt,

143 1325 198 1366 15

141 1694 198 1736 20

143 2063 198 2103 25

141 2431 200 2472 30

231 1169 347 1231 qui,
398 1168 515 1218 licet
563 1168 838 1234 rarissime,
892 1174 1055 1217 tamen
1104 1167 1330 1234 credant3
1385 1175 1435 1217 et
1482 1168 1715 1233 impletur
1761 1170 1812 1216 in
1860 1183 1922 1217 eo

231 1241 363 1306 quod
394 1241 475 1290 hic
506 1243 599 1291 iste
631 1241 778 1290 homo
810 1240 899 1290 Dei
939 1243 1172 1291 continuo
1213 1249 1415 1291 secutus
1455 1241 1699 1292 adiunxit:
1749 1242 1923 1291 Veniet

231 1318 457 1365 adorare
505 1319 554 1366 ei
601 1317 740 1365 obolo
788 1318 1004 1376 amenti.
1084 1314 1173 1364 Cui
1213 1315 1442 1381 adorare,
1481 1317 1578 1364 nisi
1617 1330 1809 1365 summo
1849 1315 1920 1364 illi

230 1389 496 1456 sacerdoti,
544 1392 630 1453 qui
676 1395 726 1438 et
773 1387 905 1437 Deus
954 1385 1064 1438 est?
1139 1388 1309 1453 Neque
1359 1391 1491 1438 enim
1537 1392 1588 1438 in
1634 1389 1717 1439 illo
1758 1404 1918 1438 sacer—

230 1462 365 1512 dotio
398 1463 672 1512 secundum
705 1461 929 1511 ordinem
959 1463 1122 1511 Aaron
1161 1462 1221 1511 ad
1260 1462 1354 1512 hoc
1393 1463 1655 1512 veniebant
1691 1463 1920 1512 homines

231 1537 291 1586 ad
351 1536 590 1602 templum
653 1536 730 1585 vel
791 1535 940 1585 altare
995 1536 1110 1602 Dei,
1172 1543 1227 1585 ut
1281 1537 1588 1586 sacerdotem
1643 1537 1918 1586 adorarent.

231 1610 360 1668 Quid
410 1618 486 1660 est
533 1618 698 1660 autem
747 1609 878 1674 quod
925 1612 1013 1659 ait:
1076 1611 1226 1660 Obolo
1266 1614 1489 1672 arqentz',
1545 1612 1641 1660 nisi
1678 1610 1920 1660 brevitate

230 1683 368 1733 verbi
414 1684 550 1751 fidei,
605 1685 664 1733 de
714 1699 811 1748 quo
860 1691 1212 1733 commemorat
1250 1684 1501 1748 apostolus
1541 1684 1750 1734 dictum:
1801 1684 1919 1734 Ver—

231 1760 346 1808 bum
386 1773 736 1808 consummans
777 1765 825 1808 et
871 1760 1106 1808 brevians
1140 1757 1306 1818 faciet
1343 1759 1586 1808 Dominus
1624 1774 1780 1821 super
1819 1766 1918 1808 ter-

230 1835 374 1882 ram?
436 1833 706 1897 Argentum
756 1838 920 1881 autem
965 1847 1057 1896 pro
1108 1831 1302 1896 eloquio
1348 1834 1466 1896 poni
1510 1832 1728 1897 psalmus
1779 1834 1923 1882 testis

231 1912 320 1972 est,
360 1906 447 1955 ubi
479 1908 693 1956 canitur:
733 1907 949 1967 Eloquia
981 1907 1186 1955 Domini
1216 1909 1414 1967 eloquia
1453 1913 1611 1969 casta,
1651 1913 1923 1968 amentum

232 1984 350 2041 {qne
387 1983 745 2030 examinatum.

383 2053 511 2111 Quid
545 2069 661 2117 ergo
702 2053 821 2102 dicit
859 2055 968 2118 iste,
1009 2055 1093 2116 qui
1131 2055 1265 2102 venit
1304 2053 1507 2102 adorare
1548 2053 1792 2102 sacerdoti
1830 2051 1921 2102 Dei

230 2134 279 2176 et
328 2127 574 2176 sacerdoti
629 2123 768 2175 Deo?
845 2128 994 2176 Iacto
1039 2141 1118 2176 me
1163 2129 1217 2175 in
1258 2132 1457 2188 partem
1504 2129 1783 2176 sacerdotii
1830 2130 1923 2189 tui,

229 2203 547 2250 manducare
592 2214 790 2262 panem.
875 2199 999 2248 Nolo
1050 2201 1100 2248 in
1151 2206 1350 2264 patrum
1398 2216 1623 2250 meorum
1672 2200 1920 2250 conlocari

228 2273 433 2340 honore,
473 2275 558 2338 qui
590 2272 755 2322 nullus
787 2279 888 2339 est3
927 2274 1054 2322 iacta
1092 2288 1170 2322 me
1210 2275 1260 2322 in
1298 2281 1490 2338 partem
1530 2274 1793 2324 sacerdotii
1832 2276 1919 2324 tui.

229 2348 378 2408 Eleye'
423 2349 552 2396 enim
602 2349 829 2396 abiectus
875 2362 982 2396 esse
1029 2350 1080 2396 in
1121 2349 1263 2396 domo
1303 2349 1425 2406 Dei;
1473 2349 1830 2412 qualecumque
1870 2355 1926 2397 et

231 2420 739 2486 quantulumcumque
801 2419 1080 2469 membrum
1142 2436 1250 2470 esse
1306 2425 1451 2487 cupio
1515 2421 1776 2471 sacerdotii
1830 2423 1921 2471 tui.

232 2494 573 2544 Sacerdotium
615 2496 795 2559 quippe
843 2493 924 2543 hic
962 2495 1119 2558 ipsam
1158 2493 1354 2559 plebem
1393 2497 1533 2562 dicit,
1581 2497 1721 2544 cuius
1759 2494 1919 2559 plebis

351 2609 393 2663 7)
433 2607 555 2652 Esai.
598 2613 673 2661 10,
714 2611 783 2651 22.
848 2607 892 2662 9)
922 2606 1055 2651 Rom.
1092 2611 1170 2663 11,
1211 2612 1251 2651 5.
1316 2610 1391 2664 22)
1424 2608 1557 2652 Rom.
1591 2611 1639 2663 9,
1674 2612 1754 2662 283
1794 2606 1921 2651 Esai.

234 2670 303 2722 ιο,
338 2671 408 2710 23.
470 2669 544 2723 24)
576 2666 648 2710 ΡΒ.
684 2671 753 2722 11,
789 2671 827 2711 τ.
891 2667 965 2722 29)
998 2665 1071 2711 Ps.
1105 2671 1175 2720 83,
1211 2671 1280 2710 11.

352 2790 377 2827 3
412 2784 702 2840 superauerit
731 2783 803 2836 Β,-
836 2783 1064 2839 supererit
1094 2797 1119 2826 v
1155 2785 1170 2839 Η
1202 2789 1228 2828 8
1259 2784 1412 2828 factae
1443 2783 1604 2836 R¹A¹,·
1638 2783 1792 2827 salvae
1823 2782 1919 2827 fac—

229 2844 306 2887 tae
338 2856 363 2887 v
387 2845 403 2900 ΙΙ
428 2848 482 2887 10
514 2843 571 2887 de
604 2843 714 2900 quo]
758 2842 884 2898 quod
921 2842 988 2885 R¹
1034 2843 1049 2898 ΙΙ
1097 2847 1149 2886 13
1182 2842 1230 2885 in
1263 2857 1316 2887 eo
1347 2842 1492 2886 RAF
1523 2843 1661 2886 Parr.
1685 2842 1923 2898 plerique,-

230 2900 279 2945 in
314 2901 378 2946 eis
409 2915 464 2958 qv
487 2903 503 2959 ΙΙ
527 2906 582 2947 26
613 2902 663 2945 in
694 2904 876 2958 partem
907 2900 1073 2954 RAF;
1104 2900 1152 2943 in
1184 2915 1325 2945 unam
1355 2916 1401 2958 p.
1433 2915 1460 2946 v
