2004 3140
590 159 658 191 DE
684 156 919 191 CIVITATE
942 158 1031 190 DEI
1053 158 1096 191 L.
1122 159 1227 192 XXI.
1253 158 1290 192 c.
1315 160 1369 192 26.
1706 147 1812 199 543

128 287 228 321 non
275 273 486 321 moritur
532 277 582 320 et
632 271 760 335 ignis
799 285 897 319 non
938 272 1270 338 extinguitur,
1325 286 1422 336 quo
1464 270 1819 320 cruciabuntur

131 347 207 395 die
248 361 303 395 ac
344 353 487 394 nocte
526 347 578 393 in
619 344 813 394 saecula
853 345 1178 394 saeculorum.

278 419 397 469 Post
446 421 590 468 istius
643 433 759 468 sane
811 420 1034 483 corporis
1082 426 1318 485 mortem,
1369 419 1526 468 donec
1573 418 1631 467 ad
1682 417 1821 468 illum

131 495 378 558 veniatur,
427 494 511 557 qui
557 499 670 557 post
717 494 1136 541 resurrectionem
1185 507 1451 558 corporum
1498 493 1696 542 futurus
1746 498 1822 541 est

134 567 461 616 damnationis
510 572 559 615 et
606 568 1021 615 remunerationis
1063 566 1265 615 ultimus
1305 566 1434 631 dieS,
1483 568 1524 615 si
1562 566 1655 615 hoc
1695 573 1815 615 tem·
1852 575 1878 615 5

133 643 270 707 poris
310 640 564 690 intervallo
599 642 802 705 spiritus
843 640 1191 689 defunctorum
1231 642 1338 689 eius
1378 640 1510 688 modi
1549 642 1713 704 ignem
1753 640 1822 688 di-

136 722 318 764 cuntur
350 716 558 780 perpeti,
598 729 746 778 quem
778 729 877 762 non
911 716 1125 763 sentiant
1155 714 1239 780 illi,
1281 715 1365 778 qui
1403 729 1501 762 non
1542 713 1824 762 habuerunt

134 789 257 838 tales
297 804 461 838 mores
510 795 558 837 et
605 802 796 836 amores
847 789 898 836 in
936 787 1084 837 huius
1126 790 1349 853 corporis
1388 789 1509 854 vita,
1556 794 1610 837 ut
1650 802 1823 836 eorum

135 863 287 929 ligna,
336 863 528 928 fenum,
578 861 755 926 stipula
804 870 1146 927 consumatur3
1186 862 1266 910 alii
1305 877 1421 910 vero
1463 863 1698 927 sentiant,
1738 862 1823 925 qui

135 939 243 986 eius
290 936 422 985 modi
471 950 639 985 secum
690 935 907 985 aedificia
954 943 1300 1003 portaverunt,
1364 938 1464 985 sive
1515 935 1584 984 ibi
1632 942 1821 984 tantum
1858 943 1912 983 10

135 1013 237 1060 sivc
287 1018 337 1059 et
382 1010 462 1059 hic
510 1017 559 1058 et
604 1009 673 1058 ibi
726 1011 826 1058 sive
875 1010 985 1058 ideo
1034 1010 1114 1058 hic
1159 1017 1216 1059 ut
1272 1025 1371 1058 non
1418 1008 1486 1058 ibi
1542 1009 1825 1074 saecularia,

138 1086 358 1149 quamvis
393 1099 418 1132 a
451 1083 762 1132 damnatione
799 1084 1018 1151 venialia,
1059 1090 1456 1132 concremantem
1497 1085 1660 1147 ignem
1693 1093 1823 1131 tran·

138 1159 337 1207 sitoriae
387 1157 722 1207 tribulationis
761 1159 1032 1207 inveniant:
1080 1173 1179 1206 non
1219 1157 1462 1222 redarguo
1475 1197 1489 1222 ,
1530 1159 1642 1221 quia
1683 1157 1824 1204 sorsi-

139 1238 222 1281 tan
278 1247 451 1281 verum
506 1238 594 1280 est.
683 1231 854 1281 Potest
907 1233 1089 1296 quippe
1146 1231 1203 1280 ad
1258 1233 1401 1280 istam
1457 1230 1823 1280 tribulationem

139 1308 391 1371 pertinere
446 1307 590 1355 etiam
629 1306 735 1370 ipsa
775 1320 909 1354 mors
950 1307 1134 1370 carnis,
1187 1321 1310 1370 quae
1351 1305 1411 1354 de
1452 1307 1595 1369 primi
1636 1306 1826 1369 peccati
1861 1312 1914 1352 15

138 1382 506 1445 perpetratione
555 1386 794 1444 concepta
842 1386 941 1444 est,
993 1386 1048 1428 ut
1095 1380 1368 1428 secundum
1416 1380 1655 1443 cuiusque
1697 1377 1824 1427 aedi-

139 1454 306 1502 ficium
338 1459 533 1519 tempus
566 1453 697 1518 quod
731 1468 837 1502 eam
870 1455 1095 1518 sequitur
1131 1453 1190 1502 ab
1230 1468 1528 1517 unoquoque
1571 1455 1825 1502 sentiatur.

137 1527 522 1577 persecutiones
569 1542 788 1593 quoque,
837 1526 1016 1591 quihus
1064 1534 1305 1592 martyres
1353 1529 1574 1576 coronati
1622 1534 1736 1576 sunt
1777 1533 1826 1575 et

141 1616 262 1665 quas
301 1603 559 1666 patiuntur
599 1603 899 1665 quicumque
933 1600 1210 1667 Christiani,
1248 1600 1460 1666 probant
1498 1607 1708 1665 utraque
1748 1615 1824 1648 ae-

140 1675 301 1724 dificia
346 1675 480 1724 velut
526 1676 654 1739 ignis
703 1682 753 1724 et
800 1675 890 1723 alia
946 1682 1246 1724 consumunt
1292 1690 1406 1723 cum
1444 1676 1564 1739 ipsis
1605 1674 1824 1723 aedifica·
1858 1687 1916 1727 20

140 1748 357 1815 toribus,
405 1750 447 1797 si
488 1747 739 1798 Christum
787 1750 838 1797 in
887 1750 957 1797 eis
997 1764 1096 1797 non
1135 1750 1392 1797 inveniunt
1431 1747 1826 1813 fundamentum3

144 1822 235 1871 alia
277 1824 382 1872 sine
429 1823 576 1888 ipsiS,
624 1824 666 1871 si
711 1824 988 1884 inveniunt,
1037 1823 1149 1886 quia
1188 1822 1304 1871 lieet
1342 1837 1454 1870 cum
1495 1821 1670 1871 damno
1709 1821 1827 1870 salvi

142 1903 292 1946 erunt
329 1898 446 1962 ipsi3
486 1895 576 1945 alia
615 1912 731 1945 vero
775 1911 874 1945 non
915 1904 1229 1963 consumunt,
1269 1897 1382 1960 quia
1421 1895 1531 1944 talia
1571 1897 1828 1960 reperiunt

144 1985 270 2034 quae
317 1976 547 2019 maneant
592 1972 643 2019 in
690 1977 958 2019 aeternum.
1043 1969 1152 2019 Erit
1201 1972 1347 2019 etiam
1398 1971 1447 2017 in
1499 1970 1593 2018 fine
1645 1967 1828 2018 saeculi

143 2043 396 2093 tribulatio
436 2051 658 2109 tempore
691 2043 996 2110 Antichristi,
1036 2043 1192 2108 qualis
1232 2059 1500 2108 numquam
1539 2050 1682 2092 antea
1722 2043 1826 2091 suit.
1859 2055 1916 2095 25

148 2117 305 2175 Quam
353 2117 505 2166 multa
552 2123 699 2166 erunt
744 2124 863 2167 tunc
910 2117 1148 2183 aedificia,
1196 2119 1296 2166 sive
1344 2133 1489 2167 aurea
1530 2119 1630 2166 sive
1672 2118 1826 2179 fenea,

143 2207 294 2256 super
333 2193 572 2256 optimum
615 2191 1003 2256 fundamentum,
1043 2191 1172 2255 quod
1214 2199 1291 2241 est
1322 2191 1548 2241 Christus
1580 2191 1733 2257 IesuS,
1773 2198 1828 2240 ut

84 2279 92 2283 ’
143 2267 273 2330 ignis
305 2264 385 2314 ille
425 2265 602 2330 probet
641 2272 850 2330 utraque
891 2273 941 2314 et
979 2266 1038 2314 de
1079 2265 1185 2314 aliis
1224 2265 1470 2331 gaudium,
1510 2265 1568 2314 de
1610 2265 1715 2314 aliis
1754 2267 1825 2313 in-

146 2340 272 2388 ferat
311 2339 564 2405 damnum,
603 2346 810 2388 neutros
849 2347 1013 2388 tamen
1053 2339 1248 2405 perdat,
1286 2341 1337 2388 in
1377 2339 1556 2403 quibus
1595 2339 1715 2388 haec
1755 2340 1826 2386 in-

140 2415 328 2476 veniet,
367 2419 572 2477 propter
611 2412 783 2462 stabile
824 2411 1219 2462 fundamentum!
1299 2413 1607 2477 Quicumque
1648 2419 1826 2477 autem,
1859 2423 1916 2462 30

141 2502 240 2535 non
274 2486 383 2535 dico
417 2501 638 2552 uxorem,
680 2488 822 2536 cuius
855 2489 1000 2535 etiam
1034 2489 1381 2535 commixtione
1422 2488 1583 2535 carnis
1624 2485 1681 2533 ad
1723 2500 1826 2534 car-

139 2560 300 2609 nalem
352 2561 509 2608 utitur
558 2559 884 2626 voluptatem,
936 2560 1021 2609 sed
1068 2561 1172 2624 ipsa
1221 2575 1344 2624 quae
1393 2558 1452 2607 ab
1499 2559 1646 2608 huius
1695 2558 1825 2608 modi

260 2689 300 2743 1>
331 2687 415 2730 Mr.
450 2691 491 2743 9,
523 2691 593 2732 44.
659 2689 703 2742 2)
735 2687 878 2743 Apoc.
912 2691 982 2741 20,
1018 2691 1085 2730 10.

229 2842 282 2938 ml
316 2833 512 2880 m'oritur
545 2870 554 2878 .
597 2871 606 2880 .
640 2833 927 2890 extinguitur
957 2833 1002 2877 R
1033 2836 1159 2888 (533,
1193 2838 1295 2890 15),·
1333 2833 1556 2878 morietur
1590 2869 1598 2878 .
1634 2869 1642 2877 .
1676 2832 1822 2877 extin-

138 2909 227 2952 gue
282 2909 305 2937 r
335 2908 361 2939 v
