2004 3140
572 145 639 177 DE
664 143 903 178 OIVITATE
927 145 1015 177 DEI
1039 145 1079 178 L.
1104 144 1186 176 xx.
1211 143 1262 177 ce
1272 145 1303 178 5.
1329 145 1361 177 6.
1698 132 1808 185 415

123 260 286 308 tribus
332 260 453 308 meis
499 260 738 318 minimiS,
786 260 910 307 mihi
949 256 1158 319 fecistis
1243 257 1380 307 Tune
1429 259 1581 317 dicet,
1631 258 1808 322 inquit,

124 338 173 383 et
208 334 286 382 his
325 335 414 394 qui
442 347 474 382 a
504 335 724 381 sinistris
756 338 929 382 erunt:
970 334 1226 383 Discedite
1258 347 1290 380 a
1322 345 1410 392 me,
1452 333 1720 391 maledicti,
1756 333 1807 379 in

121 410 287 468 iqnem
327 411 611 472 aeternum,
651 409 741 467 qui
771 412 991 469 paratus
1030 413 1104 456 est
1141 407 1326 455 zabulo
1366 412 1415 455 et
1453 407 1646 467 anqelis
1685 407 1806 454 eius.
1859 397 1865 403 ’

123 479 308 529 Deinde
348 479 575 529 similiter
615 482 762 529 etiam
801 480 877 529 his
918 487 1197 541 enumerat,
1250 479 1380 544 quod
1420 479 1498 528 illa
1539 494 1638 528 non
1679 479 1805 527 fece·
1932 536 1935 538 ,

122 555 236 619 rint,
277 568 400 618 quae
441 553 642 603 dextros
682 555 858 604 fecisse
900 556 1200 603 memoravit.
1281 552 1613 618 Similiterque
1654 554 1804 602 inter·
1839 563 1866 603 5

119 627 438 694 1'ogantibuS‚
495 628 690 693 quando
755 644 867 677 eum
929 628 1142 677 viderint
1202 629 1252 676 in
1307 627 1486 676 horum
1540 626 1807 691 indigentia

121 702 468 751 constitutum:
516 701 646 766 quod
697 703 911 751 minimis
952 703 1054 751 suis
1095 717 1194 751 non
1235 702 1418 750 factum
1459 708 1558 767 est,
1607 699 1700 748 sihi
1740 700 1806 748 fa·

123 781 258 824 otum
298 790 395 824 non
436 776 590 825 fuisse
630 776 918 843 respondet3
959 790 1336 840 sermonemque
1380 774 1702 824 concludens:
1745 775 1810 821 Et

122 851 276 910 ibunt,
317 851 500 914 inquit,
540 852 595 899 hi
634 853 683 899 in
723 853 1024 914 supplicium
1065 856 1348 910 aeternum,
1390 852 1511 898 iusti
1548 854 1713 898 autem
1755 851 1807 896 in

118 926 272 972 vitam
323 929 599 974 aeternam.
683 924 926 973 Iohannes
980 939 1094 973 vero
1147 923 1442 988 evangelista
1497 923 1805 987 apertissime
1841 934 1896 973 10

119 1003 286 1046 narrat
338 1013 451 1047 eum
501 1000 552 1046 in
603 1000 971 1048 resurrectione
1023 1004 1334 1047 mortuorum
1388 998 1610 1046 futurum
1665 1011 1804 1061 prae-

119 1070 298 1120 dixisse
338 1071 589 1121 iudicium.
667 1071 790 1121 Cum
829 1075 961 1121 enim
1000 1072 1225 1121 dixisset:
1267 1073 1437 1132 Neque
1477 1073 1606 1120 enim
1647 1071 1804 1119 Pater

120 1147 316 1194 iudicat
364 1160 681 1207 quemquam,
731 1149 823 1196 sed
871 1148 1115 1196 iudicium
1166 1160 1309 1195 omne
1356 1147 1495 1194 dedit
1540 1146 1692 1205 Filio,
1746 1149 1802 1192 ut

119 1233 285 1268 omnes
342 1221 679 1279 honorificent
725 1222 933 1282 Filium,
988 1223 1120 1269 sieut
1177 1221 1521 1278 honorificant
1571 1219 1776 1266 Patrem
1787 1234 1806 1274 ;

73 1321 78 1324 -
117 1295 208 1353 qui
243 1307 342 1342 non
381 1295 688 1354 honorificat
725 1296 928 1354 Filium,
968 1309 1067 1344 non
1107 1295 1415 1353 honorificat
1454 1293 1673 1352 Patrem,
1715 1294 1803 1353 qui
1836 1301 1890 1340 15

117 1369 251 1415 misit
303 1370 464 1416 illum:
513 1370 742 1432 protinus
798 1361 1002 1417 addidit:
1058 1367 1237 1429 Amen,
1286 1381 1431 1416 amen
1485 1368 1598 1415 dico
1650 1367 1801 1426 vobi-9,

116 1443 251 1502 quia,
292 1444 380 1502 qui
416 1443 622 1491 verbum
654 1457 814 1492 meum
854 1444 1002 1491 audit
1038 1448 1087 1491 et
1125 1444 1291 1491 eredit
1330 1444 1379 1490 ei
1415 1443 1504 1502 qai
1540 1442 1674 1488 misit
1711 1454 1801 1499 me,

116 1516 268 1564 habet
320 1518 471 1564 vitam
519 1521 808 1578 aeternam,
864 1522 913 1565 et
963 1519 1014 1565 in
1065 1518 1310 1565 iudicium
1357 1530 1455 1564 non
1504 1516 1661 1574 venit,
1715 1515 1807 1562 sed

118 1591 325 1638 transiit
372 1605 404 1638 a
454 1596 613 1639 morte
663 1593 714 1639 in
767 1594 932 1640 vitam.
1010 1589 1138 1638 Ecce
1186 1589 1266 1638 hic
1315 1589 1438 1638 dixit
1476 1587 1645 1636 fideles
1686 1602 1802 1636 suos

116 1663 167 1710 in
215 1662 451 1712 iudicium
498 1679 596 1712 non
651 1666 834 1714 venire.
913 1663 1020 1722 Quo
1071 1663 1214 1712 modo
1262 1678 1380 1727 ergo
1428 1677 1518 1727 pel·
1566 1661 1804 1710 iudicium
1837 1673 1892 1712 20

118 1736 479 1801 separabuntur
527 1753 552 1786 a
601 1738 740 1786 malis
789 1745 838 1787 et
884 1737 942 1786 ad
992 1739 1098 1786 eius
1139 1737 1390 1786 dexteram
1431 1735 1656 1801 stabunt,
1709 1736 1805 1783 nisi

119 1812 231 1876 quia
270 1811 363 1859 hoo
410 1810 518 1859 loco
566 1811 804 1861 iudicium
852 1827 942 1876 pro
983 1810 1293 1865 damnatione
1332 1806 1535 1875 posuit?
1611 1808 1667 1856 In
1706 1807 1801 1857 tale

118 1885 298 1949 quippe
346 1884 582 1934 iudicium
630 1900 728 1934 non
775 1887 999 1952 venient,
1051 1887 1135 1949 qui
1185 1884 1391 1933 audiunt
1438 1882 1643 1932 verbum
1697 1883 1804 1931 eius

119 1965 168 2007 et
208 1957 418 2007 credunt
458 1961 523 2026 ei,
563 1960 648 2023 qui
689 1961 820 2008 misit
858 1959 1011 2008 illum.

790 2147 988 2201 CAPUT
1028 2147 1122 2199 VI.
1838 2159 1895 2200 25

333 2255 472 2314 Quae
509 2258 575 2303 sit
607 2258 777 2317 prima
817 2257 1142 2314 resurreetiO,
1183 2268 1314 2314 quae
1352 2255 1591 2302 secanda.
1847 2237 1861 2248 ⁶

266 2357 450 2407 Deinde
502 2358 723 2423 adiungit
774 2365 823 2407 et
873 2358 1012 2407 dicit:
1068 2359 1248 2419 Amen,
1297 2371 1442 2406 amen
1491 2358 1604 2405 dieo
1655 2357 1804 2416 υοῦἱε,

119 2434 239 2492 quia
278 2435 414 2481 venit
450 2433 579 2482 hora
620 2439 667 2482 et
705 2447 842 2482 nune
883 2438 968 2494 est,
1009 2433 1212 2493 quando
1251 2432 1441 2480 mortui
1478 2431 1687 2479 audient
1726 2443 1803 2477 vo-

237 2560 308 2615 1o)
343 2557 425 2605 Mt.
460 2563 530 2615 25,
564 2565 618 2603 31
654 2574 754 2615 sqq.
820 2562 892 2616 19)
924 2559 988 2602 10.
1023 2563 1063 2613 5,
1097 2563 1151 2602 22
1187 2535 1284 2613 sqq.

238 2714 262 2750 2
295 2707 447 2764 erunt]
481 2708 587 2750 sunt,
617 2707 662 2750 A
685 2708 700 2763 ΙΙ
725 2711 750 2750 3
784 2706 950 2750 zabulo
983 2705 1028 2748 R
1061 2705 1185 2760 (108,
1220 2707 1305 2756 30‚·
1344 2707 1450 2756 136,
1481 2703 1583 2759 19),·
1617 2702 1805 2747 diabolo

117 2778 143 2807 v
167 2766 182 2820 ΙΙ
208 2770 233 2809 8
264 2765 502 2822 respondit
531 2765 623 2809 ΒΑ
663 2767 678 2822 ΙΙ
718 2767 765 2809 eb
794 2766 928 2809 ibunt
958 2763 1111 2819 inquit
1142 2763 1191 2806 hi
1223 2762 1293 2815 R‚·
1326 2764 1372 2805 eb
1403 2761 1538 2806 ibunt.
1567 2762 1619 2805 hi
1649 2761 1802 2817 inquit,

116 2825 273 2926 §3311nt
289 2824 353 2926 ¹2¹}
385 2824 550 2893 inquit,
582 2825 631 2867 in
656 2824 806 2880 suppl.
834 2826 922 2868 aet.
947 2823 1082 2866 ibunt
1106 2836 1131 2866 v
1155 2824 1170 2878 ΙΙ
1198 2827 1250 2866 18
1282 2820 1413 2865 uenit
1435 2821 1526 2864 ΒΑ
1560 2819 1804 2878 (ἕρχεται);
