2004 3140
192 122 301 175 486
883 132 918 166 s.
941 132 1219 168 Auous'rm1

340 245 516 295 Nullus
555 246 707 309 igitur
747 245 823 294 vel
863 253 1008 310 negat
1045 245 1122 295 vel
1161 245 1353 296 dubitat
1390 261 1480 311 per
1519 245 1772 295 Christum
1810 245 1882 295 Ie-

193 336 304 370 sum
341 319 463 386 tale,
503 318 645 383 quale
685 321 795 369 istis
836 322 990 369 sacris
1027 319 1207 369 litteris
1246 321 1640 386 praenuntiatur,
1677 321 1882 370 novissi-

192 409 329 443 mum
367 394 590 443 futurum
632 409 742 442 esse
781 393 1041 459 iudicium,
1094 395 1190 443 nisi
1228 395 1315 459 qui
1353 394 1539 444 eisdem
1579 394 1759 443 litteris
1799 409 1882 443 ne-

195 470 296 517 scio
337 482 433 532 qua
478 466 757 516 incredibili
808 469 1115 517 animositate
1168 483 1257 517 seu
1295 469 1530 518 caecitate
1570 483 1670 516 non
1710 467 1884 533 credit,

135 549 162 589 5
197 557 320 606 quae
376 543 474 590 iam
519 543 775 591 veritatem
831 557 971 591 suam
1018 540 1126 591 orbi
1173 541 1573 591 demonstravere
1621 548 1883 591 terrarum.

196 616 253 664 In
292 615 374 664 illo
414 617 580 679 itaque
620 615 803 664 iudicio
842 616 919 664 vel
959 617 1089 665 circa
1127 615 1249 664 illud
1287 615 1526 665 iudicium
1563 615 1652 664 has
1690 631 1774 664 res
1812 615 1883 664 di·

197 689 407 738 dicimus
455 704 564 738 esse
613 696 875 750 venturaS‚
924 689 1114 738 Heliam
1154 689 1451 755 Thesbiten,
1497 689 1644 738 fidem
1682 689 1882 738 Iudaeo-

194 778 329 829 rum,
377 762 737 813 Antichristum
782 771 1187 830 persecuturum,
1236 762 1487 813 Christum
1537 763 1884 828 iudicaturum,

195 842 508 892 mortuorum
546 839 988 899 resurrectionem,
1040 837 1287 887 bonorum
1325 837 1664 901 malorumque
1704 837 1883 885 direm-

107 917 162 958 10
194 912 429 976 ptionem,
469 911 641 960 mundi
674 910 1107 976 conflagrationem
1139 911 1462 976 eiusdemque
1501 912 1883 960 renovationem.

196 984 331 1042 Quae
387 986 550 1033 omnia
605 984 806 1049 quidem
858 992 1066 1035 ventura
1120 1001 1230 1034 esse
1285 985 1590 1034 credendum
1643 991 1741 1050 est3
1797 983 1884 1033 sed

193 1057 375 1122 quibus
415 1058 573 1107 modis
625 1066 675 1108 et
722 1074 819 1123 quo
859 1059 1032 1108 ordine
1071 1061 1290 1126 veniant,
1336 1061 1490 1124 magis
1529 1066 1649 1108 tunc
1689 1056 1886 1107 docebit

188 1147 363 1180 rerum
419 1133 749 1198 experientia,
805 1148 951 1197 quam
1003 1149 1135 1182 nunc
1189 1133 1248 1183 ad
1301 1133 1580 1197 perfectum
1628 1132 1886 1181 hominum

192 1205 529 1270 intellegentia
582 1206 710 1256 valet
765 1209 1018 1272 consequi.
1093 1207 1335 1256 Existimo
1392 1214 1556 1256 tamen
1603 1221 1662 1255 eo
1712 1220 1810 1270 quo
1859 1220 1886 1254 a

104 1285 159 1325 15
193 1294 271 1328 me
313 1287 694 1329 commemorata
734 1287 851 1329 sunt
889 1280 1062 1330 ordine
1103 1296 1213 1330 esse
1253 1287 1475 1329 ventura.

339 1352 447 1402 Duo
479 1353 623 1403 nobis
655 1353 715 1402 ad
747 1354 841 1403 hoc
874 1369 998 1419 opus
1030 1356 1338 1419 pertinentes
1378 1353 1558 1418 reliqui
1597 1359 1714 1402 sunt
1752 1351 1883 1418 libri,

189 1433 245 1476 ut
283 1425 543 1476 adiuvante
583 1426 790 1476 Domino
838 1430 1084 1492 promissa
1131 1428 1485 1493 compleamus3
1537 1441 1750 1492 quorum
1789 1427 1885 1475 erit

188 1515 320 1549 unus
360 1500 420 1549 de
460 1500 702 1550 malorum
750 1501 1014 1568 supplicio,
1061 1501 1185 1552 alius
1233 1502 1293 1551 de
1342 1501 1574 1550 felicitate
1613 1502 1883 1566 iustorum3

188 1575 240 1622 in
281 1573 461 1638 quibus
502 1577 727 1642 maxime,
767 1577 896 1625 sicut
927 1575 1059 1625 Deus
1099 1575 1371 1641 donaverit,
1411 1581 1700 1640 argumenta
1739 1573 1883 1623 refel-

100 1654 157 1694 20
189 1647 354 1696 lentur
393 1647 628 1715 humana,
681 1664 806 1713 quae
846 1656 1018 1698 contra
1056 1650 1307 1714 praedicta
1347 1664 1403 1698 ac
1441 1644 1685 1713 promissa
1723 1647 1885 1697 divina

190 1722 440 1786 sapienter
479 1721 575 1770 sibi
605 1724 777 1771 miseri
808 1722 986 1772 rodere
1025 1724 1258 1773 videntur
1298 1729 1349 1772 et
1388 1722 1600 1774 salubris
1639 1721 1755 1770 fidei
1793 1736 1882 1770 nu-

188 1796 422 1844 trimenta
467 1795 602 1844 velut
657 1796 776 1845 falsa
831 1803 881 1846 et
935 1797 1141 1847 ridenda
1195 1803 1535 1846 contemnunt.
1613 1795 1710 1853 Qui
1763 1810 1880 1843 vero

190 1868 466 1918 secundum
496 1868 654 1918 Deum
687 1872 900 1937 sapiunt,
940 1872 1176 1938 omnium,
1217 1885 1341 1935 quae
1374 1868 1684 1919 incredibilia
1715 1869 1882 1917 viden·

189 1949 272 1990 tur
318 1941 602 1992 hominibus
659 1950 708 1993 et
753 1950 919 1993 tamen
969 1946 1230 2009 scripturis
1278 1945 1482 2010 sanctiS,
1530 1958 1740 2008 quarum
1786 1943 1885 1991 iam

101 2022 156 2061 25
192 2017 372 2064 veritas
412 2015 581 2066 multis
631 2017 792 2067 modis
839 2018 1035 2067 adserta
1075 2025 1171 2085 est,
1227 2019 1567 2083 continentur,
1617 2017 1885 2065 maximum

194 2096 540 2152 argumentum
594 2096 770 2140 tenent
823 2106 1050 2140 veracem
1103 2091 1193 2140 Dei
1247 2092 1682 2156 omnipotentiam,
1737 2104 1886 2154 quem

194 2169 386 2211 certum
440 2161 624 2212 habent
677 2164 812 2213 nullo
870 2165 1015 2213 modo
1070 2166 1122 2213 in
1178 2166 1249 2213 eis
1301 2166 1522 2228 potuisse
1582 2165 1782 2212 mentiri
1837 2168 1887 2212 et

191 2250 337 2299 posse
377 2236 539 2285 facere
581 2237 712 2301 quod
753 2237 1040 2302 inpossibile
1080 2244 1156 2287 est
1194 2232 1394 2286 infideli.

310 2441 364 2479 23
400 2436 557 2480 omnia
587 2436 679 2481 ΕΑ
