2044 3146
231 151 258 200 1
271 148 338 201 72
909 157 942 191 S.
967 157 1241 192 Aucusrnu

231 272 290 322 ad
330 274 507 340 omnia,
546 288 645 322 non
686 274 781 321 iam
821 278 1053 322 senectus
1091 273 1201 339 vivi,
1241 271 1327 321 sed
1368 271 1573 321 cadaver
1606 278 1683 321 est
1712 274 1915 323 mortui.

231 346 462 406 Quamvis
515 349 660 396 etiam
713 347 784 396 sic
835 345 957 395 solvi
1009 344 1163 395 soleat
1215 347 1310 395 ista
1364 348 1610 412 quaestio,
1665 346 1796 410 quod
1851 347 1912 396 de

231 419 432 470 Cettura
487 427 657 485 postea
711 422 884 484 genuit
936 418 1204 486 Abraham,
1259 421 1373 485 quia
1427 419 1611 469 donum
1666 421 1915 487 gignendi,

229 494 360 559 quod
401 510 426 542 a
459 493 666 543 Domino
707 496 910 560 accepit,
950 495 1098 543 etiam
1137 499 1250 558 post
1289 493 1476 543 obitum
1517 495 1696 543 mansit
1727 495 1915 544 uxoris,

171 580 196 620 5
231 567 327 616 Sed
361 574 624 633 propterea
656 568 777 618 mihi
807 568 1003 617 videtur
1034 566 1129 632 illa,
1169 582 1314 631 quam
1347 569 1506 618 secuti
1538 583 1724 634 sumuS,
1763 568 1912 618 huius

229 643 532 706 quaestionis
573 642 751 692 solutio
798 640 1143 708 praeferenda,
1191 643 1306 705 quia
1351 643 1667 691 centenarius
1714 641 1914 706 quidem

228 731 395 782 senex,
435 715 521 765 sed
561 717 799 781 temporis
831 716 1004 780 nostri,
1044 713 1103 763 de
1136 714 1269 764 nulla
1292 721 1457 779 potest
1481 715 1660 764 femina
1685 717 1913 781 gignere,

228 804 327 839 non
367 796 500 854 tunc,
541 790 734 854 quando
775 789 934 839 adbuc
973 788 1160 838 tamdiu
1199 787 1440 855 vivebant,
1479 795 1534 838 ut
1562 795 1761 838 centum
1793 790 1909 838 anni

232 862 451 913 nondum
492 864 712 913 facerent
749 863 1002 912 hominem
1041 861 1322 926 decrepitae
1361 864 1646 912 senectutis,

139 1036 193 1076 10
857 1020 1053 1075 CAPUT
1094 1020 1290 1076 XXIX.

228 1130 304 1178 Be
335 1131 498 1178 tribus
530 1130 653 1178 viris
681 1133 759 1179 vel
779 1132 986 1190 cenyele‘S,
1029 1132 1079 1178 in
1105 1130 1286 1190 quibus
1319 1130 1390 1177 ad
1411 1143 1653 1190 quercum
1680 1129 1914 1178 Mambre

479 1206 779 1266 apparuisse
818 1203 1059 1252 Abrahae
1098 1203 1343 1252 Dominus
1383 1204 1656 1252 indicatur.

373 1306 496 1355 Item
535 1305 667 1355 Deus
707 1307 932 1370 apparuit
971 1304 1193 1354 Abrahae
1234 1305 1292 1354 ad
1331 1320 1570 1370 quercum
1601 1304 1819 1354 Mambre
1857 1307 1910 1354 in

225 1378 386 1429 tribus
441 1381 581 1445 viriS,
637 1394 760 1443 quos
815 1379 1139 1429 dubitandum
1195 1394 1294 1428 non
1353 1386 1427 1428 est
1482 1378 1680 1444 angelos
1735 1379 1910 1445 fuisse3

140 1464 193 1503 15
227 1455 449 1517 quamvis
487 1453 685 1518 quidam
734 1455 1015 1502 existiment
1053 1468 1208 1502 unum
1246 1455 1298 1502 in
1341 1454 1412 1502 eis
1451 1453 1606 1502 fnisse
1645 1452 1909 1502 Dominum

227 1526 500 1594 Christum,
540 1527 825 1576 adserentes
866 1542 980 1576 eum
1020 1528 1166 1576 etiam
1207 1532 1319 1576 ante
1358 1526 1705 1576 indumentum
1745 1528 1910 1575 carnis

226 1601 378 1650 fuisse
418 1600 673 1650 visibilem.
751 1600 839 1650 Est
879 1600 1079 1665 quidem
1118 1600 1308 1649 divinae
1347 1602 1606 1665 potestatis
1657 1607 1708 1649 et
1743 1601 1910 1649 invisi·

225 1673 359 1740 bilis,
413 1673 737 1739 incorporalis
783 1674 1185 1739 inmutabilisque
1236 1681 1464 1740 naturae,
1519 1676 1625 1724 sine
1680 1673 1778 1723 ulla
1833 1675 1910 1723 sui

224 1750 495 1798 mutatione
536 1750 684 1798 etiam
721 1747 1012 1798 mortalibus
1051 1747 1333 1813 aspectibus
1373 1763 1635 1814 apparere,
1683 1763 1782 1796 non
1820 1763 1912 1812 per

140 1832 195 1871 20
226 1822 275 1871 id
317 1821 447 1886 quod
489 1830 578 1888 est,
618 1821 703 1870 sed
743 1837 833 1886 per
865 1822 1048 1887 aliquid
1082 1821 1212 1886 quod
1245 1821 1339 1871 sibi
1372 1821 1623 1871 subditum
1656 1827 1752 1887 est,
1792 1821 1911 1886 quid

227 1903 394 1945 autem
431 1895 501 1945 illi
542 1895 794 1946 subditum
824 1911 933 1944 -non
975 1893 1085 1945 est?
1149 1895 1325 1945 Verum
1367 1902 1531 1945 tamen
1571 1897 1612 1944 si
1650 1902 1912 1960 propterea

228 1970 520 2019 confirmant
565 1970 743 2018 horum
790 1971 940 2019 trium
989 1970 1203 2033 aliquem
1251 1970 1404 2019 fuisse
1453 1968 1725 2035 Christum,
1782 1970 1909 2035 quia,

228 2058 340 2092 cum
390 2050 491 2092 tres
539 2043 762 2109 vidisset,
814 2042 873 2091 ad
920 2043 1182 2091 Dominum
1231 2042 1546 2106 singulariter
1593 2049 1669 2091 est
1714 2042 1909 2091 locutus

230 2110 326 2183 (sic
368 2119 497 2166 enim
540 2118 779 2181 scripturn
821 2123 918 2165 est:
973 2117 1040 2164 Et
1079 2131 1197 2165 eece
1237 2122 1340 2165 tres
1379 2119 1481 2166 viri
1515 2117 1721 2165 stabant
1756 2131 1911 2178 super

141 2198 196 2239 25
231 2205 356 2251 eum,
397 2198 445 2239 ec
483 2193 657 2240 ridens
687 2193 1028 2252 procucurrit
1066 2192 1116 2238 in
1156 2191 1351 2239 obviam
1385 2192 1481 2238 illis
1506 2191 1569 2238 ab
1594 2192 1718 2238 ostio
1743 2191 1910 2239 taber-

227 2267 402 2313 naculi
437 2267 539 2324 sui,
587 2270 637 2313 et
674 2265 911 2313 adoravit
955 2278 1109 2325 super
1157 2269 1349 2312 terram
1389 2268 1438 2312 et
1476 2265 1630 2312 dixit:
1685 2264 1908 2325 Domine,

226 2340 273 2386 si
310 2340 480 2387 inveni
512 2340 739 2398 qratiam
779 2343 898 2386 caete
938 2345 1004 2397 te,
1062 2343 1111 2385 et
1151 2331 1363 2402 cetera):
1419 2351 1508 2385 cur
1555 2351 1652 2385 non
1701 2342 1751 2385 et
1786 2336 1908 2385 illud

227 2410 509 2476 advertunt,
557 2411 680 2459 duos
720 2425 780 2459 ex
821 2411 891 2459 eis
931 2411 1146 2475 venisse,
1193 2416 1249 2458 ut
1289 2408 1569 2458 Sodomitae
1608 2409 1910 2476 delerentur,

227 2499 340 2534 cum
379 2484 538 2534 adhuc
578 2483 820 2532 Abraham
860 2484 918 2532 ad
958 2498 1114 2532 unum
1160 2482 1470 2550 loqueretur,
1517 2482 1779 2532 Dominum
1826 2498 1906 2548 ap-

139 2567 195 2608 30
227 2558 414 2623 pellans
463 2565 512 2607 et
557 2558 893 2624 intercedenS,
949 2572 1009 2606 ne
1060 2556 1204 2605 simul
1259 2558 1444 2606 iustum
1493 2572 1603 2605 cum
1651 2558 1800 2621 impio
1855 2558 1906 2605 in

343 2687 418 2741 27)
452 2686 562 2731 Gen.
599 2689 667 2740 18,
703 2691 722 2728 1
759 2699 856 2740 sqq.

344 2837 396 2877 18
429 2832 695 2878 incommut.
730 2846 754 2876 v
779 2833 871 2888 1125
904 2830 953 2874 in
979 2830 1082 2875 obn.
1126 2828 1406 2885 VRAFbef;
1436 2830 1486 2874 in
1517 2844 1597 2878 om.
1632 2845 1656 2875 v
1685 2833 1700 2888 η
1732 2836 1785 2876 27
1819 2831 1906 2876 eti·

225 2905 300 2935 am
326 2905 349 2935 v
