2004 3140
520 153 587 186 m«)
611 151 850 186 οΙἮΤΑΤΕ
872 152 962 184 Dm
985 152 1027 184 L.
1051 151 1196 186 xvm.
1223 152 1261 185 c.
1285 155 1339 186 44.
1362 154 1416 186 45.
1710 140 1816 192 325

131 268 314 332 lorum,
362 267 475 330 quia
522 272 572 314 et
617 266 710 330 ipsi
758 280 818 314 ex
859 266 1140 331 utriusque,
1187 264 1236 313 id
1277 272 1352 314 est
1392 280 1451 314 ex
1490 263 1728 313 Hebraeis
1769 272 1818 314 et

133 357 191 390 ex
233 340 573 406 Septuaginta,
624 340 904 388 testimonia
942 339 1229 404 prophetica
1269 344 1566 405 posuerunt,
1606 345 1816 403 utraque

132 415 421 465 auctoritate
470 412 710 462 utendum
758 414 944 479 putavi,
993 414 1224 477 quoniam
1273 420 1481 477 utraque
1534 428 1630 461 una
1670 419 1817 477 atque

131 490 289 538 divina
324 494 411 536 est.
468 486 564 536 Sed
596 488 691 535 iam
726 502 850 551 quae
884 494 1088 553 restant,
1118 494 1174 535 ut
1205 489 1467 552 possimuS,
1499 502 1815 551 exequamur.

775 645 971 700 CAPUT
1009 645 1172 700 XLV.
1850 659 1876 699 5

138 755 283 814 Quod
306 759 421 817 post
452 755 871 803 instaurationem
913 756 1083 816 templi
1105 755 1384 816 prophetas
1417 753 1602 802 Iudaei
1629 754 1820 803 habere

130 830 414 878 destiterint
451 833 501 876 et
538 829 726 877 exinde
764 842 920 889 usque
960 829 1031 876 ad
1067 830 1380 877 nativitatem
1435 828 1625 876 Christi
1662 830 1816 877 conti—

167 905 282 951 nuis
319 903 713 951 adversitatibus
751 904 854 951 sint
891 900 1089 967 afflicti,
1127 908 1185 951 ut
1215 903 1530 964 probaretur
1570 904 1782 950 alterius

273 978 442 1039 templi
479 977 886 1036 aedificationem
918 977 1230 1038 propheticis
1269 977 1474 1025 vocibus
1509 974 1672 1037 fuisse

813 1052 1127 1112 promissam.
1855 1059 1908 1099 10

279 1153 454 1202 Postea
491 1168 636 1218 quam
677 1168 798 1218 gens
830 1152 1006 1202 Iudaea
1047 1155 1210 1218 coepit
1250 1167 1348 1201 non
1387 1152 1569 1202 habere
1608 1152 1818 1218 prophe-

131 1237 228 1294 taS,
274 1226 449 1292 procul
488 1226 637 1276 dubio
686 1226 904 1276 deterior
945 1227 1070 1276 facta
1110 1227 1233 1293 est,'
1256 1243 1314 1276 eo
1355 1226 1543 1276 scilicet
1583 1234 1821 1293 tempore,

131 1317 228 1366 quo
269 1316 322 1350 se
363 1301 592 1366 sperabat
622 1303 897 1350 instaurato
937 1300 1119 1366 templo
1158 1308 1272 1366 post
1310 1302 1655 1366 captivitatem,
1695 1316 1819 1366 quae

130 1376 223 1425 fuit
259 1377 311 1424 in
343 1374 622 1442 Babylonia,
662 1376 881 1425 futuram
912 1390 1020 1424 esse
1054 1374 1323 1424 meliorem.
1403 1374 1484 1424 Sic
1526 1377 1707 1440 quippe
1747 1376 1818 1423 in-

129 1448 391 1514 tellegebat
447 1449 659 1515 populus
707 1449 786 1499 ille
828 1449 1064 1516 carnaliS,
1120 1449 1251 1514 quod
1291 1451 1690 1515 praenuntiatum
1745 1456 1820 1498 est
1855 1458 1908 1499 15

130 1538 220 1588 per
273 1524 521 1589 Aggaeum
575 1523 866 1589 prophetam
921 1523 1190 1574 dicentem:
1254 1524 1450 1585 Maqna
1502 1526 1602 1573 erit
1651 1526 1822 1586 qloria

131 1599 304 1648 domus
360 1600 503 1647 istius
557 1601 879 1659 novissimae,
928 1601 1046 1661 plus
1100 1613 1250 1660 quam
1295 1601 1524 1661 primae;
1578 1597 1710 1662 quod
1761 1597 1820 1646 de

130 1686 255 1720 novo
295 1678 590 1721 testamento
623 1672 811 1721 dictum
852 1687 961 1721 esse
1001 1671 1146 1737 paulo
1186 1674 1416 1737 superius
1456 1672 1822 1737 demonstravit,

133 1744 217 1795 ubi
265 1747 331 1794 ait
386 1753 553 1810 aperte
603 1745 855 1795 Christum
910 1747 1227 1810 promittens:
1283 1747 1350 1795 Et
1397 1747 1599 1795 movebo
1654 1759 1822 1794 omnes

127 1825 316 1881 qenteS,
357 1826 407 1869 et
443 1823 607 1869 veniet
645 1822 964 1869 desideratus
1003 1822 1202 1869 cunetis
1237 1821 1485 1881 qentibuS.
1565 1818 1672 1877 Quo
1712 1818 1820 1867 loco
1853 1827 1910 1867 20

133 1894 442 1958 septuaginta
480 1894 780 1958 interpretes
811 1892 961 1942 alium
1002 1908 1202 1943 sensum
1242 1895 1395 1958 magis
1436 1894 1634 1957 corpori
1675 1908 1820 1957 quam

132 1968 302 2033 capiti,
347 1966 443 2015 hoc
483 1974 559 2016 est
598 1969 752 2032 magis
793 1967 1029 2016 ecclesiae
1071 1983 1217 2032 quam
1259 1967 1478 2034 Christo,
1527 1968 1819 2016 convenien-

131 2043 231 2089 tem
270 2040 559 2105 prophetica
598 2043 890 2090 auctoritate
930 2041 1184 2091 dixerunt:
1244 2042 1453 2091 Venient
1490 2056 1622 2102 quae
1660 2043 1820 2091 electa

131 2121 248 2164 sunt
281 2115 487 2164 Domini
516 2117 579 2165 de
618 2119 814 2165 cunctis
841 2117 1090 2178 qentibuS,
1130 2115 1179 2164 id
1221 2108 1296 2165 est
1334 2115 1574 2182 homineS,
1614 2114 1675 2163 de
1715 2116 1820 2180 qui-

133 2187 226 2237 bus
265 2190 370 2252 ipse
410 2188 549 2238 Iesus
587 2191 639 2238 in
678 2189 952 2254 evangelio:
1003 2189 1176 2250 Multi,
1216 2191 1399 2256 inquit,
1439 2192 1628 2250 vocati,
1661 2192 1824 2252 pauci
1855 2198 1909 2238 25

132 2276 249 2311 vero
297 2265 455 2312 electi.
545 2262 745 2312 Talibus
793 2265 925 2312 enim
971 2263 1141 2312 electis
1189 2265 1409 2328 gentium
1464 2262 1639 2312 domus
1693 2262 1820 2312 aedi-

135 2335 310 2384 ficatur
357 2335 445 2385 Dei
483 2352 573 2402 per
613 2342 961 2386 testamentum
1001 2352 1182 2386 novum
1220 2337 1464 2402 lapidibus
1503 2338 1639 2402 viviS,
1677 2335 1820 2400 longe

132 2408 412 2476 gloriosior,
462 2425 606 2474 quam
657 2411 894 2475 templum
935 2410 1054 2460 illud
1102 2411 1216 2477 fuit,
1264 2411 1395 2476 quod
1450 2426 1476 2459 a
1530 2425 1646 2474 rege
1688 2408 1819 2458 Salo-

132 2497 276 2531 mone
328 2491 671 2533 constructum
723 2491 798 2534 est
848 2491 898 2534 et
943 2492 1055 2548 post
1107 2487 1437 2549 captivitatem
1477 2486 1819 2533 instauratum.

132 2554 342 2621 Propter
392 2557 486 2606 hoc
537 2573 655 2622 ergo
704 2573 795 2607 nec
842 2558 1110 2623 prophetas
1157 2574 1217 2607 ex
1264 2558 1346 2607 illo
1387 2564 1609 2622 ternpore
1650 2555 1821 2605 habuit
1852 2566 1910 2606 30

132 2627 212 2677 illa
250 2644 371 2694 gens
403 2637 452 2680 et
484 2631 651 2680 multis
687 2631 908 2680 cladibus
942 2631 1120 2681 afflicta
1154 2638 1230 2681 est
1268 2631 1328 2680 ab
1369 2630 1655 2695 alienigenis
1694 2632 1819 2694 regi-

134 2700 227 2751 bus
266 2705 486 2768 ipsisque
526 2704 775 2772 Romanis,
814 2720 876 2754 ne
916 2705 1042 2754 hanc
1082 2705 1263 2770 Aggaei
1300 2704 1611 2770 prophetiam
1650 2706 1701 2753 in
1739 2703 1820 2752 illa

136 2776 491 2826 instauratione
532 2778 702 2843 templi
741 2781 1028 2843 opinaretur
1067 2778 1330 2843 impletam.

251 2889 325 2943 20)
356 2887 475 2946 Agg‚
508 2894 550 2945 2,
585 2894 661 2944 103
695 2895 736 2937 8.
799 2892 873 2946 26)
906 2891 987 2935 Mt.
1022 2895 1094 2945 22,
1127 2895 1196 2936 14.
