2004 3140
508 144 574 176 DE
599 142 835 176 CIVITATE
860 144 948 175 DEI
972 144 1013 176 L.
1038 144 1130 176 xm
1165 143 1202 177 c.
1228 146 1369 187 19-21.
1662 133 1770 185 525

86 258 162 307 vel
208 259 456 322 impietate
505 257 711 322 fuerint,
758 263 963 321 propter
1011 256 1130 306 illud
1178 258 1307 322 quod
1356 260 1422 307 ait
1461 257 1623 307 Iesus:
1671 258 1769 307 Hic

85 338 160 382 est
206 334 358 394 panis
404 333 494 392 qui
538 333 600 379 de
648 333 790 379 caelo
838 333 1116 391 deseendit,
1165 338 1244 391 ut,
1300 335 1346 381 si
1391 335 1502 393 quis
1549 347 1615 381 ex
1662 334 1768 394 ipso

83 407 484 465 manducaverit,
525 419 623 453 non
663 406 929 453 moriatur.
1007 406 1116 466 Eyo
1154 420 1262 454 sum
1295 409 1448 468 panis
1488 408 1641 466 vivus,
1682 408 1771 467 qui

82 482 146 529 de
184 482 325 528 caelo
374 480 625 529 descendi.
705 479 764 526 Si
807 481 918 539 quis
957 481 1347 528 manducaverit
1385 495 1450 529 ex
1487 482 1582 529 hoe
1611 495 1767 542 pane,

79 556 210 602 vivet
241 555 291 602 in
324 558 600 602 aeternum.
678 551 749 600 Ab
790 559 987 600 aeterna
1027 567 1145 616 ergo
1185 559 1358 619 morte,
1398 555 1642 617 inquiunt,
1683 568 1765 602 ne-

81 641 219 676 cesse
260 632 336 675 est
374 628 496 676 istos
547 628 654 675 erui
694 632 742 674 et
782 625 840 674 ad
881 627 1028 674 vitam
1068 633 1318 675 aeternam
1358 626 1767 690 quandocumque

79 700 300 766 perduci.

748 795 942 851 CAPUT
984 799 1098 852 XX.

79 893 155 941 Be
178 893 269 953 his,
294 894 383 953 qui
404 905 502 940 non
528 892 767 950 omnibuS,
792 894 884 940 sed
906 894 977 940 eis
1002 897 1195 940 tantum
1220 894 1308 952 qui
1330 894 1471 953 apud
1493 893 1766 940 catholicos

114 971 231 1014 sunt
269 968 458 1025 renati,
509 967 707 1014 etiamsi
736 971 914 1026 postea
954 968 1005 1014 in
1045 968 1200 1014 multa
1241 968 1458 1014 erimina
1499 979 1724 1014 errores-

301 1041 397 1100 que
429 1041 778 1101 proruperint,
821 1041 1187 1100 indulgentiam
1221 1042 1541 1101 pollicentur.

226 1141 348 1190 Item
388 1148 525 1208 sunt,
572 1143 656 1205 qui
702 1141 795 1190 hoc
843 1157 934 1190 nec
985 1141 1212 1191 omnibus
1252 1141 1546 1190 habentibus
1586 1141 1765 1206 baptis-

79 1217 223 1266 matis
264 1215 449 1264 Christi
489 1222 538 1264 et
577 1217 683 1264 eius
724 1217 947 1280 corporis
987 1223 1365 1280 sacramentum,
1406 1215 1491 1264 sed
1532 1215 1648 1264 solis
1689 1230 1764 1264 ca-

78 1290 274 1340 tholicis
306 1291 528 1353 quamvis
561 1289 684 1337 male
719 1288 996 1338 viventibus
1026 1289 1338 1355 pollicentur,
1378 1291 1490 1353 quia
1523 1304 1621 1337 non
1662 1288 1764 1338 solo

81 1370 403 1428 sacramente,
444 1362 530 1411 sed
563 1379 617 1411 re
656 1365 760 1427 ipsa
802 1363 1223 1412 manducaverunt
1263 1379 1443 1427 corpus
1477 1362 1675 1428 Christi,
1715 1364 1766 1411 in

78 1439 187 1503 ipso
221 1439 328 1486 eius
361 1452 569 1501 corpore
602 1439 872 1503 constituti,
913 1437 972 1486 de
1015 1452 1111 1501 quo
1153 1438 1271 1486 dicit
1310 1436 1583 1501 apostolus:
1632 1437 1766 1486 Unus

73 1514 252 1576 ραηὶε,
298 1525 453 1560 unum
501 1525 686 1573 eorpus
725 1514 869 1560 multi
904 1526 1103 1568 sumus;
1154 1518 1234 1577 ut,
1274 1512 1465 1559 etiamsi
1504 1517 1674 1575 postea
1714 1512 1765 1558 in

79 1585 290 1649 aliquam
336 1585 582 1633 haeresim
627 1584 703 1633 vel
749 1586 897 1633 etiam
943 1587 995 1633 in
1034 1584 1290 1649 gentilium
1330 1584 1605 1633 idolatriam
1643 1583 1766 1648 lapsi

78 1660 285 1718 fuerint,
325 1664 516 1707 tantum
558 1659 671 1721 quia
709 1659 758 1706 in
800 1673 1008 1722 corpore
1050 1657 1253 1723 Christi,
1306 1658 1353 1706 id
1395 1664 1471 1707 est
1509 1659 1560 1706 in
1601 1657 1764 1707 catho-

78 1732 172 1781 lica
212 1731 439 1796 ecclesia,
488 1739 808 1795 sumpserunt
853 1731 1151 1796 baptismum
1192 1731 1376 1780 Christi
1416 1737 1464 1780 et
1503 1730 1764 1780 manduca-

79 1811 258 1854 verunt
304 1820 485 1870 corpus
534 1804 741 1870 Christi,
797 1820 894 1853 non
943 1807 1217 1854 moriantur
1256 1807 1304 1853 in
1346 1811 1625 1871 aeternum,
1680 1803 1765 1853 sed

77 1881 227 1928 vitam
267 1879 560 1943 quandoque
593 1885 960 1942 consequantur
992 1886 1263 1945 aeternam3
1304 1885 1449 1942 atque
1489 1878 1568 1926 illa
1608 1879 1766 1927 omnis

78 1955 328 2018 impietas,
376 1959 558 2016 quanto
598 1954 753 2000 maior
793 1953 966 2018 suerit,
1014 1968 1112 2001 non
1152 1954 1224 2001 eis
1264 1952 1419 2000 valeat
1458 1952 1516 2000 ad
1557 1953 1765 2001 aeterni-

79 2033 243 2092 tatem,
284 2026 370 2074 sed
410 2026 469 2075 ad
509 2025 885 2075 diuturnitatem
925 2026 1410 2090 magnitudinemque
1450 2040 1734 2090 poenarumv

733 2153 931 2208 CAPUT
972 2155 1116 2207 XXI.

81 2249 159 2296 De
196 2249 287 2307 his,
327 2250 417 2308 qui
446 2263 541 2309 θος,
581 2251 670 2309 qui
694 2253 997 2309 permanent
1035 2250 1086 2295 in
1126 2249 1379 2296 catholiea
1414 2248 1532 2307 fide,
1573 2248 1772 2295 etiamsi

75 2324 291 2384 pessime
322 2324 546 2370 vixerint
584 2327 632 2370 et
670 2323 729 2370 ob
770 2323 865 2370 hoc
896 2323 985 2369 uri
1021 2323 1315 2381 meruerint,
1357 2326 1523 2369 tamen
1554 2324 1769 2384 propter

274 2397 402 2454 fidei
433 2394 821 2456 fundamentum
860 2397 1130 2443 salvandos
1169 2409 1275 2443 esse
1315 2396 1573 2453 definiunt.

232 2496 359 2544 Sunt
399 2504 576 2562 autem,
617 2499 701 2561 qui
740 2503 944 2562 propter
983 2497 1032 2545 id
1074 2496 1205 2560 quod
1246 2498 1484 2560 scriptum
1526 2501 1622 2543 est:
1670 2496 1770 2553 Qut

0 2616 1 2624 ,
76 2573 482 2632 perseveraverit
528 2586 684 2632 usque
724 2573 775 2619 in
810 2574 983 2630 finem,
1031 2572 1114 2619 hie
1153 2573 1320 2619 salvus
1361 2571 1479 2629 erit,
1532 2583 1631 2616 non
1671 2569 1766 2616 nisi

202 2684 245 2737 5)
279 2682 341 2726 10.
376 2687 416 2736 s,
451 2686 505 2725 50
539 2696 603 2737 sq.
671 2683 743 2737 17)
780 2687 817 2725 1.
852 2682 953 2726 Cor.
989 2687 1055 2737 10,
1093 2686 1159 2725 17.
1223 2682 1298 2736 30)
1331 2680 1413 2725 Mt.
1446 2684 1518 2735 24,
1554 2685 1622 2724 13.

205 2819 258 2857 14
291 2814 440 2858 solum
472 2813 517 2857 R
555 2814 630 2868 (ef.
665 2828 698 2858 c.
732 2817 817 2869 25)
840 2815 855 2870 ΙΙ
881 2819 934 2858 18
967 2813 1232 2858 idolatriam
1264 2812 1378 2857 R¹A
1408 2818 1450 2858 et
1478 2814 1544 2858 sic
1567 2814 1767 2869 plerum-

80 2886 190 2930 que5
220 2873 535 2917 idololatriam
567 2887 592 2916 v

1801 974 1854 1012 10

1801 1370 1853 1409 15

1799 1739 1854 1778 20

1802 2165 1856 2204 25

1800 2578 1855 2617 30
