2054 3152
159 977 213 1018 10

157 1447 210 1486 15

156 1843 211 1883 20

155 2209 211 2250 25

156 2579 212 2618 30

242 184 314 236 94
925 192 960 226 s.
986 191 1261 227 AUGUSTINI
1303 210 1306 213 -

246 308 396 357 tionis
447 306 630 356 evadat.
708 304 886 354 Utrum
933 311 1096 354 autem
1144 303 1340 369 aliquod
1389 305 1564 371 suerit,
1608 303 1685 353 vel
1733 305 1775 354 si
1825 305 1937 370 ruit,

245 381 387 445 quale
419 381 570 429 fuerit
603 378 856 444 corporale
890 384 1036 443 atque
1079 377 1266 427 visibile
1305 379 1694 443 regenerationis
1735 379 1930 443 signum

245 461 356 503 ante
404 453 664 518 diluvium,
711 453 841 501 sicut
878 451 1100 502 Abrahae
1148 453 1459 501 circumcisio
1506 458 1678 516 postea
1728 458 1804 501 est
1842 453 1930 501 im·

242 535 426 593 perata,
467 541 606 575 sacra
635 526 843 575 historia
874 532 1016 575 tacet.
1096 525 1408 575 Sacrificasse
1447 531 1611 574 tamen
1644 525 1744 574 Deo
1785 527 1931 574 etiam

244 600 354 650 illos
393 601 762 665 antiquissimos
793 599 1019 649 homines
1059 615 1157 648 non
1198 606 1347 665 tacet3
1389 599 1518 663 quod
1558 606 1608 648 et
1646 600 1697 647 in
1736 598 1938 648 duobus

243 676 418 739 primis
464 673 700 723 fratribus
747 673 944 739 claruit,
999 679 1048 722 et
1095 672 1197 721 Noe
1246 680 1358 737 post
1404 672 1663 737 diluvium,
1718 687 1830 721 cum
1870 672 1931 721 de

245 763 357 797 arca
396 748 572 798 fuisset
611 762 868 811 egressus,
907 746 1093 796 hostias
1131 746 1232 795 Deo
1272 746 1453 810 legitur
1491 746 1783 795 immolasse.
1861 745 1935 794 De

245 837 341 886 qua
372 837 427 870 re
458 824 509 871 in
540 819 952 886 praecedentibus
986 819 1126 869 libris
1157 822 1255 868 iam
1293 819 1520 885 diximuS,
1559 834 1658 868 non
1697 818 1760 868 ob
1800 819 1931 868 aliud

245 895 509 944 daemones
563 901 849 958 arrogantes
905 893 998 942 sibi
1059 892 1365 942 divinitatem
1418 893 1636 957 deosque
1691 908 1742 941 se
1795 893 1931 942 credi

245 970 502 1033 cupientes
535 967 627 1016 sibi
661 974 892 1032 expetere
933 967 1228 1016 sacrificium
1269 973 1319 1015 et
1358 966 1571 1030 gaudere
1610 966 1759 1015 huius
1799 965 1931 1014 modi

243 1041 537 1108 honoribUS,
584 1042 683 1091 nisi
731 1042 845 1105 quia
891 1055 1063 1089 verum
1110 1041 1405 1090 sacrificium
1454 1055 1570 1089 vero
1610 1039 1711 1089 Deo
1763 1039 1934 1088 deberi

244 1117 421 1165 sciunt.

892 1256 1084 1311 CAPUT
1115 1256 1288 1310 XVII.

282 1365 358 1414 De
398 1366 591 1414 duobus
631 1380 697 1414 ex
736 1379 835 1414 uno
871 1367 1104 1427 §emtore
1136 1366 1428 1426 procreatis
1459 1365 1698 1427 patribus
1737 1370 1889 1425 atque

916 1439 1250 1500 principibus.

393 1540 514 1590 Cum
565 1556 682 1606 ergo
729 1548 861 1590 esset
906 1541 1058 1590 Adam
1106 1542 1367 1605 utriusque
1418 1542 1614 1605 generis
1664 1546 1826 1605 pater,
1876 1539 1926 1588 id

244 1622 320 1664 est
360 1622 409 1665 et
455 1616 597 1664 cuius
637 1617 792 1663 series
832 1615 890 1663 ad
938 1622 1209 1681 terrenam,
1257 1621 1307 1663 et
1346 1616 1488 1664 cuius
1528 1615 1684 1663 series
1723 1613 1782 1662 ad
1823 1628 1930 1662 cae·

243 1687 418 1737 lestem
448 1690 665 1753 pertinet
697 1690 959 1754 civitatem,
997 1690 1162 1737 occiso
1194 1687 1315 1737 Abel
1354 1695 1500 1752 atque
1539 1689 1591 1736 in
1631 1689 1738 1736 eius
1777 1688 1927 1736 inter-

244 1762 455 1811 fectione
505 1761 844 1810 commendato
892 1761 1102 1811 mirabili
1150 1768 1456 1811 sacramento
1508 1761 1623 1810 facti
1671 1767 1787 1810 sunt
1833 1759 1931 1809 duo

242 1843 409 1900 patres
464 1835 771 1900 singulorum
830 1851 1095 1902 generum,
1151 1835 1269 1885 Cain
1325 1843 1375 1885 et
1423 1834 1568 1902 Seth,
1620 1836 1671 1884 in
1721 1849 1932 1899 quorum

243 1908 370 1976 filiis,
410 1924 534 1973 quos
582 1911 953 1958 commemorari
995 1908 1275 1975 oportebat,
1324 1909 1534 1958 duarum
1572 1910 1778 1958 istarum
1818 1909 1932 1956 civi·

243 1989 399 2031 tatum
438 1985 489 2032 in
528 1998 710 2047 genere
743 1983 1023 2032 mortalium
1063 1983 1337 2032 evidentius
1376 1983 1554 2031 indicia
1594 1981 1781 2029 clarere
1821 1995 1931 2029 coe-

242 2063 438 2120 perunt.
531 2055 648 2104 Cain
705 2058 886 2121 quippe
941 2058 1113 2120 genuit
1166 2055 1367 2122 Enoch,
1428 2057 1477 2104 in
1534 2057 1677 2104 cuius
1731 2055 1929 2103 nomine

244 2129 463 2178 condidit
494 2131 756 2195 civitatem,
796 2136 1043 2178 terrenam
1076 2129 1279 2195 scilicet,
1318 2144 1416 2177 non
1449 2130 1849 2193 peregrinantem
1880 2128 1931 2176 in

243 2202 338 2252 hoc
377 2201 577 2268 mundo,
617 2202 702 2251 sed
735 2204 785 2250 in
826 2204 932 2252 eius
971 2202 1229 2267 temporali
1267 2218 1387 2267 pace
1428 2217 1483 2251 ac
1524 2201 1754 2250 felicitate
1796 2202 1931 2265 quie-

245 2282 479 2325 scentem.
543 2275 661 2324 Cain
694 2283 858 2325 autem
890 2278 1247 2340 interpretatur
1278 2277 1549 2341 possessi03
1580 2275 1710 2324 unde
1743 2274 1930 2323 dictum

245 2356 341 2415 est,
397 2349 591 2413 quando
639 2355 782 2398 natus
829 2357 927 2415 est,
974 2351 1075 2398 sive
1124 2365 1149 2397 a
1195 2357 1334 2414 patre
1383 2352 1483 2398 sive
1531 2364 1558 2397 a
1605 2356 1760 2397 matre
1800 2349 1928 2397 eius:

244 2425 511 2484 Adquisivz'
562 2425 807 2472 hominem
858 2439 955 2485 per
1010 2425 1182 2472 Deum.
1268 2422 1439 2472 Enoch
1494 2437 1609 2471 vero
1664 2420 1928 2486 dedicati03

244 2496 325 2546 hic
365 2498 496 2545 enim
536 2496 792 2545 dedicatur
825 2504 1020 2546 terrena
1063 2499 1247 2563 eivitaS,
1288 2496 1372 2546 ubi
1411 2495 1654 2561 conditur,
1693 2496 1926 2558 quoniam

245 2569 324 2618 hic
371 2569 519 2618 habet
565 2585 702 2636 eum,
749 2585 896 2634 quem
946 2570 1157 2619 intendit
1196 2578 1245 2620 et
1284 2572 1490 2636 appetit,
1535 2569 1696 2616 finem.
1773 2567 1930 2616 Porro

244 2643 324 2691 ille
366 2643 485 2692 Seth
531 2645 888 2708 interpretatur
934 2646 1235 2693 resurrectio
1284 2651 1333 2693 et
1370 2643 1504 2692 Enos
1543 2641 1671 2690 filius
1711 2642 1818 2689 eius
1856 2642 1930 2688 in·

245 2723 548 2781 terpretatur
579 2716 751 2783 hom03
788 2732 886 2766 non
920 2719 1048 2766 sicut
1071 2717 1237 2767 Adam.
1299 2716 1362 2766 Et
1392 2719 1555 2781 ipsum
1588 2716 1718 2763 enim
1750 2728 1930 2762 nomen

246 2790 391 2838 homo
431 2793 816 2858 interpretatur3
857 2791 942 2840 sed
982 2806 1242 2841 commune
1282 2789 1573 2855 perhibetur
1612 2803 1720 2836 esse
1760 2789 1811 2835 in
1851 2785 1931 2834 illa

367 2918 409 2974 7)
442 2918 553 2963 Gen.
587 2923 629 2975 8,
661 2922 730 2963 20.
794 2919 868 2972 28)
902 2917 1013 2963 Gen.
1046 2922 1087 2973 4,
1123 2923 1158 2960 1.
