2004 3140
589 128 655 160 DE
680 126 918 160 clvirATE
942 127 1031 160 DEI
1055 127 1097 161 L.
1124 128 1206 161 XX.
1231 128 1268 162 c.
1293 130 1346 162 19.
1703 119 1811 172 451

133 243 328 293 videtur
367 242 638 308 occultum3
677 242 867 292 hortari
907 250 1071 291 autem
1111 244 1387 308 apostolum
1426 244 1617 311 fideleS,
1667 253 1723 295 ut
1761 247 1812 294 in

132 317 225 367 fide
266 332 412 382 quam
452 323 622 366 tenent
662 319 902 366 tenaciter
940 325 1284 385 perseverent,
1325 318 1554 368 dicendo:
1602 320 1813 369 Tantum

129 396 218 454 qui
265 393 407 441 modo
456 398 590 441 tenet
636 397 828 453 teneat,
885 394 1044 441 donee
1092 394 1153 441 de
1201 395 1363 443 medio
1405 396 1521 454 siat,
1578 394 1671 443 hoc
1721 400 1811 460 est,

128 467 283 515 donec
308 471 450 514 exeat
481 464 541 514 de
567 465 728 514 medio
762 465 996 514 ecclesiae
1030 468 1320 530 mysterium
1351 469 1639 534 iniquitatiS,
1680 468 1811 532 quod

127 555 258 590 nunc
299 538 546 588 occultum
581 547 668 588 est.
746 539 817 588 Ad
858 541 1021 604 ipsum
1060 542 1190 589 enim
1230 542 1519 605 mysterium
1557 544 1810 606 pertinere
1844 552 1870 594 5

127 613 445 681 arbitrantur,
487 614 616 678 quod
649 615 716 662 ait
750 615 801 662 in
835 613 1043 678 epistula
1083 629 1172 663 sua
1210 613 1453 663 Iohannes
1494 615 1812 679 evangelista:

125 689 302 754 Pueri,
341 691 609 738 novissima
649 690 778 738 hora
819 694 918 746 est;
966 694 1015 736 et
1050 691 1184 738 sieut
1222 690 1457 750 audistis‘,
1499 691 1635 750 quod
1670 690 1810 738 Anti-

124 765 344 813 christus
380 766 447 812 sit
484 769 739 825 venturus,
779 777 916 812 nune
955 768 1122 812 autem
1161 763 1467 812 Antichristi
1503 766 1647 812 malti
1679 763 1815 825 faeti

123 843 267 896 sunt;
319 839 455 886 unde
509 840 856 898 eoqnoseimus
901 838 1038 898 quoa
1082 839 1350 887 novissima
1396 840 1463 886 sit
1507 839 1650 890 hora.
1728 839 1811 886 Ex

123 913 266 960 nobis
305 913 571 969 exierunt;
621 913 713 961 sed
749 925 849 960 non
889 916 1039 960 erant
1076 926 1142 960 ex
1180 913 1335 960 nobis.
1423 912 1569 970 Quod
1603 915 1649 961 si
1679 911 1807 974 fais-
1843 923 1898 964 10

122 992 234 1034 sent
285 1001 351 1035 ex
404 986 573 1052 nobis,
624 987 1023 1048 permansissent
1079 988 1250 1046 utique
1304 987 1575 1035 nobiscum.
1671 985 1811 1035 Sicut

124 1074 240 1124 ergo
289 1065 401 1108 ante
448 1059 596 1108 finem
643 1061 695 1108 in
742 1059 833 1108 hac
872 1058 1015 1124 hora,
1061 1060 1322 1124 inquiunt,
1381 1074 1527 1123 quam
1566 1059 1809 1109 Iohannes

123 1135 436 1182 novissimam
470 1133 603 1198 dicit,
643 1135 872 1182 exierunt
903 1132 1045 1181 multi
1081 1132 1318 1182 haeretici
1351 1133 1410 1182 de
1451 1132 1612 1182 medio
1654 1133 1808 1183 eccle-

123 1209 236 1269 siae,
278 1222 402 1270 quos
441 1206 623 1255 multos
663 1207 784 1256 dicit
823 1205 1175 1256 Antichristus:
1215 1209 1283 1255 ita
1323 1222 1495 1256 omnes
1536 1214 1654 1256 tunc
1694 1206 1808 1256 inde

121 1281 350 1347 exibunt,
400 1282 485 1344 qui
523 1296 623 1329 non
663 1281 722 1330 ad
763 1280 1039 1348 Christum,
1081 1280 1166 1329 sed
1207 1281 1266 1329 ad
1306 1280 1445 1330 illum
1485 1282 1806 1331 novissimum
1839 1291 1894 1331 15

118 1354 477 1404 Antichristum
514 1354 851 1419 pertinebunt,
890 1362 940 1403 et
978 1362 1097 1404 tunc
1137 1354 1450 1404 revelabitur.

269 1428 406 1478 Alius
439 1443 557 1493 ergo
590 1430 677 1495 sic,
716 1429 839 1478 alius
873 1436 1039 1478 autem
1071 1430 1141 1477 sic
1174 1429 1385 1494 apostoli
1417 1429 1629 1479 obscura
1661 1429 1810 1478 verba

120 1505 386 1568 coniectat3
426 1502 557 1566 quod
598 1510 762 1552 tamen
803 1518 916 1552 eum
956 1503 1139 1552 dixisse
1181 1518 1283 1551 non
1325 1503 1531 1553 dubium
1572 1510 1668 1552 est:
1707 1518 1808 1552 non

120 1578 283 1626 veniet
315 1577 375 1626 ad
407 1578 542 1625 vivos
574 1584 623 1626 et
655 1583 879 1626 mortuos
917 1576 1207 1626 iudicandos
1251 1576 1494 1644 ChristUS,
1533 1579 1628 1626 nisi
1666 1579 1807 1642 prius

117 1652 308 1699 venerit
347 1650 405 1699 ad
447 1650 755 1699 seducendos
794 1652 846 1699 in
885 1652 1046 1700 anima
1084 1658 1307 1700 mortuos
1348 1651 1656 1700 adversarius
1697 1653 1803 1700 eius
1837 1661 1894 1702 20

118 1723 475 1790 Antichristus3
515 1727 737 1788 quamvis
770 1724 829 1772 ad
862 1723 1112 1773 occultum
1151 1726 1248 1774 iam
1288 1725 1528 1774 iudicium
1566 1724 1655 1773 Dei
1695 1740 1806 1789 per-

118 1800 293 1865 tineat,
344 1798 475 1862 quod
515 1797 575 1846 ab
614 1797 697 1846 illo
738 1797 1054 1846 seducentur.
1133 1799 1436 1849 Praesentia
1477 1799 1657 1862 quippe
1699 1802 1808 1848 eius

117 1875 230 1932 erit,
271 1873 400 1921 sicut
439 1871 626 1920 dictum
667 1877 764 1937 est,
803 1873 1079 1921 seeundum
1120 1875 1463 1934 operation-em
1501 1879 1715 1922 satanae
1755 1875 1808 1921 in

118 1948 253 1995 omni
289 1948 475 1994 virtute
521 1953 570 1995 et
613 1948 773 2007 siqnis
819 1952 869 1995 et
908 1947 1161 2007 prodiyiis
1200 1948 1458 1995 mendacii
1495 1952 1543 1994 et
1582 1948 1634 1994 in
1674 1949 1810 1995 omni

117 2021 408 2069 seductione
459 2021 741 2079 iniquitatis
779 2020 878 2080 his,
930 2022 1019 2080 qui
1050 2025 1280 2081 pereant.
1359 2019 1499 2068 Tunc
1541 2021 1671 2068 enim
1711 2019 1803 2068 sol-
1838 2028 1893 2070 25

119 2099 263 2141 vetur
304 2098 495 2141 satanas
536 2099 586 2141 et
615 2107 706 2157 per
745 2092 883 2142 illum
916 2093 1276 2142 Antichristum
1317 2095 1368 2142 in
1409 2095 1542 2141 omni
1583 2109 1670 2142 sua
1710 2095 1804 2142 vir-

117 2172 222 2214 tute
255 2165 546 2215 mirabiliter
578 2166 792 2233 quidem,
833 2166 918 2215 sed
951 2167 1255 2216 mendaciter
1297 2165 1595 2232 operabitur.
1668 2167 1803 2225 Quae

118 2239 242 2288 solet
281 2238 460 2308 ambigi
499 2246 667 2289 utrum
706 2246 971 2305 propterea
1009 2240 1137 2290 dicta
1177 2242 1276 2290 sint
1317 2243 1454 2305 signa
1495 2247 1544 2289 et
1581 2241 1805 2306 prodigia

117 2312 382 2379 mendacii,
430 2316 661 2378 quoniam
708 2314 942 2363 mortales
996 2329 1171 2363 sensus
1210 2329 1302 2379 per
1341 2314 1680 2379 phantasmata
1721 2314 1802 2363 de-

117 2393 354 2450 cepturus
394 2394 490 2452 est,
531 2394 587 2436 ut
626 2387 757 2451 quod
797 2402 896 2436 non
938 2387 1052 2436 facit
1092 2388 1253 2437 facere
1295 2388 1546 2453 videatur,
1586 2403 1647 2436 an
1688 2389 1802 2452 quia
1833 2397 1890 2438 30

117 2458 198 2506 illa
234 2461 356 2526 ipsa,
396 2462 586 2509 etiamsi
626 2468 774 2510 erunt
811 2476 926 2509 vera
965 2460 1201 2528 prodigia,
1241 2461 1302 2509 ad
1343 2461 1652 2510 mendacium
1691 2453 1802 2525 per·

119 2531 316 2581 trahent
371 2533 648 2583 credituros
703 2549 803 2583 non
858 2549 914 2582 ea
966 2536 1188 2599 potuisse
1245 2536 1340 2582 nisi
1397 2534 1628 2583 divinitus
1680 2535 1802 2599 fieri,

118 2606 351 2653 virtutem
383 2605 562 2655 diaboli
594 2609 897 2673 nescientes3
937 2607 1374 2678 maxime-quando
1408 2614 1609 2674 tantam,
1649 2622 1801 2671 quan-

239 2716 311 2772 11)
346 2722 383 2760 1.
417 2716 480 2762 Io.
515 2723 556 2774 2,
592 2723 644 2762 18
677 2733 741 2773 sq.

241 2867 293 2906 18
328 2862 560 2908 coniectat
590 2863 660 2918 R,·
693 2863 957 2909 conjectant
989 2867 1060 2908 Av
