2054 3152
175 991 227 1029 10

175 1355 227 1394 15

172 1721 229 1760 20

177 2261 232 2300 25

259 198 331 250 34
935 209 965 240 8.
992 207 1267 241 AUGUSTINI

262 321 459 387 sufficit,
499 320 677 369 deficit.
755 319 879 369 Illud
919 322 1084 384 itaque
1125 319 1320 386 malum,
1361 334 1474 386 quo,
1514 334 1625 369 cum
1667 318 1760 368 sibi
1799 319 1951 368 homo

259 394 433 460 placet,
475 401 721 458 tamquam
755 396 818 442 sit
850 401 899 442 et
930 395 1034 458 ipse
1067 393 1248 459 lumen,
1288 394 1527 442 avertitur
1559 392 1618 442 ab
1653 408 1710 442 eo
1742 393 1948 461 lumine,

261 467 389 531 quod
425 469 468 516 ei
502 469 541 516 si
573 467 761 531 placeat
785 473 834 515 et
857 469 961 532 ipse
987 467 1040 516 fit
1064 465 1230 516 lumen
1260 493 1322 499 —
1349 465 1484 532 illud,
1515 468 1729 533 inquam,
1761 466 1947 516 malum

260 542 532 605 praecessit
570 542 621 589 in
662 540 841 607 abdito,
880 547 936 589 ut
960 547 1271 604 sequeretur
1309 539 1402 588 hoc
1443 539 1624 589 malum
1664 541 1794 604 quod
1834 556 1946 605 per·

260 620 508 678 petratum
548 621 623 663 est
670 616 720 663 in
769 620 953 679 aperto,
1030 613 1210 663 Verum
1251 619 1326 662 est
1366 615 1496 662 enim
1536 613 1666 677 quod
1707 615 1948 678 scriptum

262 694 359 737 est:
398 689 528 736 Ante
558 690 762 736 ruinam
794 690 1056 737 exaltatur
1087 702 1178 736 eor
1217 693 1266 735 et
1304 692 1422 735 ante
1457 690 1676 748 gloriam
1715 689 1948 736 humilia·

262 768 360 810 tur.
437 760 522 809 Illa
569 776 776 825 prorsus
827 762 991 827 ruina,
1047 776 1170 825 quae
1218 760 1272 808 fit
1318 762 1368 808 in
1424 760 1641 827 occulto,
1694 760 1950 825 praecedit

261 836 474 901 ruinam,
531 849 655 898 quae
703 835 756 883 fit
801 836 851 883 in
905 835 1187 900 manifestO,
1241 832 1357 882 dum
1397 832 1478 881 illa
1515 835 1660 882 ruina
1699 849 1808 883 esse
1847 849 1947 882 non

261 914 476 971 putatur.
556 907 677 964 Quis
716 909 847 956 enim
888 907 1231 956 exaltationem
1270 908 1464 954 ruinam
1503 913 1658 973 putat,
1697 922 1809 956 cum
1850 909 1946 955 iam

260 979 328 1028 ibi
369 982 432 1029 sit
479 980 724 1046 defectuS,
773 995 868 1044 quo
919 987 995 1029 est
1032 980 1237 1029 relictus
1275 976 1552 1028 Excelsus‘?
1614 979 1735 1037 Quis
1783 988 1949 1030 autem-

259 1055 450 1101 ruinam
487 1068 595 1101 esse
627 1068 723 1101 non
765 1053 940 1119 videat,
980 1053 1174 1117 quando
1214 1053 1268 1100 fit
1306 1052 1521 1101 mandati
1560 1052 1760 1102 evidens
1800 1060 1947 1117 atque

259 1125 533 1175 indubitata
564 1123 931 1191 transgressio?
978 1125 1190 1191 Propter
1227 1125 1320 1174 hoc
1354 1124 1484 1174 Deus
1522 1126 1642 1174 illud
1681 1126 1954 1193 prohibuit,

261 1199 391 1263 quod
432 1215 544 1248 cum
585 1206 717 1248 esset
757 1199 1047 1266 admissum,
1094 1199 1226 1249 nulla
1273 1198 1471 1247 defendi
1508 1206 1678 1263 posset
1716 1202 1947 1264 imagina-

262 1274 394 1320 tione
441 1274 671 1322 iustitiae.
748 1272 811 1322 Et
857 1273 1012 1322 audeo
1060 1273 1225 1322 dicere
1275 1270 1502 1336 superbis
1552 1287 1659 1321 esse
1710 1273 1828 1322 utile
1870 1289 1947 1322 ca·

261 1345 376 1393 dere
424 1347 474 1393 in
527 1345 721 1409 aliquod
773 1352 998 1410 apertum
1039 1347 1451 1409 manifestumque
1490 1353 1775 1414 peccatum,
1816 1346 1950 1395 unde

261 1417 354 1466 sibi
394 1417 703 1484 displiceant,
752 1421 836 1483 qui
882 1421 977 1467 iam
1027 1419 1119 1468 sibi
1157 1418 1394 1484 placendo
1436 1419 1729 1469 ceciderant.
1768 1452 1772 1453 ν
1810 1419 1948 1469 Salu-

260 1490 398 1540 brius
431 1493 561 1540 enim
594 1491 772 1540 Petrus
805 1491 899 1540 sihi
938 1492 1203 1559 displicuit,
1244 1492 1437 1556 quando
1477 1491 1624 1559 flevit,
1665 1508 1810 1557 quam
1852 1493 1946 1542 sihi

259 1563 457 1631 placuit,
497 1564 691 1628 quando
724 1568 1070 1630 praesumpsit.
1133 1566 1236 1614 Hoc
1277 1565 1396 1613 dicit
1435 1572 1484 1614 et
1523 1580 1661 1615 sacer
1700 1567 1950 1631 psalmus:

263 1638 419 1700 Imple
452 1638 619 1699 facies
659 1653 832 1687 eorum
873 1641 1165 1704 iqnomz'm‘a,
1205 1646 1255 1689 et
1290 1646 1539 1700 quaerent
1577 1654 1753 1689 nomen
1795 1647 1950 1707 tuum,

262 1712 498 1773 Domine,
553 1712 603 1760 id
658 1719 756 1777 est,
811 1718 866 1760 ut
911 1719 965 1761 tu
1014 1715 1083 1762 eis
1130 1713 1322 1777 placeas
1376 1712 1728 1776 quaerentibus
1768 1729 1970 1763 nomen.

262 1792 418 1851 tuum,
461 1786 543 1849 qui
584 1784 675 1833 sibi
716 1785 1001 1848 placuerant
1043 1785 1324 1850 quaerendo
1366 1801 1525 1834 suum.

914 1971 1108 2024 CAPUT
1147 1971 1293 2024 XIV.

263 2077 339 2125 De
370 2078 609 2138 superbia
643 2079 1051 2138 transyressort'S,
1091 2092 1222 2137 quae
1261 2080 1370 2139 ipsa
1397 2077 1502 2138 fuit
1539 2082 1946 2139 transqressz‘one

983 2152 1220 2199 deterior.

419 2251 514 2299 Sed
556 2258 630 2300 est
668 2253 808 2315 peior
840 2251 1258 2315 damnabiliorque
1300 2251 1543 2319 superbia,
1583 2269 1677 2317 qua
1711 2256 1855 2304 etiam
1896 2258 1948 2304 in

264 2327 478 2388 peccatis
512 2325 782 2373 manifestis
814 2326 1081 2389 suffugium
1121 2327 1450 2374 excusationis
1490 2328 1778 2394 inquiritur3
1819 2330 1948 2378 sicut

261 2396 330 2444 illi
370 2399 518 2461 primi
558 2397 796 2463 homineS,
837 2413 1048 2462 quorum
1089 2405 1138 2447 et
1176 2397 1255 2446 illa
1296 2398 1438 2447 dixit:
1488 2401 1705 2462 Serpens
1743 2404 1949 2452 seduxit

264 2485 353 2531 me,
410 2478 457 2519 et
506 2473 831 2531 manducavi,
889 2478 938 2519 et
983 2471 1063 2519 ille
1112 2471 1255 2520 dixit:
1309 2473 1518 2535 Mulier,
1574 2489 1723 2534 quam
1765 2477 1951 2525 dedisti

262 2557 477 2604 meeum,
525 2546 652 2593 haec
698 2546 823 2593 mihi
861 2546 998 2593 dedit
1037 2559 1068 2593 a
1109 2547 1266 2606 liquo,
1316 2552 1364 2594 et
1402 2548 1495 2595 edi.
1573 2546 1824 2611 Nusquam
1866 2548 1944 2596 hic

384 2673 448 2766 7)
458 2670 591 2714 Prov
619 2674 687 2726 18,
723 2676 789 2714 12.
857 2674 927 2726 18)
959 2671 1039 2714 Mt.
1073 2677 1143 2727 26,
1178 2676 1254 2726 333
1290 2677 1357 2716 75.
1421 2674 1496 2728 20)
1526 2673 1597 2718 Ps.
1630 2677 1701 2730 82,
1737 2679 1803 2717 17.

383 2807 435 2845 1ss
471 2762 734 2846 ceciderunt
766 2803 815 2845 Ι
849 2806 864 2859 {l
905 2808 957 2846 19
991 2805 1216 2858 quaerant
1246 2804 1290 2846 A
1328 2806 1343 2860 Η
1382 2810 1434 2848 21
1469 2805 1745 2861 placuerunt
1774 2819 1800 2848 v
1838 2809 1854 2862 ΙΙ
1890 2811 1944 2850 23

259 2862 517 2916 tiansgress
499 2860 613 2904 soris
656 2861 697 2904 V
725 2864 823 2915 (32,
857 2866 956 2917 16;)
1011 2863 1389 2917 transgressionis
1421 2878 1446 2907 v
1493 2866 1509 2919 ll
1555 2868 1609 2907 29
1657 2877 1836 2907 mecum
1879 2865 1946 2908 Vv

260 2921 355 2973 (.,3()
387 2895 493 2974 ²2³3&
524 2919 638 2962 mihi
671 2920 766 2962 AI*
