2004 3140
118 925 171 965 10

118 1295 171 1335 15

117 1857 173 1897 20

119 2224 174 2264 25

205 125 313 179 630
877 137 913 170 s,
937 137 1211 172 AUGUSTENI

206 252 363 302 Deum
411 254 574 301 omnia
621 258 875 316 regentem
926 252 1072 300 etiam
1128 267 1218 316 per
1269 267 1476 317 corpora
1529 252 1888 304 contuebimur.

205 327 302 375 Aut
349 340 466 389 ergo
516 327 586 375 sic
633 341 723 390 per
761 325 871 374 illos
911 324 1080 374 oculos
1118 325 1366 375 videbitur
1405 325 1538 376 Deus
1548 366 1562 393 ,
1612 334 1668 376 ut
1707 327 1890 392 aliquid

204 400 417 449 habeant
461 402 512 448 in
558 406 693 449 tanta
739 399 1027 448 excellentia
1074 401 1228 448 menti
1275 400 1455 466 simile,
1503 416 1600 465 quo
1642 409 1690 450 et
1727 403 1890 450 incor-

204 489 356 538 porea
387 481 563 522 natura
595 481 842 540 cernatur,
884 472 1014 538 quod
1054 473 1166 522 ullis
1206 473 1441 538 exemplis
1481 476 1581 524 sive
1623 477 1889 540 scriptura-

206 563 318 597 rum
356 549 652 597 testimoniis
700 548 975 597 divinarum
1021 546 1099 596 vel
1137 547 1335 597 difficile
1376 554 1451 597 est
1489 548 1567 597 vel
1605 548 1889 613 inpossibile

204 622 496 687 ostendere3
552 629 660 688 aut,
716 620 847 686 quod
894 628 970 670 est
1017 621 1076 670 ad
1127 621 1511 687 intellegendum
1558 622 1774 688 faciliUS,
1825 625 1892 672 ita

205 695 337 745 Deus
377 695 519 744 nobis
560 698 654 745 erit
701 702 849 744 notus
889 702 1036 759 atque
1076 697 1399 762 conspicuus,
1439 702 1494 745 ut
1533 695 1755 746 videatur
1795 699 1891 761 spi-

205 771 306 819 ritu
345 785 371 818 a
412 770 618 834 singulis
658 769 800 818 nobis
839 771 890 818 in
931 769 1137 834 singulis
1177 769 1335 836 nobiS,
1375 769 1598 819 videatur
1638 769 1698 819 ab
1738 770 1891 819 altero
1954 768 1955 771 ’

204 845 255 892 in
295 843 470 909 altero,
517 843 742 893 videatur
779 845 831 892 in
872 858 924 892 se
963 845 1095 910 ipso,
1133 843 1359 893 videatur
1405 845 1455 893 in
1504 843 1637 893 caelo
1678 859 1802 892 novo
1843 851 1893 894 et

205 924 338 966 terra
391 932 515 966 nova
569 926 715 982 atque
770 920 821 967 in
876 919 1031 983 omni,
1079 933 1204 982 quae
1259 925 1377 968 tunc
1427 918 1598 984 fuerit,
1649 925 1890 984 creatura,

203 991 427 1040 videatur
481 999 531 1040 et
583 1007 675 1056 per
729 1006 937 1056 corpora
990 993 1043 1040 in
1097 993 1231 1040 omni
1286 1007 1516 1058 corpore,
1579 1007 1893 1056 quocumque

204 1065 389 1114 fuerint
440 1066 673 1130 spiritalis
724 1067 947 1130 corporis
1002 1065 1133 1115 oculi
1187 1067 1290 1115 acie
1336 1067 1654 1131 perveniente
1703 1065 1892 1115 directi.

203 1138 450 1189 Patebunt
481 1141 627 1188 etiam
669 1141 991 1204 cogitationes
1031 1146 1229 1189 nostrae
1269 1141 1480 1190 invicem
1519 1139 1675 1188 nobiS.
1753 1139 1892 1189 Tunc

206 1215 336 1262 enim
368 1212 668 1279 implebitur,
708 1214 839 1278 quod
872 1213 1137 1279 apostoluS‚
1171 1229 1284 1263 cum
1315 1213 1542 1263 dixisset:
1581 1215 1745 1263 Nolite
1776 1219 1894 1263 ante

205 1292 396 1350 tempus
449 1290 685 1338 iudicare
730 1290 1021 1349 quicquam,
1077 1302 1189 1336 mox
1238 1287 1443 1338 addidit:
1498 1289 1672 1337 Donec
1725 1291 1896 1337 veniat

203 1362 460 1421 Dominus)
502 1368 550 1410 et
587 1364 907 1411 inluminabit
944 1363 1243 1411 abscondita
1283 1363 1609 1411 tenebrarum
1649 1366 1699 1410 et
1735 1363 1893 1410 mani-

199 1434 411 1496 festabit
458 1438 787 1497 coqitationes
838 1437 1033 1497 cordia,
1086 1441 1135 1484 et
1172 1440 1293 1484 tunc
1332 1438 1444 1484 laus
1483 1438 1582 1484 erit
1619 1437 1895 1497 unicuique

205 1523 238 1558 a
277 1509 397 1559 Dec.

853 1635 1046 1692 CAPUT
1085 1637 1250 1690 XXX.

207 1746 284 1795 De
330 1750 542 1795 aeterna
585 1745 835 1806 felicitate
882 1747 1102 1795 civitatis
1141 1746 1239 1795 Dei
1283 1746 1591 1806 sabbatoque
1632 1750 1892 1808 perpetue.

355 1848 546 1906 Quanta
597 1850 692 1897 erit
740 1847 822 1897 illa
880 1847 1113 1914 felicitaS,
1171 1847 1257 1898 ubi
1314 1848 1503 1897 nullum
1554 1849 1648 1897 erit
1697 1847 1895 1914 malum,

207 1921 399 1971 nullum
448 1921 618 1971 latebit
667 1921 878 1988 bonum,
925 1921 1177 1972 vacabitur
1227 1921 1316 1971 Dei
1361 1921 1614 1988 laudibus,
1666 1923 1750 1986 qui
1801 1923 1897 1971 erit

209 1997 372 2044 omnia
421 1997 473 2044 in
522 1995 771 2045 omnibus!
827 1994 950 2044 Nam
1001 1996 1117 2060 quid
1165 1995 1296 2045 aliud
1347 2003 1543 2062 agatur,
1597 1994 1683 2044 ubi
1731 2009 1894 2060 neque

208 2068 306 2118 ulla
347 2069 533 2118 desidia
580 2069 855 2118 cessabitur
910 2084 1072 2133 neque
1119 2069 1217 2119 ulla
1263 2069 1532 2134 indigentia
1578 2067 1895 2134 laborabitur,

209 2144 391 2191 nescio.
475 2143 756 2192 Admoneor
811 2144 959 2191 etiam
1014 2150 1183 2192 sancto
1239 2145 1459 2209 cantico,
1520 2142 1606 2192 ubi
1658 2142 1766 2206 lego
1819 2141 1896 2190 vel

211 2216 378 2265 audio:
424 2216 587 2282 Beati,
633 2220 723 2277 qui
759 2217 994 2265 habitant
1032 2219 1084 2265 in
1124 2219 1266 2267 domo
1307 2222 1409 2276 tua,
1451 2219 1501 2265 in
1540 2219 1747 2265 saecula
1785 2230 1893 2266 sae-

209 2292 439 2339 culorum
479 2291 764 2339 laudabant
809 2295 868 2339 te.
947 2288 1122 2338 Omnia
1159 2289 1379 2339 membra
1419 2296 1467 2338 et
1506 2291 1694 2338 viscera
1731 2291 1893 2338 incor-

209 2362 456 2428 ruptibilis
497 2365 742 2429 corporiS,
791 2378 913 2427 quae
954 2378 1086 2412 nunc
1126 2364 1348 2413 videmus
1386 2379 1477 2428 per
1516 2378 1637 2412 usus
1676 2364 1889 2412 necessi-

210 2438 325 2486 tatis
362 2438 522 2486 varios
563 2436 841 2503 distributa,
881 2439 1112 2500 quoniam
1150 2443 1269 2486 tunc
1309 2453 1407 2486 non
1448 2439 1543 2486 erit
1580 2439 1685 2502 ipsa
1725 2451 1893 2485 neces-

211 2512 344 2577 sitaS,
376 2510 463 2559 sed
494 2510 639 2575 plena
670 2517 820 2576 certa,
853 2525 1027 2560 secura
1059 2513 1359 2576 sempiterna
1383 2510 1604 2576 felicitaS,
1635 2510 1894 2575 proficient

330 2625 402 2678 17)
438 2629 475 2667 1.
509 2622 611 2667 Cor.
645 2627 686 2677 4,
719 2627 760 2668 5.
823 2625 897 2680 26)
931 2623 1003 2667 Ps.
1037 2627 1108 2680 83,
1142 2629 1184 2668 5.

330 2759 384 2798 10
422 2755 548 2799 terra.
585 2753 678 2798 ΒΛ
715 2756 849 2808 (591,
887 2759 989 2810 16)‚·
1029 2755 1078 2799 in
1116 2758 1148 2800 t.
1182 2769 1207 2800 v
1253 2757 1269 2812 Η
1317 2760 1371 2799 14
1403 2755 1527 2811 quod
1557 2754 1624 2799 ait
1655 2755 1893 2811 apostolus

209 2812 370 2856 omisso
402 2826 508 2856 cum
539 2812 728 2857 dixisset
758 2813 803 2856 R
826 2815 842 2870 ΙΙ
866 2818 921 2858 16
959 2813 1259 2859 inluminabit
1288 2814 1333 2858 R
1367 2814 1560 2859 Clarom.
1592 2814 1790 2867 Amiat.,·
1827 2813 1894 2858 in-

209 2870 407 2916 luminet
435 2872 507 2916 Av
554 2874 569 2928 ΙΙ
615 2876 670 2916 25
702 2873 786 2916 tua
815 2885 927 2927 mss;
957 2875 1052 2929 tua,
1085 2873 1282 2919 Domine
1314 2887 1339 2918 v
