2004 3140
198 152 307 206 380
886 161 921 195 s.
944 160 1218 196 Auensrmr

199 293 306 342 pus,
386 275 482 324 Sed
523 276 636 340 quia
675 274 863 323 homini
902 274 1155 323 rationalis
1195 275 1355 323 anima
1393 275 1537 340 inest,
1578 280 1736 323 totum
1775 273 1899 340 hoc„

201 350 332 415 quod
385 349 534 399 hahet
587 363 847 398 commune
903 364 1014 397 curn
1070 347 1268 414 bestiiS,
1322 346 1489 397 subdit
1534 350 1644 413 paci
1695 349 1886 397 animae

199 423 465 489 rationaliS,
504 430 560 472 ut
591 429 755 472 mente
788 421 970 487 aliquid
1002 421 1364 488 contempletur
1397 427 1446 470 et
1478 422 1750 471 secundum
1790 421 1896 471 hoc·-

200 498 381 563 aliquid
414 504 540 564 agat,
577 504 632 546 ut
665 498 728 546 sit
760 498 805 545 ei
836 496 1060 545 ordinata
1092 496 1385 560 cognitionis
1424 497 1728 560 actionisque
1769 511 1888 545 con·
1938 511 1947 536 f

142 583 168 621 5
202 574 381 639 sensio,
421 586 566 635 quam
597 586 769 636 pacem
801 569 1052 620 rationalis
1084 571 1272 619 animae
1312 568 1606 620 dixeramus,
1682 570 1754 618 Ad
1794 569 1897 619 hoc·-

203 648 333 695 enim
374 645 495 695 velle
536 645 683 694 dehet
721 660 813 694 nec
854 644 1020 694 dolore
1069 643 1320 693 molestari
1359 658 1451 692 nec
1491 644 1735 693 desiderio
1775 659 1886 709 per-

201 720 391 770 turbari
440 735 532 768 nec
583 726 741 768 morte
783 718 1008 784 dissolvi,
1057 724 1114 768 ut
1152 717 1335 782 aliquid
1376 717 1495 766 utile
1535 726 1799 783 cognoscat
1838 725 1888 767 et

203 794 475 843 secundum
532 809 636 843 eam
700 795 1031 858 cognitionem
1093 794 1241 841 vitam
1297 806 1558 856 moresque
1613 799 1897 857 componat..

205 867 299 917 Sed
352 869 566 932 ne.ipso
615 866 779 916 studio
827 867 1123 931 cognitionis
1169 872 1375 931 propter
1421 864 1663 915 humanae
1710 867 1890 915 mentis

115 953 172 992 10
204 943 540 991 infirmitatem
594 943 645 990 in
699 948 890 1006 pestem
952 940 1159 989 alicuius
1213 941 1399 988 erroris
1452 941 1704 1001 incurrat,
1766 955 1894 1004 opus

202 1015 350 1065 habet
389 1016 672 1080 magisterio
725 1014 911 1080 divinO,
959 1016 1039 1063 cui
1079 1020 1247 1062 certus
1288 1011 1620 1080 obtemperet,
1669 1020 1719 1063 et
1757 1013 1890 1062 adiu-

204 1092 331 1139 torio
345 1129 359 1156 ,
405 1096 461 1139 ut
500 1089 626 1138 liber
665 1088 987 1153 obtemperet.
1065 1087 1128 1136 Et
1167 1089 1413 1154 quoniam,
1452 1087 1684 1151 quamdiu
1726 1095 1802 1137 est
1840 1089 1891 1136 in

203 1167 298 1213 isto
334 1163 526 1212 mortali
559 1178 783 1228 corpore,
822 1164 1169 1227 peregrinatur
1209 1177 1235 1210 a
1277 1160 1508 1211 Domino:
1549 1161 1764 1211 ambulat
1801 1176 1902 1226 per

204 1238 373 1304 fidem,
420 1253 519 1286 non
566 1253 656 1302 per
703 1238 941 1302 speciem3
989 1251 1044 1285 ac
1092 1251 1182 1300 per
1228 1235 1322 1283 hoc
1370 1250 1565 1284 omnem
1605 1250 1777 1300 pacem
1816 1234 1893 1284 vel

118 1320 172 1360 15
207 1312 430 1376 corporis
477 1311 552 1359 vel
603 1313 792 1360 animae
840 1310 916 1359 vel
962 1309 1109 1359 simul
1158 1310 1380 1374 corporis
1420 1316 1470 1358 et
1509 1311 1696 1358 animae
1737 1309 1901 1358 refert-

205 1385 264 1434 ad
304 1385 435 1434 illam
482 1397 675 1450 pacem,
723 1400 847 1449 quae
894 1384 1079 1432 homini
1128 1382 1322 1432 mortali
1370 1390 1446 1432 est
1492 1398 1605 1431 cum
1644 1382 1894 1432 inmortali

205 1458 322 1526 Deo,
360 1466 416 1508 ut
449 1460 493 1508 ei
526 1460 589 1509 sit
628 1458 850 1515 ordinata
888 1459 939 1507 in
979 1457 1072 1506 fide
1115 1456 1207 1506 sub
1246 1463 1444 1505 aeterna
1483 1456 1589 1521 lege
1631 1456 1892 1506 oboedien-

207 1535 286 1582 tia.
365 1532 466 1581 Iam
505 1548 621 1581 vero
662 1534 774 1596 quia
815 1531 912 1581 duo
952 1533 1215 1596 praecipua
1255 1538 1532 1596 praecepta,
1571 1530 1665 1579 hoc
1705 1537 1782 1579 est
1820 1530 1891 1579 di-

206 1607 468 1656 lectionem
495 1606 583 1655 Dei
615 1613 664 1655 et
696 1606 1009 1655 dilectionem
1039 1606 1266 1671 proximi,
1293 1604 1450 1654 'docet
1481 1606 1714 1669 magister
1746 1603 1899 1671 DeuS,

119 1689 175 1729 20
206 1682 257 1729 in
290 1679 470 1745 quibus
503 1682 595 1730 tria
628 1681 815 1729 invenit
856 1679 1001 1729 homo
1043 1694 1167 1744 quae
1208 1678 1389 1743 diligat,
1429 1677 1600 1745 Deum,
1640 1694 1692 1728 se
1731 1680 1895 1743 ipsum

207 1761 257 1803 et
302 1756 608 1820 proximum,
659 1762 804 1819 atque
852 1753 932 1803 ille
980 1754 1031 1802 in
1080 1768 1132 1802 se
1172 1752 1419 1817 diligendo
1459 1767 1557 1800 non
1599 1759 1756 1818 errat,
1808 1753 1895 1816 qui

207 1828 363 1877 Deum
413 1827 591 1892 diligit:
639 1843 950 1892 consequens
990 1834 1092 1893 est,
1137 1833 1193 1876 ut
1241 1828 1387 1875 etiam
1425 1827 1649 1891 proximo
1690 1825 1749 1875 ad
1789 1825 1894 1875 dili-

207 1901 422 1966 gendum
473 1901 630 1951 Deum
685 1901 931 1968 consulat,
986 1916 1133 1965 quem
1187 1898 1387 1949 iubetur
1443 1901 1571 1949 sicut
1625 1915 1677 1948 se
1731 1901 1895 1964 ipsum

208 1976 409 2040 diligere
459 1970 556 2042 (sic
604 1978 774 2042 uxori,
821 1978 892 2025 sic
939 1975 1078 2039 filiis,
1133 1976 1203 2023 sio
1251 1973 1557 2040 domesticiS,
1604 1975 1674 2023 sic
1715 1974 1898 2022 ceteris

119 2058 175 2098 25
210 2049 389 2115 quibus
427 2051 646 2113 potuerit
685 2044 1017 2116 hominihus),
1057 2055 1106 2097 et
1145 2048 1204 2097 ad
1243 2046 1337 2097 hoc
1377 2046 1470 2096 sibi
1509 2062 1535 2095 a
1573 2049 1813 2113 proxim0,
1854 2047 1896 2094 si

209 2124 335 2172 forte
367 2123 568 2189 indiget,
609 2123 799 2172 consuli
833 2122 970 2187 velit3
1010 2138 1065 2171 ac
1095 2136 1186 2186 per
1218 2121 1311 2169 hoc
1351 2122 1447 2169 erit
1483 2130 1701 2187 pacatUS,
1742 2135 1895 2184 quan-

208 2204 315 2245 tum
354 2197 405 2244 in
436 2197 542 2260 ipso
577 2203 666 2262 est,
705 2198 840 2244 omni
870 2195 1058 2244 homini
1094 2210 1214 2259 pace
1253 2193 1524 2260 hominum,
1562 2193 1611 2242 id
1651 2200 1726 2243 est
1765 2193 1895 2242 ordi·

208 2277 320 2319 nata
384 2269 667 2335 concordia,
729 2270 870 2318 cuius
925 2268 1004 2317 hic
1059 2267 1181 2317 ordo
1236 2275 1335 2334 est,
1395 2269 1612 2332 primum
1666 2274 1721 2316 ut
1776 2266 1896 2316 nulli

211 2350 412 2409 noceat,
466 2341 645 2391 deinde
696 2349 752 2391 ut
803 2344 947 2391 etiam
1003 2343 1162 2406 prosit
1215 2343 1296 2390 cui
1345 2342 1579 2405 potuerit.
1655 2340 1894 2390 Primitus

121 2426 178 2466 30
210 2432 327 2481 ergo
374 2417 504 2465 inest
551 2417 597 2464 ei
637 2431 840 2465 suorum
888 2431 1028 2481 cura3
1076 2415 1134 2464 ad
1184 2430 1268 2464 eos
1309 2415 1490 2479 quippe
1530 2413 1677 2463 habet
1717 2429 1896 2479 oppor-

210 2492 457 2540 tuniorem
513 2489 880 2554 facilioremque
936 2489 1123 2538 aditum
1177 2488 1496 2555 consulendi,
1557 2488 1633 2537 vel
1689 2495 1898 2537 naturae

209 2565 381 2614 ordine
421 2563 498 2612 vel
536 2565 693 2628 ipsius
733 2564 981 2612 societatis
1019 2563 1274 2612 humanae.
1351 2561 1489 2610 Unde
1530 2561 1780 2626 apostolus
1822 2561 1892 2609 di—

210 2640 298 2687 cit:
354 2639 588 2699 Quisquis
628 2644 795 2687 autem
832 2639 938 2686 suis
976 2643 1024 2686 et
1061 2638 1283 2686 maxime
1322 2638 1603 2685 domesticis
1642 2650 1742 2685 non
1774 2649 1896 2697 pro—

211 2713 368 2772 videt,
415 2713 568 2770 fidem
617 2713 835 2772 deneqat
880 2717 930 2760 et
975 2716 1048 2759 est
1098 2711 1292 2769 infideli
1327 2711 1565 2759 deterior.
1642 2708 1768 2757 Hinc
1806 2710 1895 2756 ita·

121 2791 178 2831 35
213 2800 308 2849 que
342 2786 489 2837 etiam
522 2799 613 2848 pax
647 2785 915 2834 domestica
947 2785 1121 2850 oritur,
1160 2783 1207 2831 id
1246 2790 1320 2831 est
1359 2781 1583 2831 ordinata
1622 2781 1895 2847 imperandi

330 2897 403 2952 14)
436 2900 475 2941 9.
511 2895 610 2940 Cor.
645 2899 686 2951 5,
720 2901 746 2940 6
779 2910 844 2951 sq.
907 2897 982 2952 34)
1019 2902 1056 2940 1.
1092 2895 1210 2940 Tim.
1245 2898 1286 2950 5,
1320 2900 1360 2940 8.
