2004 3140
135 937 191 979 10

136 1307 191 1348 15

137 1665 192 1716 ΞΟ

136 2132 191 2172 25

138 2529 195 2570 30

221 137 330 192 452
896 147 929 181 S.
955 147 1232 184 Aucusmm

221 271 322 313 tam
373 277 641 328 numquam
693 261 883 325 habuit,
939 263 1187 326 acceperit
1232 267 1541 326 potestatem.
1621 259 1730 310 Non
1779 262 1909 310 enim

224 338 417 402 quando
474 337 532 386 de
590 334 724 385 caelo
771 337 898 400 ignis
947 334 1125 384 cecidit
1177 341 1227 384 et
1279 341 1464 385 tantam
1512 335 1743 384 familiam
1797 349 1910 384 cum

222 413 373 460 tantis
404 410 637 475 gregibus
669 423 906 474 pecorum
948 410 1106 470 sancti
1143 407 1228 457 Iob
1269 423 1368 459 uno
1406 411 1595 474 impetu
1637 409 1910 473 absumpsit
1959 411 1961 413 ’

224 492 274 534 et
323 484 470 534 turbo
517 486 723 533 inruens
773 489 821 533 et
868 482 1069 532 domum
1117 483 1333 532 deiciens
1379 483 1505 532 filios
1554 486 1661 533 eius
1714 482 1908 542 occidit,

224 559 563 624 phantasmata
610 558 835 622 fuerunt3
885 572 1008 621 quae
1061 563 1226 606 tamen
1265 557 1469 606 fuerunt
1507 573 1658 622 opera
1699 563 1910 619 satanae,

225 634 306 682 cui
345 632 476 682 Deus
517 632 720 682 dederat
765 631 890 680 hanc
937 636 1248 696 potestatem.
1323 630 1535 696 Propter
1573 631 1693 696 ‘quid
1730 630 1910 679 horum

225 722 342 771 ergo
399 706 527 756 dicta
583 708 681 754 sint
719 704 941 770 prodigia
990 712 1037 755 et
1088 707 1226 769 signa
1265 705 1530 770 mendacii,
1585 712 1704 755 tunc
1743 705 1909 770 potius

225 779 491 845 apparebit.
571 779 667 829 Sed
706 785 912 843 propter
952 777 1207 843 quodlibet
1251 779 1431 828 horum
1471 777 1657 828 dictum
1698 780 1783 845 sit,
1835 792 1908 826 se·

225 855 472 903 ducentur
512 856 583 902 eis
624 855 777 918 signis
817 860 964 918 atque
1003 853 1264 919 prodigiiS,
1315 855 1400 916 qui
1441 853 1610 902 seduci
1650 850 1910 901 merebun-

223 935 331 994 tur,
379 943 477 991 pro
519 942 574 978 eo
626 929 764 989 quod
808 928 1145 987 dilectionem,
1196 927 1378 991 inquit,
1426 929 1656 977 veritatis
1695 941 1794 975 non
1832 941 1910 975 re-

223 1008 480 1065 ceperunt,
521 1007 576 1051 ut
606 1004 735 1051 salvi
760 1003 959 1060 fierent.
1037 1001 1140 1051 Nec
1177 1000 1417 1050 dubitavit
1448 1001 1698 1066 apostolus
1733 999 1912 1048 addere

223 1091 278 1125 ac
319 1075 507 1125 dicere:
557 1076 677 1125 Ideo
724 1077 884 1125 mittet
930 1077 1027 1124 illis
1067 1076 1204 1125 Deus
1245 1077 1585 1137 operationem
1626 1077 1820 1124 erroris
1859 1079 1916 1122 ut

223 1153 441 1199 credant
471 1152 752 1199 mendacio.
806 1150 939 1198 Deus
965 1152 1096 1199 enim
1129 1151 1310 1214 mittet,
1350 1150 1463 1214 quia
1494 1149 1625 1198 Deus
1666 1146 1913 1196 diabolum

223 1224 386 1272 facere
419 1226 512 1273 ista
537 1225 806 1289 permittet,
846 1225 977 1272 iusto
1010 1227 1116 1289 ipse
1156 1222 1354 1290 iudici0,
1395 1224 1616 1286 quamvis
1656 1222 1802 1271 saciat
1832 1220 1912 1269 ille

223 1299 394 1361 iniquo
427 1298 738 1362 malignoque
772 1297 993 1346 consilio.
1080 1297 1140 1348 Ut
1172 1299 1479 1362 iudicentur,
1517 1298 1693 1361 inquit,
1732 1309 1915 1354 omneS,

224 1374 315 1432 qui
351 1386 451 1420 non
483 1372 817 1421 crediderunt
854 1374 1071 1431 veritati,
1111 1373 1204 1421 sed
1240 1376 1606 1421 consenserunt
1643 1371 1911 1431 iniquitati.

225 1444 440 1493 Proinde
472 1445 676 1494 iudicati
707 1443 1012 1495 seducentur
1053 1451 1099 1493 et
1142 1444 1334 1493 seducti
1372 1443 1738 1494 iudicabuntur.
1817 1442 1913 1491 Sed

223 1518 428 1567 iudicati
481 1517 783 1568 seducentur
831 1518 928 1567 illis
975 1518 1172 1569 iudiciis
1211 1518 1300 1567 Dei
1340 1518 1531 1568 occulte
1571 1519 1739 1580 iustiS,
1783 1517 1912 1565 iuste

226 1591 450 1659 occultis,
491 1591 671 1656 quibus
705 1591 764 1640 ab
798 1594 939 1641 initio
971 1594 1163 1658 peccati
1195 1592 1445 1641 rationalis
1479 1597 1734 1640 creaturae
1773 1604 1912 1639 num-

226 1681 373 1730 quam
403 1666 622 1715 iudicare
657 1668 886 1732 cessavit3
928 1667 1121 1716 seducti
1161 1672 1326 1715 autem
1363 1665 1715 1715 iudicabuntur
1753 1665 1913 1712 novis-

226 1742 347 1788 simo
389 1740 748 1804 manifestoque
787 1740 971 1789 iudicio
1010 1756 1101 1806 per
1135 1739 1386 1789 Christum
1426 1739 1604 1805 Iesum,
1644 1738 1912 1787 iustissime

223 1813 573 1880 iudicaturum,
612 1815 934 1863 iniustissime
975 1814 1260 1863 iudicatum.

893 1957 1088 2011 CAPUT
1119 1957 1236 2010 XX.

279 2051 414 2108 Quid
452 2052 580 2100 idem
622 2053 875 2112 apostolus
914 2052 966 2099 in
999 2052 1171 2112 prima
1211 2052 1282 2099 ud
1319 2051 1512 2099 eosdem
1555 2051 1767 2111 epistula
1807 2046 1870 2097 de

562 2122 939 2173 resurrectione
977 2129 1289 2172 mortuorum
1329 2125 1572 2172 docuerit.

377 2225 473 2274 Sed
528 2224 608 2273 hic
667 2225 916 2289 apostolus
968 2226 1122 2274 tacuit
1169 2225 1228 2273 de
1276 2226 1644 2280 resurrectione
1696 2231 1912 2274 mortuo-

226 2314 359 2365 rum3
400 2299 460 2348 ad
500 2298 699 2347 eosdem
738 2306 903 2347 autem
943 2297 1166 2347 scribens
1205 2300 1256 2346 in
1296 2297 1503 2362 epistula
1542 2298 1722 2362 prima:
1762 2299 1911 2347 Nolu-

226 2387 356 2437 mu3‚
403 2374 588 2438 inquit,
638 2375 881 2433 iqnorure
920 2386 1025 2431 vos,
1069 2371 1287 2432 fratres,
1337 2374 1399 2420 de
1438 2372 1819 2431 dormientibuS,
1860 2376 1915 2420 ut

226 2461 327 2496 non
367 2448 752 2507 contristemini,
799 2448 933 2495 sicut
971 2451 1019 2494 et
1058 2448 1238 2507 ceteri,
1278 2448 1366 2507 qui
1402 2459 1537 2507 spem
1576 2459 1675 2494 non
1715 2445 1913 2495 hubent.

228 2521 357 2570 Nam
394 2523 441 2571 si
479 2522 747 2580 credimuS,
788 2520 925 2580 quod
962 2519 1103 2568 Iesus
1143 2524 1368 2568 mortuus
1408 2524 1481 2568 est
1518 2524 1565 2568 et
1604 2521 1915 2568 resurrexit:

227 2597 300 2642 itu
332 2599 380 2642 et
411 2593 549 2644 Deus
580 2607 675 2653 603,
716 2595 805 2655 qui
834 2594 1151 2642 dormierunt
1181 2608 1279 2655 per
1312 2594 1499 2651 Iesum,
1540 2594 1764 2641 adducet
1801 2606 1914 2641 cum

228 2670 326 2716 illo.
403 2667 514 2716 Hoc
546 2669 677 2716 enim
709 2668 847 2716 vobis
881 2668 1095 2715 dicimus
1136 2668 1188 2714 in
1227 2667 1377 2715 verbo
1411 2667 1624 2724 Domini,
1665 2667 1785 2726 quia
1825 2679 1914 2714 nos

227 2742 466 2805 viventeS,
520 2742 609 2800 qui
653 2742 837 2800 reliqui
891 2753 1062 2788 sumus
1110 2742 1158 2788 in
1216 2741 1482 2789 adventum
1536 2739 1759 2804 Domini,
1814 2752 1914 2787 non

347 2886 399 2924 31
436 2894 540 2924 cum
573 2894 627 2924 eo
659 2894 684 2924 v
