2004 3140
223 135 331 188 372
909 147 944 182 S.
968 147 1244 183 Aususmm1

220 260 459 310 dicendus
492 268 582 326 est,
622 268 676 311 ut
708 260 898 311 facilius
929 260 989 310 ab
1022 261 1249 326 omnibus
1281 263 1436 327 possit
1475 263 1706 328 intellegi.
1777 263 1906 314 Tan·

219 342 323 383 tum
372 341 446 383 est
495 336 626 384 enim
672 336 807 400 pacis
854 334 1062 396 bonum,
1109 342 1165 384 ut
1212 337 1357 385 etiam
1408 338 1459 386 in
1497 335 1650 386 rebus
1690 339 1903 388 terrenis

218 414 364 472 atque
397 407 685 458 mortalibus
719 408 839 458 nihil
870 411 1058 474 gratius
1091 409 1243 459 soleat
1283 409 1458 477 audiri,
1497 410 1617 460 nihil
1657 410 1905 461 desidera·

218 481 367 530 bilius
418 484 729 549 concupisci,
780 482 901 532 nihil
951 490 1202 548 postremo
1249 485 1406 548 possit
1451 484 1628 534 melius
1678 487 1904 535 inveniri.

160 566 186 604 5
221 555 288 604 De
322 570 418 621 quo
452 558 493 605 si
526 556 772 621 aliquanto
806 557 991 606 diutius
1033 557 1169 622 loqui
1208 556 1523 625 voluelimuS,
1563 574 1662 607 non
1701 560 1903 626 erimuS,

219 635 457 694 quantum
509 629 748 697 arbitror,
803 632 1002 680 onerosi
1054 630 1358 697 legentibUS,
1409 639 1459 681 et
1504 639 1708 704 propter
1757 633 1905 699 finem

219 705 431 752 civitatis
464 703 626 771 huiuS,
667 705 726 754 de
767 719 863 769 qua
903 704 1044 754 nobis
1084 720 1247 753 sermo
1288 711 1378 766 est,
1417 712 1466 755 et
1504 712 1710 771 propter
1749 708 1907 772 ipsam

218 776 528 827 dulcedinem
567 780 724 845 paciS,
765 794 888 844 quae
929 778 1157 828 omnibus
1198 793 1309 828 cara
1350 786 1438 829 est.

887 965 1084 1021 CAPUT
1124 966 1243 1019 XII.

129 1084 185 1124 10
226 1075 373 1134 Quod
417 1077 566 1124 etiam
615 1076 904 1126 bellantium
957 1076 1170 1125 saevitia
1218 1089 1484 1136 omnesque
1529 1077 1779 1125 hominum
1832 1078 1906 1126 in-

218 1151 536 1210 quietudines
568 1152 639 1199 ad
671 1152 820 1214 pacis
854 1152 1007 1209 finem
1046 1151 1259 1211 cupiant
1287 1151 1574 1211 pervenire,
1613 1152 1722 1200 sine
1760 1153 1909 1200 cuius

685 1227 910 1287 appetitu
951 1225 1090 1272 nulla
1131 1227 1322 1272 natura
1360 1225 1438 1272 sit.

367 1326 508 1384 Quod
542 1342 737 1376 mecum
769 1328 993 1391 quisquis
1026 1341 1106 1374 res
1138 1325 1376 1375 humanas
1417 1332 1740 1391 naturamque
1773 1340 1903 1375 com-

224 1415 425 1450 munem
464 1407 733 1464 utcumque
765 1403 987 1450 intuetur
1027 1401 1269 1465 agnoscit3
1308 1401 1437 1449 sicut
1476 1401 1607 1448 enim
1646 1415 1791 1449 nemo
1831 1407 1906 1449 est

138 1483 191 1523 15
226 1475 311 1538 qui
350 1473 563 1538 gaudere
612 1473 755 1541 nolit,
802 1476 867 1523 ita
915 1489 1058 1522 nemo
1099 1480 1174 1522 est
1214 1474 1299 1538 qui
1337 1488 1507 1538 pacem
1549 1473 1730 1522 habere
1771 1474 1904 1522 nolit.

219 1547 423 1605 Quando
457 1548 655 1612 quidem
689 1555 738 1597 et
768 1549 878 1613 ipsi,
917 1549 1002 1612 qui
1042 1547 1166 1596 bella
1205 1546 1390 1613 volunt,
1428 1547 1548 1595 nihil
1588 1547 1718 1596 aliud
1758 1562 1904 1611 quam

217 1624 414 1670 vincere
456 1622 647 1688 volunt3
688 1621 745 1670 ad
787 1621 1049 1685 gloriosam
1090 1636 1207 1685 ergo
1240 1636 1410 1686 pacem
1441 1620 1665 1677 bellando
1699 1622 1905 1686 cupiunt

217 1697 489 1760 pervenire.
567 1695 687 1745 Nam
728 1695 845 1759 quid
886 1703 961 1744 est
1000 1694 1130 1744 aliud
1169 1696 1372 1744 victoria
1411 1696 1507 1744 nisi
1546 1695 1787 1744 subiectio
1827 1709 1903 1744 re·

219 1766 578 1834 pugnantium?
629 1769 759 1834 quod
812 1784 925 1818 cum
977 1769 1159 1818 factum
1211 1769 1387 1834 fuerit,
1436 1783 1528 1833 pax
1579 1770 1686 1818 erit.
1763 1768 1903 1818 Pacis

130 1853 185 1892 20
219 1845 368 1908 igitur
407 1845 680 1893 intentione
721 1849 963 1908 geruntur
1003 1849 1052 1892 et
1090 1842 1231 1909 bella,
1270 1842 1329 1891 ab
1369 1842 1445 1891 his
1485 1844 1645 1904 etiam,
1685 1844 1771 1907 qui
1810 1843 1903 1891 vir-

217 1923 373 1966 tutem
428 1916 651 1966 bellicam
713 1917 914 1966 student
976 1932 1209 1966 exercere
1273 1916 1559 1981 imperando
1614 1923 1760 1981 atque
1814 1931 1902 1980 pu-

216 1991 424 2054 gnando.
511 1991 649 2040 Unde
689 2006 861 2056 pacem
901 1997 1094 2039 constat
1133 1989 1247 2039 belli
1289 2005 1396 2039 esse
1436 1989 1699 2055 optabilem
1740 1990 1902 2039 finem.

219 2063 391 2113 Omnis
454 2066 585 2114 enim
646 2064 793 2113 homo
856 2066 1002 2113 etiam
1057 2063 1388 2128 belligerando
1442 2079 1614 2129 pacem
1668 2065 1901 2129 requirit3

221 2153 365 2186 nemo
406 2145 568 2187 autem
608 2137 792 2187 bellum
841 2137 1157 2202 pacificando
1234 2137 1355 2186 Nam
1396 2145 1446 2186 et
1484 2138 1552 2186 illi
1594 2139 1677 2202 qui
1716 2152 1902 2202 pacem,

129 2221 186 2260 25
219 2213 270 2259 in
310 2226 404 2275 qua
444 2219 581 2276 sunt,
628 2210 909 2275 perturbari
949 2210 1139 2271 volunt,
1188 2225 1286 2259 non
1325 2225 1496 2275 pacem
1536 2211 1773 2275 oderunt,
1815 2210 1900 2259 sed

218 2299 325 2333 eam
372 2300 462 2349 pro
510 2284 713 2333 arbitrio
763 2294 852 2333 suo
901 2285 1109 2349 cupiunt
1154 2286 1458 2332 commutari.
1535 2283 1643 2332 Non
1691 2298 1807 2348 ergo
1848 2290 1902 2332 ut

218 2360 282 2406 sit
320 2373 413 2423 pax
454 2357 641 2424 nolunt,
681 2357 767 2406 sed
807 2364 862 2406 ut
901 2373 956 2406 ea
996 2359 1059 2406 sit
1099 2371 1244 2421 quam
1284 2357 1468 2408 volunt.
1546 2356 1767 2420 Denique
1809 2358 1902 2404 etsi

217 2447 306 2496 per
360 2431 652 2480 seditionem
706 2446 758 2479 se
814 2430 872 2479 ab
928 2430 1034 2479 aliis
1089 2433 1449 2497 separaverint,
1498 2446 1609 2479 cum
1658 2433 1729 2479 eis
1778 2431 1899 2494 ipsis

218 2507 511 2570 conspiratis
543 2505 618 2554 vel
649 2505 917 2554 coniuratis
958 2505 1060 2553 suis
1100 2506 1194 2552 nisi
1235 2504 1642 2568 qualemcumque
1684 2506 1901 2568 speciem

129 2590 186 2629 30
218 2580 351 2643 pacis
406 2586 634 2644 teneant,
696 2593 795 2627 non
849 2578 1070 2626 efficiunt
1131 2577 1260 2641 quod
1315 2577 1592 2626 intendunt.
1685 2577 1898 2625 Proinde
1946 2614 1949 2618 Α

149 2658 153 2661 ’
219 2652 435 2701 latrones
482 2654 601 2718 ipsi,
656 2658 711 2700 ut
758 2651 1095 2700 vehementius
1144 2659 1192 2700 et
1240 2653 1394 2700 tutius
1442 2652 1608 2699 infesti
1655 2653 1754 2699 sint
1791 2652 1901 2715 paci

339 2827 394 2866 13
433 2835 495 2879 sq.
535 2823 660 2878 quod
698 2836 880 2867 mecum
921 2856 930 2865 .
971 2858 980 2867 .
1023 2821 1143 2866 sicul:
1182 2821 1305 2880 enim
1343 2836 1477 2867 nemo
1509 2822 1580 2875 R;
1619 2821 1745 2879 quod
1777 2820 1900 2866 enim

219 2895 400 2925 mecum
434 2917 442 2926 .
479 2917 487 2925 .
521 2882 641 2926 sicut
670 2895 803 2926 nemo
836 2881 1068 2926 ALParr.
1101 2882 1157 2937 (?)
1187 2894 1214 2924 v
