2054 3152
598 166 666 198 DE
690 164 928 199 CIVITATE
951 166 1040 198 Dm
1062 166 1104 198 L.
1130 167 1209 199 xv.
1234 165 1272 199 c.
1296 167 1328 200 5.
1353 167 1384 199 6.
1751 154 1823 206 65

131 281 250 344 quia
289 278 359 328 illi
389 277 508 328 boni
547 284 678 344 sunt,
714 276 786 326 illi
824 277 952 326 mali.
1029 276 1173 326 Nullo
1215 279 1345 326 enim
1383 277 1528 327 modo
1568 277 1622 327 fit
1661 279 1823 326 minor

135 351 400 402 accedente
455 366 544 400 seu
597 357 917 415 permanente
981 357 1210 400 consorte
1264 353 1512 415 possessio
1574 350 1823 417 bonitatis,

135 428 283 474 immo
316 426 564 490 possessio
595 424 804 490 bonitaS,
844 439 991 488 quam
1021 431 1157 473 tanto
1196 424 1357 491 latius,
1396 431 1579 489 quanto
1619 440 1822 474 concor-

134 498 247 548 dius
297 498 547 548 individua
598 499 846 547 sociorum
902 497 1122 562 possidet
1183 499 1374 547 caritas,
1462 498 1572 546 Non
1621 497 1821 547 habebit

133 571 347 636 denique
409 574 554 621 istam
608 573 1003 638 possessionem,
1068 572 1152 635 qui
1208 586 1315 620 eam
1369 571 1586 620 noluerit
1639 571 1819 620 habere
1854 580 1880 620 5

131 660 474 712 communem,
529 651 579 694 et
633 651 769 694 tanto
825 660 932 694 eam
986 646 1204 709 reperiet
1258 644 1574 710 ampliorem,
1636 651 1819 709 quanto

133 719 342 784 amplius
381 719 450 768 ibi
480 721 702 784 potuerit
741 733 903 768 amare
945 725 1241 768 consortem.
1318 718 1442 767 Illud
1482 720 1648 785 igitur,
1689 712 1821 782 quod

129 794 262 841 inter
301 792 511 842 Remum
551 799 601 842 et
631 792 896 842 Romulum
935 799 1161 842 exortum
1202 798 1292 859 est,
1333 807 1480 857 quem
1520 791 1579 840 ad
1620 791 1821 841 modum

129 866 366 915 adversus
399 882 451 915 se
482 868 640 932 ipsam
672 872 871 915 terrena
903 867 1072 915 civitas
1113 865 1372 933 dividatur,
1412 865 1648 931 ostendit3
1689 865 1820 930 quod

128 946 296 989 autem
334 941 466 989 inter
507 939 624 988 Cain
666 946 715 989 et
753 939 894 1005 Abel,
945 941 1077 988 inter
1116 939 1237 989 duas
1275 941 1407 1004 ipsas
1449 941 1693 1005 civitateS,
1733 938 1822 988 Dei
1856 949 1911 989 10

133 1020 182 1062 et
213 1013 484 1079 hominum,
524 1014 806 1062 inimicitias
840 1013 1207 1063 demonstravit.
1283 1013 1509 1077 Pugnant
1541 1028 1658 1077 ergo
1691 1014 1822 1061 inter

132 1102 186 1135 se
219 1086 334 1136 mali
368 1093 417 1136 et
440 1086 576 1153 mali;
615 1089 734 1136 item
767 1093 987 1151 pugnant
1018 1089 1150 1136 inter
1189 1102 1241 1135 se
1282 1087 1395 1135 mali
1435 1093 1483 1135 et
1522 1085 1664 1135 boni:
1703 1085 1822 1134 boni

130 1175 248 1209 vero
288 1166 338 1209 et
375 1159 508 1226 boni,
548 1162 590 1209 si
627 1160 838 1224 perfecti
877 1166 1008 1226 sunt,
1046 1163 1176 1209 inter
1217 1175 1268 1208 se
1309 1175 1530 1224 pugnare
1570 1175 1670 1208 non
1709 1174 1820 1224 pos-

133 1239 263 1283 sunt.
339 1232 663 1282 Proficientes
696 1239 861 1282 autem
893 1233 1211 1298 nondumque
1243 1233 1453 1298 perfecti
1491 1235 1559 1282 ita
1597 1239 1822 1298 possunt,

129 1314 186 1356 ut
215 1305 377 1356 bonus
410 1308 620 1372 quisque
654 1322 712 1355 ex
753 1322 809 1355 ea
846 1314 986 1372 parte
1026 1313 1212 1372 pugnet
1251 1313 1423 1355 contra
1462 1306 1686 1373 alterum,
1727 1321 1823 1370 qua
1857 1314 1911 1354 15

133 1383 283 1429 etiam
316 1387 488 1429 contra
521 1387 676 1429 semet
707 1382 893 1446 ipsum3
934 1387 982 1430 et
1012 1382 1063 1429 in
1095 1395 1194 1429 uno
1235 1382 1415 1445 quippe
1456 1380 1654 1428 homine
1695 1394 1820 1429 caro

129 1457 445 1516 concupiscit
494 1457 740 1504 adversus
785 1457 1019 1516 spiritum
1066 1460 1115 1503 et
1158 1457 1371 1518 spiritus
1419 1456 1664 1504 adversus
1704 1468 1818 1502 car-

130 1542 254 1577 nem.
335 1526 746 1592 Concupiscentia
778 1543 896 1592 ergo
929 1527 1162 1593 spiritalis
1203 1534 1374 1577 contra
1414 1527 1618 1576 alterius
1656 1533 1822 1591 potest

129 1616 350 1666 pugnare
398 1601 644 1650 carnalem
688 1601 765 1650 vel
804 1603 1207 1667 concupiscentia
1246 1601 1453 1650 carnalis
1493 1606 1666 1649 contra
1705 1599 1819 1650 alte-

128 1676 234 1723 rius
282 1675 574 1741 spiritalem,
621 1677 750 1724 sicut
796 1677 928 1724 inter
979 1690 1032 1724 se
1071 1681 1294 1739 pugnant
1331 1675 1449 1724 boni
1489 1681 1538 1723 et
1569 1673 1703 1740 mali;
1744 1673 1821 1722 vel
1852 1682 1909 1723 20

128 1753 266 1796 certe
306 1749 440 1812 ipsae
482 1750 912 1812 concupiscentiae
960 1747 1180 1797 carnales
1219 1750 1351 1797 inter
1391 1763 1443 1797 se
1484 1748 1695 1797 duorum
1735 1747 1819 1796 bo-

130 1835 334 1886 norum,
382 1821 603 1870 nondum
649 1823 821 1886 utique
870 1822 1233 1887 perfectorum,
1282 1823 1411 1870 sicut
1457 1823 1588 1869 inter
1639 1836 1690 1869 se
1730 1836 1818 1885 pu-

128 1901 280 1958 gnant
319 1893 432 1943 mali
472 1901 522 1944 et
559 1895 694 1960 mali,
742 1895 899 1943 donec
940 1909 1134 1960 eorum,
1184 1896 1269 1959 qui
1309 1900 1568 1960 curantur,
1609 1894 1667 1942 ad
1707 1893 1819 1943 ulti-

128 1982 257 2017 mam
297 1969 551 2017 victoriam
591 1970 772 2017 sanitas
811 1968 1128 2033 perducatur.

811 2124 1007 2179 CAPUT
1047 2125 1141 2179 VI.
1850 2151 1906 2191 25

79 2267 89 2274 ,
130 2219 205 2268 De
243 2219 590 2279 lanquoribus‚
630 2232 752 2279 quos
792 2233 857 2267 ex
890 2232 1058 2280 poena
1091 2221 1299 2280 peccati
1336 2220 1486 2267 etiam
1525 2220 1658 2267 cives
1698 2219 1818 2267 civi·

204 2294 322 2340 tatis
354 2292 453 2340 Dei
490 2294 542 2340 in
581 2293 731 2340 huius
770 2294 903 2340 vitae
933 2293 1355 2353 peregrinatione
1388 2294 1658 2354 patiuntur
1698 2296 1746 2340 et

493 2379 525 2413 a
565 2366 745 2425 quibus
785 2365 890 2414 Deo
930 2367 1158 2414 medente
1195 2371 1461 2414 sanantur.

277 2453 506 2518 Languor
538 2460 613 2502 est
646 2454 827 2517 quippe
867 2454 976 2518 iste,
1015 2452 1065 2501 id
1106 2459 1181 2502 est
1218 2452 1299 2502 illa
1337 2452 1716 2517 inoboedientia,
1756 2450 1817 2500 de

130 2541 225 2590 qua
275 2528 327 2575 in
372 2527 498 2576 libro
548 2534 723 2591 quarto
764 2525 954 2574 decimo
994 2525 1342 2593 disseruimus,
1391 2528 1577 2591 primae
1618 2524 1817 2574 inoboe-
1852 2533 1909 2573 30

131 2599 342 2649 dientiae
385 2599 695 2666 supplicium,
735 2606 784 2648 et
823 2598 934 2647 ideo
974 2613 1073 2647 non
1113 2605 1303 2666 natura,
1343 2598 1429 2649 sed
1468 2601 1664 2664 vitium3
1703 2613 1817 2662 pro-

130 2679 241 2737 pter
289 2674 420 2737 quod
468 2674 649 2723 dicitur
698 2671 1071 2738 proficientibus
1122 2671 1265 2721 honis
1314 2679 1363 2721 et
1403 2688 1462 2721 ex
1500 2672 1593 2720 fide
1634 2673 1686 2719 in
1726 2671 1818 2719 hac

251 2772 323 2826 18)
356 2770 455 2815 Gal.
490 2775 531 2825 5,
566 2776 634 2815 17.
698 2773 772 2827 30)
807 2769 853 2815 O.
890 2775 936 2823 13
973 2774 1023 2812 11
1060 2770 1146 2814 etc.

251 2892 305 2930 32
340 2888 388 2930 et
418 2901 502 2932 om.
534 2886 626 2931 ΕΑ

220 2975 314 3000 Ano.
339 2977 390 3000 nn
417 2976 494 3001 etv.
518 2977 598 3002 mu.
631 2969 681 3001 ΙΙ.
1432 2964 1458 3003 5
