2054 3152
591 158 658 190 DE
682 156 921 190 01v1'rA'rE
946 150 1035 189 Dm
1058 159 1099 191 L.
1123 158 1207 192 xv,
1231 158 1270 192 c.
1296 161 1326 191 2.
1350 160 1381 192 3.
1763 147 1830 198 61

145 273 316 336 aperit,
357 285 503 334 quem
536 270 595 319 ad
628 269 828 318 modum
861 271 1132 334 scripturas
1164 269 1378 320 duorum
1408 278 1833 335 testamentorum,

147 347 328 394 veteris
367 351 416 393 et
455 346 589 409 novi,
637 345 860 408 accipere
904 342 1185 393 debeamus,
1261 344 1382 393 Pars
1421 346 1555 394 enim
1595 345 1833 409 quaedam

144 425 370 467 terrenae
411 419 620 467 civitatis
659 419 818 482 imago
859 416 1086 466 caelestis
1126 419 1337 466 civitatis
1377 419 1553 468 effecta
1592 425 1695 485 est,
1734 434 1834 468 non
1904 443 1913 455 ·

142 507 196 540 se
237 491 570 557 significandO,
610 490 695 540 sed
727 491 963 557 alteram,
1003 497 1052 540 et
1090 491 1201 540 ideo
1242 494 1476 541 serviens.
1551 492 1662 541 Non
1703 494 1834 542 enim

142 572 346 630 propter
385 580 438 614 se
470 566 641 631 ipsam,
681 564 767 614 sed
806 571 1010 630 propter
1050 564 1191 613 aliam
1231 565 1602 629 significandam
1642 574 1717 616 est
1756 568 1829 615 in·
1860 574 1886 615 5

143 640 335 705 stituta,
390 645 439 688 et
491 639 817 703 praecedente
874 638 966 687 alia
1024 638 1379 703 significatione
1429 646 1477 688 et
1527 642 1634 704 ipsa
1684 655 1823 704 prae-

142 713 359 776 figurans
416 713 742 778 praefigurata
796 719 886 762 est.
973 711 1194 776 Namque
1246 712 1372 777 Agar
1423 713 1594 762 ancilla
1648 713 1823 762 Sarrae

142 787 347 850 eiusque
380 786 510 835 filius
540 788 700 851 imago
732 786 972 851 quaedam
1009 785 1159 835 huius
1196 787 1422 851 imaginis
1463 787 1576 852 fuit3
1617 794 1667 836 et
1705 802 1824 851 quo-

141 861 271 908 niam
319 862 615 910 transiturae
665 866 805 909 erant
851 859 1055 909 umbrae
1105 858 1216 908 luce
1256 862 1506 926 veniente,
1552 860 1663 909 ideo
1704 860 1827 910 dixit

139 933 291 982 libera
335 934 495 1000 Sarra,
536 949 659 998 quae
700 933 1004 999 significabat
1041 932 1247 982 liberam
1286 936 1554 1000 civitatem,
1595 936 1676 983 cui
1714 950 1823 983 rur·
1864 944 1916 983 10

140 1022 225 1056 sus
273 1007 366 1056 alio
417 1007 560 1056 modo
617 1007 962 1072 significandae
1018 1008 1164 1056 etiam
1209 1007 1291 1056 illa
1336 1007 1512 1056 umbra
1558 1007 1824 1057 serviebat:

140 1083 264 1131 Eiee
304 1084 543 1131 ancillam
589 1088 638 1131 el
670 1085 833 1141 filium
872 1084 1011 1139 eius;
1058 1096 1157 1130 non
1197 1084 1328 1130 enim
1366 1083 1514 1131 heres
1553 1085 1654 1131 erit
1686 1085 1825 1141 filias

139 1158 359 1204 ancillae
405 1169 519 1204 eam
560 1158 668 1214 filio
715 1170 821 1204 meo
862 1156 1036 1215 Isaac,
1085 1154 1216 1218 quod
1265 1156 1331 1203 ait
1371 1155 1644 1220 apostolus:
1705 1156 1824 1204 Cum

134 1231 242 1287 filio
296 1229 502 1278 liberae.
579 1228 861 1278 Invenimus
917 1243 1034 1292 ergo
1090 1229 1142 1276 in
1196 1234 1395 1276 terrena
1449 1230 1645 1277 civitate
1701 1229 1822 1278 duas

138 1302 342 1366 formaS,
391 1317 539 1351 unam
586 1317 727 1351 suam
764 1303 1094 1367 praesentiam
1133 1301 1581 1368 demonstrantem,
1621 1302 1824 1352 alteram
1859 1312 1912 1350 15

138 1375 338 1424 caelesti
391 1377 575 1425 civitati
629 1375 977 1440 significandae
1033 1391 1122 1425 sua
1179 1378 1458 1440 praesentia
1513 1378 1824 1426 servientem.

137 1449 273 1498 Parit
304 1456 470 1498 autem
501 1451 632 1499 cives
672 1455 900 1499 terrenae
942 1450 1150 1498 civitatis
1188 1456 1391 1514 peccato
1432 1451 1597 1498 vitiata
1636 1457 1826 1515 natura,

138 1522 363 1572 caelestis
395 1538 511 1572 vero
544 1525 754 1572 civitatis
794 1525 925 1572 cives
963 1525 1094 1588 parit
1131 1537 1157 1570 a
1193 1529 1400 1607 peccato
1442 1531 1667 1573 naturam
1706 1523 1822 1572 libe-

138 1611 253 1646 rans
285 1599 462 1662 gratia3
501 1597 632 1646 unde
666 1596 746 1646 illa
778 1603 1016 1646 vocantur
1048 1612 1160 1645 vasa
1190 1598 1309 1663 irae,
1348 1599 1442 1646 ista
1480 1611 1594 1646 vasa
1632 1599 1822 1646 miseri-

139 1670 350 1720 cordiae.
443 1670 781 1735 Significatum
843 1678 920 1720 est
979 1670 1074 1719 hoc
1136 1672 1284 1720 etiam
1346 1673 1397 1720 in
1459 1670 1653 1720 duobus
1715 1671 1826 1720 filiis
1861 1680 1915 1718 20

141 1743 387 1809 Abrahae,
428 1744 559 1808 quod
598 1760 728 1794 unus
769 1744 829 1792 de
869 1743 1064 1808 ancilla,
1105 1759 1228 1807 quae
1269 1744 1527 1794 dicebatur
1565 1744 1716 1809 Agar,
1756 1759 1829 1793 se-

141 1816 360 1866 cundum
393 1832 592 1866 carnem
622 1825 766 1866 natus
799 1824 876 1866 est
906 1816 1096 1882 Ismael,
1135 1817 1258 1866 alter
1291 1825 1367 1867 est
1399 1825 1564 1867 autem
1596 1818 1657 1867 de
1684 1817 1830 1866 Sarra

144 1890 298 1939 libera
353 1891 626 1940 secundum
681 1892 1119 1956 repromissionem
1173 1898 1318 1940 natus
1371 1891 1519 1940 Isaac.
1609 1890 1828 1956 Uterque

142 1964 342 2028 quidem
373 1965 434 2013 de
468 1966 654 2014 semine
687 1964 931 2030 Abrahae3
972 1963 1058 2014 sed
1097 1963 1236 2014 illum
1275 1967 1447 2030 genuit
1486 1965 1830 2014 demonstrans

142 2037 450 2087 consuetudo
494 2044 734 2105 naturam,
773 2038 913 2087 illum
945 2053 1060 2086 vero
1094 2037 1229 2087 dedit
1260 2039 1521 2103 promissio
1553 2038 1833 2103 significans
1866 2046 1921 2087 25

138 2113 366 2176 gratiam,
406 2111 474 2160 ibi
505 2112 750 2161 humanus
791 2127 911 2161 usus
955 2111 1248 2177 ostenditun,
1287 2112 1367 2161 hic
1400 2112 1619 2161 divinum
1651 2111 1832 2161 benefi-

139 2186 270 2233 cium
304 2186 690 2234 commendatur.

823 2328 1015 2382 CAPUT
1053 2328 1150 2381 III.

228 2420 304 2469 De
342 2422 607 2470 sterilitate
648 2421 859 2479 Sarrae,
900 2435 1050 2481 quam
1091 2421 1189 2469 Dez'
1220 2423 1398 2481 qratia
1433 2420 1746 2480 fecundavit.

292 2507 438 2556 Sarra
479 2509 658 2573 quippe
700 2507 882 2556 sterilis
935 2515 1041 2557 erat
1080 2516 1128 2557 et
1167 2508 1509 2573 desperatione
1548 2495 1700 2573 prolis
1741 2508 1830 2558 sal·
1865 2517 1922 2556 30

145 2587 241 2629 tem
285 2580 345 2629 de
386 2581 558 2630 ancilla
598 2596 686 2631 sua
726 2583 1084 2645 concupiscens
1122 2580 1320 2647 habere,
1361 2581 1492 2646 quod
1532 2581 1592 2630 de
1634 2597 1685 2631 se
1727 2584 1830 2646 ipsa

262 2694 334 2747 13)
368 2691 479 2737 Gen.
513 2698 584 2749 21,
620 2698 684 2738 10.
750 2695 822 2748 20)
855 2693 987 2737 Rom.
1023 2698 1063 2747 9,
1097 2697 1151 2736 22
1186 2707 1250 2748 sq.

266 2831 320 2868 22
354 2825 475 2869 alter
506 2827 577 2869 est
616 2825 773 2878 VRA,·
804 2827 876 2870 est
909 2839 992 2869 om.
1016 2839 1042 2869 v
1065 2828 1080 2882 ΙΙ
1105 2830 1159 2869 25
1192 2825 1325 2868 illum
1357 2838 1466 2868 vero
1502 2823 1632 2868 VRA
1657 2826 1752 2879 (65,
1778 2829 1829 2878 1,-

146 2885 191 2937 I,
224 2888 327 2936 100,
361 2888 446 2937 18,·
478 2887 583 2941 142,
615 2888 681 2929 22
714 2889 836 2940 etc.);
868 2884 1015 2928 istum
1045 2897 1155 2928 vero
1187 2898 1212 2928 v
