2004 3140
583 135 650 168 DE
675 131 913 168 CIVITATE
935 134 1024 166 DEI
1049 134 1090 166 1¹.
1116 134 1198 167 xx.
1222 133 1260 167 c.
1285 136 1339 168 17.
1702 124 1813 176 445

121 263 334 315 corpora
389 247 448 296 ad
504 247 932 311 incorruptionem
983 252 1129 311 atque
1184 246 1588 296 inmortalitatem
1639 262 1814 298 novam

127 339 188 374 ex
219 329 385 372 vetere
419 322 739 386 corruptione
771 335 826 369 ac
859 320 1157 370 mortalitate
1189 320 1486 371 transibunt.
1565 321 1688 370 Nam
1719 321 1813 370 hoc

126 397 188 447 de
229 399 324 446 isto
357 402 580 460 tempore
615 395 856 460 accipere,
896 409 993 458 quo
1026 401 1200 458 regnat
1240 409 1352 443 cum
1393 410 1510 460 rege
1551 410 1641 444 suo
1681 395 1813 444 mille

127 472 291 536 anniS,
341 468 662 534 inpudentiae
703 469 881 517 nimiae
921 468 1041 517 mihi
1081 468 1297 534 videtur,
1350 484 1462 518 cum
1504 471 1813 534 apertissime

120 545 276 593 dicat:
330 543 598 604 Absterqel
642 556 834 592 omnem
885 544 1151 592 lacrimam
1199 543 1263 591 ab
1311 545 1470 592 oculis
1520 557 1720 601 eorum;
1767 549 1816 593 et
1847 551 1872 592 5

120 631 259 667 mors
305 619 406 666 iam
445 631 546 666 non
586 618 686 666 erit
722 631 884 677 neque
923 619 1087 665 luctus
1125 631 1286 677 neque
1326 619 1540 679 clamor,
1591 619 1683 666 sed
1718 631 1812 666 nec

121 693 271 741 dolor
301 694 445 741 ullus.
525 690 646 748 Quis
678 705 795 739 vero
828 696 928 739 tam
962 691 1026 738 sit
1058 688 1303 738 absurdus
1337 695 1387 738 et
1428 690 1812 740 obstinatissima

123 765 444 815 contentione
483 779 724 830 vesanuS,
765 765 850 828 qui
890 763 1066 813 audeat
1106 763 1363 812 adfirmare
1403 766 1453 812 in
1492 764 1642 814 huius
1680 779 1813 813 mor-

127 839 329 888 talitatis
363 840 628 904 aerumniS,
669 853 767 886 non
800 838 909 886 dico
950 837 1189 902 populum
1230 844 1469 904 sanctum,
1510 838 1596 887 sed
1635 853 1813 888 unum-

122 928 375 978 quemque
416 918 716 978 sanctorum,
757 913 842 976 qui
879 912 1006 960 hanc
1045 911 1120 960 vel
1161 911 1310 960 ducat
1348 912 1424 961 vel
1465 912 1706 962 ducturus
1747 914 1811 961 sit
1845 921 1899 962 10

125 987 203 1035 vel
249 986 446 1036 duxerit
493 988 663 1052 vitam,
710 985 869 1035 nullas
915 985 1178 1035 habentem
1231 985 1457 1035 lacrimas
1506 993 1555 1035 et
1594 986 1812 1052 dolores3

125 1075 242 1110 cum
302 1062 468 1125 potius
531 1065 714 1124 quanto
777 1066 853 1108 est
916 1061 1127 1123 quisque
1189 1062 1405 1109 sanctior
1466 1066 1517 1108 et
1579 1060 1812 1109 desiderii

124 1136 284 1184 sancti
330 1134 545 1199 plenior,
591 1139 728 1182 tanto
777 1135 840 1182 sit
886 1135 993 1182 eius
1040 1135 1091 1182 in
1116 1158 1118 1160 v
1143 1133 1327 1182 orando
1374 1134 1521 1183 fletus
1577 1131 1814 1183 uberior?

125 1207 200 1257 An
241 1223 340 1256 non
381 1213 457 1257 est
495 1223 587 1256 vox
635 1209 754 1256 civis
802 1221 1045 1272 supernae
1085 1207 1416 1257 Hierusalem:
1465 1209 1658 1258 Factae
1695 1213 1814 1257 sant

122 1284 250 1331 mila·
286 1285 534 1331 lacrimae
572 1295 714 1331 meae
747 1284 899 1343 panis
940 1284 1022 1331 die
1062 1296 1126 1331 ac
1165 1287 1323 1342 nocte,
1365 1289 1436 1331 et:
1478 1283 1683 1332 Lavabo
1718 1297 1815 1344 per
1850 1290 1903 1331 15

121 1358 353 1417 sinqulas
398 1362 570 1405 noctes
617 1359 798 1405 lectam
843 1370 1026 1416 meum,
1076 1358 1128 1405 in
1175 1359 1401 1406 lacrimis
1441 1359 1561 1406 meis
1599 1362 1815 1405 stratum

123 1443 286 1478 meum
333 1431 536 1491 riqabO,
586 1435 660 1479 et:
713 1431 932 1479 Gemitus
983 1444 1121 1479 meus
1167 1445 1268 1480 non
1308 1436 1382 1479 est
1419 1432 1744 1480 absconditus
1784 1445 1816 1479 a

120 1507 185 1563 te,
227 1509 298 1552 et:
338 1504 496 1553 Dolor
526 1518 664 1553 meus
694 1509 964 1553 renovatus
1004 1501 1112 1553 est?
1150 1503 1247 1553 Aut
1286 1519 1402 1553 vero
1442 1520 1542 1553 non
1582 1505 1689 1553 eius
1728 1504 1815 1553 filii

124 1583 272 1643 sunt,
321 1578 406 1641 qui
452 1578 797 1642 ingemescunt
843 1579 1053 1643 gravati,
1098 1579 1150 1626 in
1199 1593 1295 1642 quo
1345 1578 1522 1628 nolunt
1561 1577 1810 1643 expoliari,

124 1650 213 1699 sed
239 1652 577 1717 supervestiri,
609 1657 666 1700 ut
690 1650 1013 1700 absorbeatur
1038 1651 1244 1700 mortale
1278 1652 1371 1701 hoc
1397 1668 1423 1701 a
1447 1648 1582 1701 vita‘?
1637 1651 1809 1700 Nonne
1849 1659 1904 1699 20

124 1725 221 1788 ipsi
261 1730 399 1790 sunt,
447 1726 532 1788 qui
582 1726 827 1789 primitias
865 1724 1103 1774 habentes
1146 1724 1361 1789 Spiritus
1401 1727 1452 1774 in
1492 1732 1651 1774 semet
1689 1727 1808 1789 ipsis

122 1798 488 1861 ingemescunt,
536 1798 847 1863 adoptionem
889 1804 1231 1864 expectanteS,
1270 1798 1663 1864 redemptionem
1702 1814 1808 1847 cor-

123 1872 261 1936 poris
302 1869 414 1920 sui‘?
490 1871 563 1920 An
610 1873 716 1936 ipsc
763 1872 1015 1937 apostolus
1053 1871 1236 1922 Paulus
1275 1888 1374 1922 non
1416 1879 1521 1922 erat
1561 1888 1808 1938 supernus

124 1942 623 2011 HierosolymitanUS,
662 1945 739 1995 vel
779 1961 877 1994 non
918 1946 1072 1995 multo
1113 1948 1267 2011 magis
1306 1947 1401 1996 hoc
1442 1953 1573 2013 erat,
1614 1946 1808 2011 quando

123 2033 216 2083 pro
263 2018 499 2068 Israelitis
548 2019 825 2069 carnalibus
881 2019 1118 2070 fratribus
1173 2022 1276 2069 suis
1327 2023 1529 2070 tristitia
1583 2020 1652 2069 illi
1704 2027 1809 2069 erat
1843 2030 1897 2070 25

125 2106 300 2156 magna
354 2099 404 2141 et
458 2095 723 2143 continuus
778 2094 917 2142 dolor
973 2094 1110 2143 cordi
1166 2091 1310 2143 eius?
1388 2094 1595 2152 Quando
1647 2101 1812 2143 autem

124 2179 260 2214 mors
300 2181 400 2215 non
448 2169 543 2216 erit
594 2169 644 2216 in
684 2170 777 2217 ista
818 2169 1034 2233 civitate,
1083 2169 1179 2216 nisi
1219 2168 1415 2232 quando
1457 2169 1674 2218 dicetur:
1724 2169 1818 2218 Ubi

125 2245 219 2299 est,
259 2254 413 2301 mors‘,
462 2244 713 2291 contentio
753 2244 874 2291 lua?
961 2243 1055 2291 Ubi
1091 2247 1183 2302 est,
1223 2257 1377 2305 more,
1418 2246 1626 2293 aculeus
1666 2245 1814 2291 tuas?

123 2314 345 2363 Aculeus
393 2320 559 2364 autem
606 2318 779 2365 mortis
831 2322 905 2365 est
937 2321 1219 2377 peccatum.
1299 2316 1442 2374 Quod
1482 2323 1601 2366 tunc
1641 2318 1813 2381 utique

127 2400 227 2435 non
268 2389 377 2453 crit,
418 2388 612 2452 quando
654 2389 870 2438 dicetur:
919 2390 1014 2439 sz·
1050 2392 1156 2439 est?
1226 2389 1370 2439 Nunc
1409 2405 1526 2440 vero
1566 2405 1666 2439 non
1707 2391 1812 2454 qui·
1848 2401 1903 2439 30

249 2529 322 2582 15)
354 2528 426 2573 ΡΞ.
461 2533 532 2584 41,
567 2534 606 2573 4.
671 2532 743 2583 17)
766 2530 832 2575 lb.
861 2535 902 2585 6,
936 2535 975 2574 7.
1042 2533 1114 2587 18)
1137 2531 1204 2574 Ib.
1230 2535 1301 2585 37,
1337 2535 1404 2575 10.
1470 2532 1544 2587 18)
1569 2531 1633 2575 lb.
1670 2536 1739 2584 38,
1773 2536 1812 2574 3.

125 2586 201 2686 ἓξ)
233 2590 288 2686 gg
310 2586 410 2630 Cor.
445 2592 486 2642 5,
519 2594 559 2631 4.
621 2591 694 2643 23)
719 2589 851 2632 Rom.
877 2594 918 2644 8,
952 2595 1022 2633 23.
1087 2592 1160 2646 26)
1192 2591 1323 2634 Rom.
1359 2595 1403 2646 9,
1434 2595 1474 2633 2.
1538 2592 1611 2646 29)
1647 2595 1685 2634 1.
1713 2590 1813 2636 Cor.

191 2679 199 2699 ν
323 2659 387 2699 Sq-

250 2810 274 2848 7
308 2806 369 2862 et]
404 2807 486 2849 aut
515 2805 560 2849 A
591 2807 606 2863 ΙΙ
642 2812 694 2851 19
728 2810 1001 2864 gemescunt
1031 2809 1076 2854 R
1099 2811 1114 2867 ΙΙ
1138 2809 1328 2867 spoliari
1359 2809 1405 2855 R
1428 2812 1443 2867 ΙΙ
1478 2816 1534 2855 20
1565 2811 1654 2856 hoc
1685 2811 1731 2855 R
1763 2816 1815 2855 ut

130 2863 344 2918 Tertull.;
375 2878 458 2910 om.
486 2866 555 2909 Av
580 2868 648 2920 (7,
672 2871 750 2922 11)
