2004 3140
554 159 618 190 DE
643 157 882 191 clva'rE
906 157 995 189 Dm
1018 158 1060 190 L.
1085 158 1211 190 xxn.
1235 158 1272 191 c.
1297 160 1328 190 2.
1680 146 1787 198 555

103 272 333 321 sauciatis
374 277 423 319 et
461 285 605 334 asper
646 269 854 333 quodam
895 270 1040 318 modo
1081 286 1139 318 ex
1179 272 1286 320 miti
1326 278 1375 320 et
1413 286 1472 319 ex
1512 269 1788 319 delectabili

103 345 339 394 molestus
379 344 613 408 efficitur,
665 359 778 392 cum
818 345 922 408 ipse
963 344 1090 408 apud
1132 360 1183 393 se
1223 346 1386 409 ipsum
1427 351 1619 395 maneat
1657 344 1788 393 idem

103 421 189 483 qui
228 419 333 467 fuit,
410 417 600 466 Dicitur
641 419 787 466 etiam
828 417 1051 466 voluntas
1090 418 1200 484 Dei,
1249 434 1394 482 quam
1434 419 1550 467 facit
1588 420 1638 466 in
1680 433 1786 466 cor-

103 492 247 541 dibus
279 490 646 540 oboedientium
679 491 919 540 mandatis
960 493 1080 556 01115,
1121 491 1180 540 de
1223 507 1316 556 qua
1357 492 1476 540 dicit
1514 491 1788 556 apostolus:

100 567 237 616 Deus
270 567 399 614 enim
431 571 517 625 est,
557 567 646 626 que·
675 571 919 627 operatur
959 568 1011 614 in
1043 567 1180 614 vobis
1219 572 1268 614 ec
1305 569 1441 626 velle,
1482 567 1610 614 sicut
1647 567 1786 614 iusti-

101 642 167 689 tia
206 638 294 688 Dei
345 653 442 687 non
493 638 651 687 50111111
700 654 795 703 qua
842 640 947 702 ipse
996 640 1156 688 iustus
1205 646 1282 688 est
1327 638 1530 702 dicitur,
1582 638 1668 687 sed
1707 638 1788 687 illa

101 715 248 762 etiam
289 727 433 776 quam
474 714 523 760 in
564 711 776 777 homine,
817 713 902 775 qui
941 711 1000 760 ab
1040 711 1122 760 illo
1163 713 1473 778 iustificatur,
1514 712 1642 762 facit.
1707 713 1787 761 Sic

101 794 151 836 et
182 786 259 835 lex
292 787 399 835 eius
431 793 647 851 vocatur,
689 801 814 850 quae
848 787 1011 849 potius
1044 792 1120 834 est
1151 786 1421 852 homiuum,
1462 785 1547 835 sed
1581 786 1640 835 ab
1681 789 1788 851 ipso

101 862 232 925 data;
273 874 385 908 nam
420 861 588 923 utique
622 859 846 908 homines
881 866 1034 925 erant,
1076 859 1255 923 quibus
1288 862 1354 908 ait
1386 860 1546 910 lesus:
1586 862 1648 910 In
1681 865 1790 922 leqe

100 940 268 984 vestra
315 936 559 995 scriptum
614 940 706 993 est,
763 948 876 982 cum
932 933 1024 981 alio
1079 933 1187 982 1000
1235 933 1475 999 legamus:
1534 935 1644 983 Lex
1694 936 1793 984 Dei

100 1011 207 1058 eius
257 1010 307 1056 in
355 1009 511 1056 corde
558 1009 679 1056 eius.
760 1006 1043 1056 Secundum
1091 1006 1215 1056 hanc
1264 1007 1592 1073 voluntatem,
1644 1023 1790 1072 quam

100 1082 232 1131 Deus
287 1088 520 1146 operatur
571 1082 621 1129 in
677 1079 981 1147 110111111111115,
1033 1083 1178 1129 etiam
1228 1081 1347 1130 velle
1398 1081 1602 1148 dicitur,
1658 1082 1788 1146 quod

101 1171 199 1204 non
249 1156 354 1219 ipse
405 1154 533 1219 vult,
589 1154 675 1203 sed
724 1170 841 1203 suos
888 1154 936 1202 id
988 1155 1203 1203 volentes
1252 1156 1390 1220 facit3
1439 1157 1567 1204 sicut
1607 1155 1788 1205 dicitur

101 1230 404 1294 cognovisse,
444 1228 574 1292 quod
615 1234 670 1277 ut
711 1235 1096 1292 cognosceretur
1135 1229 1267 1293 fecit,
1308 1244 1334 1277 a
1374 1228 1554 1293 quibus
1594 1231 1785 1293 ignora—

101 1303 261 1352 batur.
338 1301 509 1366 Neque
543 1303 674 1350 enim
708 1301 902 1351 dicente
936 1301 1177 1366 apostolo:
1218 1305 1366 1352 Nunc
1399 1309 1565 1352 autem
1605 1318 1786 1365 coquo-

100 1383 296 1427 scentes
336 1377 510 1436 Deum,
552 1379 698 1425 immo
738 1378 933 1437 coym'tz'
970 1391 1002 1424 a
1034 1377 1154 1440 Dm,
1194 1377 1266 1425 fas
1307 1384 1382 1426 est
1421 1383 1476 1426 ut
1515 1377 1788 1442 credamus,

102 1449 234 1515 quod
275 1465 359 1498 eos
399 1456 519 1498 tunc
567 1451 854 1514 cognoverit
893 1448 1023 1498 Deus
1070 1452 1415 1515 praecognitos
1456 1457 1567 1499 ante
1608 1453 1787 1499 consti-

100 1525 343 1573 tutionem
393 1523 586 1589 mundi3
641 1523 727 1572 sed
779 1530 898 1572 tunc
953 1525 1241 1588 cognovisse
1293 1524 1454 1573 dictus
1506 1532 1601 1590 est,
1658 1525 1788 1588 quod

99 1605 219 1647 tunc
270 1603 325 1646 ut
373 1604 758 1661 cognosceretur
806 1598 982 1645 effecit.
1060 1596 1128 1645 De
1169 1597 1245 1646 his
1286 1597 1590 1647 locutionum
1631 1598 1788 1646 modis

100 1674 196 1720 iam
236 1678 285 1719 et
323 1672 375 1718 in
408 1670 749 1735 superioribus
788 1670 927 1718 libris
968 1673 1168 1719 memini
1206 1671 1523 1735 disputatum.
1603 1671 1787 1721 Secun-

99 1745 216 1794 dum
250 1744 374 1793 hanc
408 1759 524 1808 ergo
557 1744 872 1810 voluntatem,
913 1759 1006 1808 qua
1047 1743 1202 1793 Deum
1242 1745 1363 1793 velle
1407 1744 1616 1794 dicimus
1657 1745 1788 1809 quod

94 1818 221 1867 alios
262 1818 413 1867 efficit
453 1817 598 1883 velle,
646 1834 672 1866 a
712 1817 894 1881 quihus
935 1818 1102 1867 sutura
1143 1820 1448 1885 nesciuntur,
1495 1818 1647 1868 multa
1687 1818 1789 1867 vult

100 1907 191 1941 nec
230 1892 361 1941 facit.

248 1964 399 2014 Multa
439 1967 569 2014 enim
621 1964 792 2014 volunt
839 1966 946 2014 fieri
987 1967 1144 2014 sancti
1184 1967 1291 2014 eius
1331 1965 1390 2014 ab
1430 1965 1513 2014 illo
1552 1968 1789 2030 inspirata

98 2047 270 2088 sancta
318 2038 592 2104 voluntate,
647 2053 739 2087 nec
790 2039 935 2099 fiunt,
984 2041 1112 2087 sicut
1161 2047 1303 2088 orant
1351 2054 1442 2103 pro
1495 2038 1788 2103 quibusdam

100 2115 180 2178 pie
222 2119 511 2177 sancteque,
560 2119 609 2161 et
649 2111 778 2176 quod
821 2119 963 2160 orant
1002 2127 1099 2160 non
1140 2112 1278 2178 facit,
1327 2127 1439 2161 curn
1478 2114 1583 2177 ipse
1625 2115 1675 2161 in
1717 2115 1788 2162 eis

102 2186 228 2234 hanc
276 2185 449 2234 orandi
500 2185 800 2235 voluntatem
853 2193 1021 2234 sancto
1072 2185 1260 2250 Spiritu
1313 2201 1401 2235 5110
1455 2186 1642 2235 fecerit.
1719 2187 1787 2235 Ac

100 2275 190 2325 per
229 2259 345 2325 hoc,
393 2259 586 2323 quando
628 2259 901 2308 secundum
941 2259 1098 2308 Deum
1138 2259 1307 2308 volunt
1346 2266 1396 2308 et
1435 2267 1577 2308 orant
1617 2262 1788 2325 sancti,

101 2341 156 2382 ut
196 2335 402 2397 quisque
453 2334 517 2381 sit
564 2332 725 2381 salvus
738 2372 751 2399 ‚
797 2348 1062 2398 possumus
1108 2333 1189 2381 illo
1230 2333 1374 2381 modo
1413 2333 1677 2383 locutionis
1717 2333 1786 2382 di-

100 2421 238 2455 cere:
275 2405 428 2472 „Vult
467 2405 598 2455 Deus
646 2413 694 2455 et
742 2422 841 2455 11011
881 2402 1054 2472 facit“;
1095 2413 1150 2455 ut
1188 2408 1351 2471 ipsum
1391 2407 1610 2455 dicamus
1651 2406 1787 2470 velle,

222 2549 263 2603 5)
295 2547 413 2590 Phil.
458 2551 507 2602 2,
553 2552 620 2590 13.
686 2550 757 2602 10)
791 2549 854 2592 10.
889 2553 936 2603 8,
980 2553 1049 2592 17.
1114 2548 1186 2603 11)
1219 2547 1291 2592 Ps.
1324 2552 1402 2602 36,
1445 2552 1514 2590 31.
1581 2548 1652 2602 16)
1685 2546 1786 2592 Gal.

99 2612 145 2661 4,
177 2611 216 2650 9.
283 2609 354 2661 18)
388 2610 427 2650 1.
460 2606 580 2649 Petr.
617 2611 657 2658 1,
689 2611 758 2648 20.

222 2771 246 2810 5
281 2766 405 2810 enim
438 2768 507 2810 est
538 2767 584 2810 R
614 2780 696 2810 sec.
723 2766 908 2819 Graec.,·
941 2767 1011 2809 est
1043 2765 1165 2809 enim
1197 2779 1222 2808 v
1246 2767 1261 2821 ΙΙ
1286 2771 1399 2809 5——7
1433 2767 1663 2822 vulyarem
1694 2779 1789 2810 ver·

103 2827 262 2871 borum
292 2826 626 2870 distinctionem
665 2825 837 2882 „vesse
901 2824 1031 2868 Sicut
1063 2858 1073 2867 .
1108 2860 1118 2868 .
1150 2823 1285 2867 facit:
1328 2823 1431 2868 sic“
1464 2825 1639 2869 mutavi
1677 2826 1692 2881 ΙΙ
1733 2829 1786 2868 11

104 2884 241 2930 corde
272 2883 418 2941 ipsius
448 2898 475 2928 v
499 2886 514 2941 ΙΙ
539 2889 593 2928 13
625 2884 723 2942 ipse
756 2897 850 2928 non
879 2897 905 2927 v
929 2884 945 2940 ΙΙ
970 2887 1025 2926 14
1056 2881 1170 2927 facit
1201 2882 1292 2926 ΕΑ

1824 944 1878 983 10

1823 1312 1876 1350 15

1822 1680 1878 1719 20

1820 2048 1876 2087 25

1819 2415 1877 2454 30
