2004 3140
531 115 598 147 DE
622 112 860 148 om‘rA'rE
884 113 973 145 DEI
996 114 1038 145 L.
1063 114 1167 146 xxr.
1192 114 1228 147 o.
1254 115 1307 148 15.
1332 116 1385 148 16.
1698 104 1804 155 519

125 234 201 278 est
255 234 418 277 tamen
474 241 620 291 quam
666 227 832 290 priora
878 227 1003 274 vitae
1058 225 1219 276 huius.
1303 226 1477 276 Melius
1525 227 1806 292 confligitur

125 303 307 366 quippe
339 315 452 349 cum
483 301 630 366 vitiis,
672 314 816 364 quam
849 301 954 348 sine
987 299 1084 348 ulla
1126 301 1436 350 conflictione
1477 301 1805 351 dominantur.

122 375 295 424 Melius
335 380 426 439 est,
463 375 678 439 inquam,
717 372 899 422 bellum
940 389 1053 422 cum
1093 389 1178 438 spe
1218 377 1352 439 pacis
1392 382 1618 424 aeternae
1660 390 1807 439 quam

118 451 226 498 sine
267 447 364 497 ulla
403 446 707 496 liberationis
741 449 1035 511 cogitatione
1077 450 1345 512 captivitas.
1423 448 1660 513 Cupimus
1700 450 1805 512 qui-

120 522 232 571 dem
272 523 418 571 etiam
457 521 550 570 hoc
590 520 717 570 bello
759 536 927 570 carere
969 528 1019 570 et
1057 521 1116 570 ad
1158 522 1508 586 capessendam
1547 523 1804 572 ordinatis·
1839 532 1864 571 5

121 597 294 644 simam
324 610 510 660 pacem,
542 594 626 644 ubi
659 596 940 643 firmissima
972 594 1234 644 stabilitate
1268 596 1545 660 potioribus
1569 597 1804 645 inferiora

119 668 420 734 subdantur,
458 670 570 733 igne
610 668 760 717 divini
800 670 980 717 amoris
1020 669 1349 718 accendimur.
1430 669 1525 718 Sed
1567 671 1608 718 si
1648 665 1806 736 (quod

116 739 270 809 absit)
317 742 447 792 illius
493 744 616 791 tanti
663 741 780 791 boni
827 757 939 806 spes
979 742 1111 791 nulla
1163 750 1316 809 esset,
1363 743 1503 792 malle
1545 743 1805 792 debuimus

118 818 170 865 in
209 816 356 865 huius
404 816 780 865 conflictationis
828 816 1051 865 molestia
1100 832 1358 866 remanere
1400 832 1545 881 quam
1585 819 1714 867 vitiis
1755 819 1806 866 in

117 905 208 938 nos
247 890 629 939 dominationem
670 905 766 938 non
808 891 879 938 eis
919 890 1196 939 resistendo
1236 893 1539 955 permittere.
1842 902 1895 941 10

775 1106 973 1160 CAPUT
1007 1107 1154 1161 XVI.

116 1216 222 1264 Sub
255 1217 436 1277 quibus
463 1218 670 1276 qratiae
702 1217 895 1276 leqibus
928 1229 1094 1264 omnes
1127 1220 1544 1276 reqeneratorum
1584 1217 1804 1266 habean-

799 1294 884 1337 tur
923 1295 1127 1338 aetates.

263 1391 446 1440 Verum
485 1398 619 1440 tanta
660 1398 737 1440 est
775 1391 865 1441 Dei
903 1391 1242 1441 misericordia
1281 1394 1332 1440 in
1371 1408 1483 1441 vasa
1523 1394 1802 1442 misericor-

114 1466 238 1532 diae,
279 1481 402 1529 quae
435 1467 742 1530 praeparavit
771 1468 822 1514 in
855 1465 1074 1532 gloriam,
1114 1473 1169 1515 ut
1209 1468 1354 1515 etiam
1394 1468 1552 1531 prima
1590 1466 1803 1516 hominis
1838 1478 1891 1516 15

118 1547 269 1606 aetas,
306 1539 356 1587 id
389 1546 465 1588 est
495 1539 714 1606 infantia,
754 1554 878 1604 quae
912 1541 1017 1588 sine
1050 1539 1149 1588 ullo
1183 1542 1352 1589 renisu
1393 1539 1614 1589 subiacet
1654 1543 1806 1607 carni,

118 1620 168 1661 et
208 1612 447 1678 secunda,
495 1627 618 1676 quae
659 1615 872 1678 pueritia
911 1620 1248 1680 nuncupatur,
1294 1613 1380 1662 ubi
1419 1614 1638 1663 nondum
1678 1616 1802 1664 ratio

118 1688 338 1751 suscepit
385 1686 511 1734 hanc
557 1702 773 1751 pugnam
813 1694 862 1735 et
901 1687 1005 1736 fere
1046 1686 1137 1735 sub
1179 1686 1406 1736 omnibus
1446 1689 1634 1736 vitiosis
1675 1688 1804 1737 dele-

112 1759 412 1810 ctationibus
442 1761 583 1820 iacet,
625 1763 753 1828 quia,
791 1760 908 1810 licet
947 1760 1040 1809 fari
1078 1762 1174 1810 iam
1213 1760 1369 1809 valeat
1409 1768 1459 1810 et
1496 1761 1606 1810 ideo
1646 1762 1802 1810 infan-

111 1837 230 1883 tiam
262 1835 499 1883 transisse
531 1834 770 1900 videatur,
808 1834 1027 1884 nondum
1059 1836 1110 1883 in
1152 1850 1207 1883 ea
1247 1842 1322 1883 est
1361 1836 1612 1899 praecepti
1652 1850 1803 1900 capax
1837 1847 1893 1886 20

114 1908 373 1956 infirmitas
399 1909 594 1974 mentiS,
627 1910 670 1957 si
695 1915 999 1957 sacramenta
1024 1908 1306 1958 Mediatoris
1339 1910 1601 1974 acceperit,
1635 1911 1803 1958 etiam—

116 1983 157 2030 si
196 1981 322 2030 hanc
353 1983 406 2030 in
446 1982 518 2029 eis
551 1983 691 2030 annis
723 1983 870 2031 vitam
911 1983 1062 2047 finiat,
1101 1982 1334 2031 translata
1374 1982 1564 2031 scilicet
1603 1998 1629 2031 a
1667 1990 1803 2047 pote-

113 2062 240 2104 state
295 2053 615 2104 tenebrarum
670 2057 721 2104 in
775 2071 985 2120 regnum
1040 2055 1223 2104 Christi
1278 2071 1377 2123 non
1424 2055 1583 2104 solum
1631 2058 1804 2120 poenis

114 2143 214 2177 non
245 2126 569 2193 praeparetur
601 2130 830 2195 aeternis,
870 2129 956 2178 sed
988 2145 1049 2178 ne
1083 2128 1180 2178 ulla
1213 2129 1411 2194 quidem
1442 2136 1555 2194 post
1593 2139 1804 2179 mortem

111 2201 397 2267 purgatoria
436 2208 681 2251 tormenta
718 2205 946 2267 patiatur.
1025 2202 1218 2252 Sufficit
1257 2205 1389 2252 enim
1428 2203 1530 2252 sola
1569 2203 1804 2268 spiritalis
1839 2214 1892 2254 25

115 2277 442 2341 regeneratiO,
481 2291 542 2324 ne
575 2283 688 2340 post
720 2283 931 2326 mortem
963 2276 1093 2325 obsit
1133 2276 1263 2341 quod
1304 2276 1512 2326 carnalis
1552 2279 1802 2341 generatio

115 2365 229 2398 cum
261 2356 419 2398 morte
452 2351 709 2399 contraxit.
787 2349 909 2399 Cum
943 2357 1108 2399 autem
1147 2358 1348 2400 ventum
1389 2351 1538 2399 fuerit
1577 2351 1636 2399 ad
1677 2358 1803 2400 aeta-

117 2429 234 2487 tem,
274 2437 398 2486 quae
431 2430 751 2488 praeceptum
783 2425 879 2472 iam
912 2426 1041 2488 capit
1081 2431 1130 2473 et
1169 2423 1314 2473 subdi
1352 2430 1515 2488 potest
1554 2423 1676 2488 legis
1716 2426 1803 2472 im-

113 2497 276 2561 periO,
327 2496 698 2561 suscipiendum
739 2505 812 2547 est
851 2497 1034 2546 bellum
1075 2504 1247 2546 contra
1285 2499 1400 2546 vitia
1441 2504 1489 2545 et
1531 2497 1804 2561 gerendum

238 2624 308 2678 15)
339 2622 472 2666 Rom,
505 2627 546 2677 9,
579 2627 648 2666 23.

154 2842 162 2850 ⁵
219 2788 265 2885 Ξ
295 2797 435 2839 quam
465 2796 578 2838 mss;
610 2797 749 2839 quam
782 2799 885 2829 cum
916 2798 942 2828 v
981 2786 996 2841 ΙΙ
1036 2789 1060 2829 5
1093 2785 1181 2829 hoc
1215 2798 1296 2829 om.
1331 2784 1398 2829 ΕΙ
1435 2786 1450 2842 ΙΙ
1491 2790 1516 2828 9
1550 2785 1804 2830 conflictio-

116 2857 188 2886 ms
