2004 3140
235 148 343 202 500
908 160 943 192 s.
968 157 1245 193 Aueus'rmr

236 273 339 322 solo
391 279 441 322 et
488 287 680 322 camera
727 274 1048 337 proportione
1097 271 1447 336 magnitudinis
1499 273 1673 335 positis
1725 271 1919 320 simula-

236 362 376 396 crum
416 347 636 396 ferreum
683 348 811 395 aeris
862 345 993 394 illius
1032 346 1193 395 medio
1233 347 1363 394 inter
1403 341 1671 409 utrumque
1711 345 1922 410 lapidem

235 420 591 487 ignorantibus,
632 420 748 484 quid
790 434 988 468 sursum
1029 426 1161 469 esset
1201 434 1255 468 ac
1296 419 1543 485 deorsum,
1583 421 1724 483 quasi
1762 421 1921 468 numi-

234 496 311 542 nis
343 500 585 559 potestate
618 494 881 559 penderet3
915 493 1064 558 >quale
1105 492 1286 557 aliquid
1326 494 1471 541 etiam
1510 495 1561 542 in
1601 493 1682 542 illa
1720 493 1922 542 lucerna

177 576 202 616 5
236 567 440 617 Veneris
495 568 555 617 de
602 568 760 633 lapide
814 567 1008 616 asbesto
1061 566 1119 616 ab
1173 566 1357 616 artifice
1405 567 1513 615 fieri
1557 569 1778 632 potuisse
1826 569 1922 615 iam

237 637 496 710 diximus);
538 643 581 691 si
619 657 874 707 magorum
913 657 1077 707 opera,
1117 656 1241 705 quos
1281 647 1450 689 nostra
1490 642 1735 705 scriptura
1775 656 1918 690 vene-

234 717 353 764 fic'os
394 722 443 765 et
481 718 812 765 incantatores
851 722 1014 781 vocat,
1062 717 1112 763 in
1153 721 1342 764 tantum
1383 714 1646 764 daemones
1686 714 1919 764 extollere

236 796 533 856 potuerunt,
585 796 640 838 ut
692 805 966 854 congruere
1018 789 1273 842 hominum
1325 787 1554 837 sensibus
1601 788 1693 838 sibi
1743 787 1924 837 nobilis

237 870 382 928 poeta
420 864 696 930 videretur,
746 863 806 912 de
848 863 1057 928 quadam
1098 863 1300 929 femina,
1340 877 1464 927 quae
1504 861 1590 911 tali
1629 868 1733 911 arte
1772 862 1922 927 polle-

150 946 203 986 10
235 943 335 1004 ret,
374 937 566 987 dicens:

383 1042 521 1090 Haec
562 1058 612 1089 se
654 1042 957 1090 carminibus
997 1041 1263 1103 promittit
1288 1042 1482 1090 solvere
1520 1042 1713 1088 mentes

385 1115 518 1173 Quas
558 1116 697 1179 velit,
738 1117 817 1164 ast
856 1116 968 1164 aliis
1010 1116 1159 1163 duras
1198 1115 1451 1163 inmittere
1492 1129 1650 1175 curas,

385 1189 574 1238 Sistere
616 1206 799 1252 aquam
837 1190 1000 1238 fluviis
1042 1192 1092 1238 et
1131 1192 1327 1239 vertere
1368 1188 1531 1237 sidera.
1569 1191 1728 1251 retr03

384 1262 768 1326 Nocturnosque
807 1265 904 1312 ciet
943 1279 1140 1312 manes:
1178 1263 1374 1325 mugire
1414 1262 1607 1311 videbis

152 1345 204 1383 15
388 1337 488 1385 Sub
528 1338 738 1399 pedibus
778 1341 966 1386 terram
1007 1339 1057 1385 et
1097 1337 1392 1385 descendere
1431 1336 1685 1384 montibus
1727 1346 1895 1384 ornos:

242 1446 423 1504 quanto
480 1442 634 1503 magis
689 1439 820 1488 Deus
882 1445 1057 1504 potens
1120 1447 1196 1488 est
1251 1439 1411 1488 facere
1469 1453 1592 1503 quae
1647 1436 1927 1486 infidelibus
1998 1492 2001 1495 Α

243 1519 360 1562 sunt
405 1512 732 1579 incredibilia,
781 1513 867 1561 sed
915 1513 1046 1561 illius
1088 1513 1245 1562 facilia
1284 1514 1536 1578 potestati3
1585 1511 1779 1575 quando
1821 1512 1926 1575 qui·

244 1586 356 1635 dem
395 1589 500 1652 ipse
533 1587 750 1651 lapidum
782 1586 1085 1650 aliarumque
1127 1589 1222 1635 vim
1263 1602 1433 1636 rerum
1474 1593 1522 1636 et
1559 1585 1817 1635 hominum
1854 1587 1927 1633 in-

242 1662 405 1726 genia,
454 1663 539 1725 qui
579 1676 633 1709 ea
675 1662 812 1709 miris
859 1667 1069 1709 utuntur
1117 1661 1296 1726 modiS,
1345 1660 1688 1725 angelicasque
1728 1664 1928 1708 naturas

155 1741 211 1780 20
245 1733 471 1783 omnibus
520 1736 733 1783 terrenis
783 1736 1089 1799 potentiores
1148 1734 1478 1783 animantibus
1531 1733 1770 1799 condidit,
1821 1731 1930 1781 uni-'

242 1822 381 1856 versa
434 1807 672 1856 mirabilia
719 1807 930 1856 mirabili
978 1810 1204 1857 vincente
1254 1810 1435 1857 virtute
1485 1814 1533 1856 et
1581 1806 1816 1872 operandi
1855 1807 1928 1855 iu-

240 1881 391 1931 bendi
430 1882 720 1946 sinendique
755 1883 1006 1947 sapientia,
1046 1889 1191 1931 utens
1225 1881 1452 1931 omnibus
1486 1889 1585 1931 tam
1624 1879 1928 1946 mirabiliter,

243 1969 389 2018 quam
428 1957 625 2005 creavit.

914 2114 1104 2168 CAPUT
1144 2113 1263 2167 VII.

156 2226 210 2266 25
289 2221 434 2278 Quod
472 2223 522 2268 in
562 2222 712 2270 rebus
753 2224 894 2270 miris
932 2235 1124 2269 summa
1165 2223 1412 2270 credendi
1448 2223 1583 2270 ratio
1621 2223 1688 2270 sit
1727 2221 1878 2269 omni-

813 2297 1041 2356 potentia
1082 2295 1351 2343 Creatori&

395 2395 493 2444 Cur
533 2398 698 2460 itaque
739 2397 901 2445 facere
952 2412 1051 2445 non
1090 2399 1248 2462 possit
1285 2396 1438 2463 DeuS,
1486 2403 1540 2446 ut
1581 2402 1629 2445 et
1668 2401 1930 2459 resurgant

249 2485 455 2534 corpora
505 2476 815 2519 mortuorum
868 2476 916 2519 et
963 2472 1075 2534 igne
1131 2476 1332 2519 aeterno
1385 2472 1672 2519 crucientur
1724 2483 1932 2534 corpora
1975 2495 1994 2500 «

247 2543 601 2609 damnatorum,
643 2546 728 2607 qui
760 2545 876 2592 fecit
908 2543 1147 2592 mundum
1186 2546 1237 2592 in
1277 2544 1410 2592 caelo
1450 2547 1501 2592 in
1540 2551 1686 2610 terra,
1726 2545 1778 2592 in
1817 2558 1928 2592 aere

159 2625 215 2664 30
246 2619 296 2665 in
338 2619 477 2680 aquis
523 2617 965 2666 innumerabilibus
1005 2617 1254 2666 miraculis
1294 2618 1516 2683 plenum,
1565 2632 1677 2666 cum
1728 2618 1791 2665 sit
1830 2631 1930 2665 om-

247 2689 394 2739 nibus
435 2690 612 2754 quibus
652 2690 828 2756 plenus
878 2698 955 2740 est
1004 2691 1178 2756 procul
1217 2690 1366 2739 dubio
1406 2693 1562 2740 maius
1603 2698 1651 2740 et
1691 2689 1930 2739 excellen-

249 2765 346 2813 tius
380 2766 526 2812 etiam
558 2764 772 2814 mundus
804 2767 908 2830 ipse
943 2760 1270 2814 miraculum?
1334 2765 1430 2814 Sed
1462 2767 1558 2831 isti,
1598 2779 1712 2813 cum
1752 2762 1931 2828 quibus

365 2893 409 2946 4)
443 2890 559 2935 Plin.
593 2891 648 2935 H.
680 2892 735 2936 N.
772 2897 840 2949 34,
878 2898 931 2936 14
964 2895 1069 2949 (42).
1137 2894 1206 2948 15)
1239 2892 1353 2937 Aen.
1387 2897 1429 2950 4,
1462 2897 1545 2936 487
1581 2906 1677 2947 sqq.
