2004 3140
558 149 626 182 m]
650 147 890 182 mvrrA'rE
913 148 1004 181 Dm
1027 149 1068 182 L.
1092 149 1175 182 xx.
1200 149 1238 183 ο.
1263 151 1316 183 10.
1673 141 1783 194 433

95 260 190 311 bus
229 263 317 312 ait:
356 262 415 311 Si
450 262 811 311 resurrexistis
850 275 963 311 cum
1009 262 1219 322 Christo,
1260 276 1392 323 quae
1429 277 1631 314 sursum
1669 270 1787 314 sunt

89 338 270 398 sapite.
363 334 522 393 Quem
581 349 783 383 sensum
834 334 997 384 verbis
1048 335 1154 383 aliis
1208 334 1324 385 alibi
1372 338 1540 401 posuit
1592 337 1784 387 dicens:

106 410 188 470 Ut,
238 423 381 471 quem
422 411 493 458 ad
528 410 728 457 modum
773 409 1002 458 Christus
1039 412 1333 459 resurrexit
1370 425 1403 459 a
1442 414 1653 461 mortuis
1685 427 1784 474 per

87 485 309 544 gloriam
349 483 544 542 Patri3‚
591 484 666 531 sic
713 487 763 532 et
807 497 898 531 nos
937 485 989 531 in
1028 484 1250 532 novitate
1288 485 1422 533 vitae
1461 486 1779 535 ambulemus.

91 554 218 604 Hinc
243 563 320 605 est
344 562 394 605 et
425 555 569 605 illud:
610 556 778 617 Surqe
809 557 899 617 qui
935 558 1124 605 dormis
1163 562 1212 606 et
1250 572 1448 618 exurqe
1487 572 1519 607 a
1558 562 1782 620 mortuiS,

89 634 141 678 et
171 631 491 679 inluminabit
521 635 568 679 te
606 630 846 679 Christus.
926 628 1068 687 Quod
1100 636 1264 679 autem
1297 630 1470 680 dicunt
1501 646 1602 680 non
1634 647 1779 696 posse

89 716 370 770 resurgere,
409 705 505 752 nisi
545 705 630 768 qui
669 702 865 769 cadunt,
905 710 954 753 et
993 703 1104 752 ideo
1143 710 1320 768 putant
1358 707 1780 754 resurrectionem

91 775 151 824 ad
190 792 423 844 corpora,
461 793 561 826 non
601 776 660 826 ad
701 779 886 826 animas
925 779 1204 843 pertinere,
1244 779 1359 842 quia
1399 794 1666 843 corporum
1705 787 1781 829 est

88 849 290 901 cadere:
331 867 422 901 cur
454 866 554 900 non
585 850 813 902 audiunt:
854 851 964 901 Non
995 854 1252 902 recedatis
1284 853 1348 901 ab
1382 855 1479 912 illc,
1521 868 1584 903 ne
1623 855 1779 902 cada-

88 926 175 985 tis,
226 931 297 974 et:
352 926 455 975 Suo
494 926 707 974 Domino
753 930 856 974 stat
901 931 992 974 aut
1038 927 1206 983 cadit,·
1257 932 1327 975 et:
1390 927 1490 985 Qui
1533 942 1586 976 se
1628 933 1779 989 putat

87 1003 243 1058 stare,
284 1004 466 1049 caveat
503 1014 565 1048 ne
601 995 791 1048 cadat?
866 998 992 1048 Puto
1034 1001 1166 1048 enim
1206 999 1337 1063 quod
1377 1001 1428 1048 in
1468 1001 1642 1066 anima,
1683 1016 1781 1050 non

90 1072 142 1119 in
182 1087 391 1137 corpore
430 1087 575 1122 casus
619 1074 714 1121 iste
762 1072 1008 1122 cavendus
1049 1079 1138 1122 est.
1217 1072 1270 1121 Si
1308 1074 1460 1137 igitur
1500 1074 1781 1123 cadentium

90 1151 166 1194 est
197 1148 517 1208 resurrectiO,
557 1146 740 1195 cadunt
780 1153 944 1195 autem
984 1153 1034 1195 et
1073 1147 1286 1196 animae:
1326 1147 1550 1211 profecto
1593 1155 1640 1196 et
1680 1149 1779 1196 ani-

89 1234 193 1268 mas
232 1235 495 1284 resurgere
536 1219 868 1269 confitendum
909 1227 998 1269 est.
1077 1219 1219 1277 Quod
1259 1226 1439 1287 autem,
1479 1236 1592 1270 cum
1632 1220 1779 1270 dixis-

89 1299 186 1342 set:
227 1294 289 1343 In
321 1297 428 1343 istis
458 1295 686 1343 secunda
717 1308 852 1343 mors
884 1309 984 1344 mm
1022 1295 1176 1343 habet
1205 1299 1518 1356 potestatem,
1559 1294 1781 1344 adiunxit

88 1373 235 1431 atque
277 1369 365 1417 ait:
404 1368 510 1417 Sed
546 1373 699 1417 erunt
726 1370 1019 1417 sacerdotes
1052 1369 1150 1417 Dei
1187 1374 1237 1417 et
1280 1369 1471 1417 Christi
1507 1374 1557 1418 et
1593 1384 1778 1430 requa-

91 1442 216 1490 bunt
260 1456 375 1491 cum
422 1456 479 1491 eo
525 1443 658 1490 mille
704 1444 876 1491 armis:
923 1456 1022 1490 non
1062 1443 1234 1505 utique
1275 1441 1335 1490 de
1377 1441 1495 1491 solis
1534 1443 1779 1507 episcopis

90 1521 141 1563 et
189 1515 494 1580 presbyteris
545 1514 732 1564 dictum
781 1522 881 1581 est,
935 1516 1022 1579 qui
1067 1517 1266 1580 proprie
1314 1517 1413 1564 iam
1450 1523 1688 1565 vocantur
1727 1518 1778 1564 in

86 1588 296 1638 ecclesia
328 1589 630 1655 sacerdote53
671 1588 757 1638 sed
790 1590 920 1638 sicut
957 1603 1129 1638 omnes
1162 1588 1378 1639 christos
1418 1589 1627 1639 dicimus
1666 1605 1778 1654 pro-

86 1668 199 1727 pter
244 1665 507 1728 mysticum
552 1662 792 1728 chrisma,
842 1664 912 1711 sic
961 1678 1131 1712 omnes
1181 1663 1463 1712 sacerdotes
1475 1703 1490 1729 ‚
1545 1665 1776 1727 quoniam

86 1735 308 1785 membra
340 1742 457 1785 sunt
486 1738 635 1786 unius
667 1735 958 1801 sacerdotis3
990 1735 1050 1784 de
1083 1735 1264 1800 quibus
1296 1736 1547 1801 apostolus
1570 1736 1778 1786 Petrus:

89 1811 264 1871 Plebs,
315 1812 502 1875 inquit,
548 1815 754 1869 sancta,
805 1813 981 1871 reyale
1026 1811 1382 1859 sacerdotium.
1463 1809 1616 1876 Sane,
1663 1809 1779 1859 licet

86 1882 303 1933 breviter
336 1891 482 1948 atque
521 1890 853 1949 transeunter,
891 1884 1158 1932 insinuavit
1197 1898 1303 1932 esse
1337 1882 1494 1932 Deum
1526 1882 1778 1932 Christum

87 1956 321 2007 dicendo:
375 1959 679 2007 Sacerdotes
733 1958 831 2006 Dei
875 1963 925 2006 et
982 1957 1192 2018 Christi,
1248 1956 1341 2005 hoc
1393 1963 1469 2006 est
1514 1955 1674 2006 Patris
1727 1963 1775 2005 et

87 2030 219 2097 Filii;
269 2033 489 2095 quamvis
535 2037 740 2095 propter
790 2031 998 2079 formam
1038 2032 1168 2079 servi
1208 2032 1337 2079 sicut
1376 2030 1588 2079 hominis
1628 2030 1772 2095 filius,

86 2105 156 2153 ita
206 2107 351 2154 etiam
399 2105 628 2153 sacerdos
669 2103 894 2153 Christus
942 2105 1148 2153 effectus
1196 2106 1261 2153 sit
1306 2106 1357 2153 in
1407 2110 1664 2153 aeternum
1703 2119 1777 2152 se·

89 2178 308 2227 cundum
348 2178 570 2227 ordinem
609 2177 984 2227 Melchisedech.
1062 2177 1131 2226 De
1173 2193 1268 2242 qua
1308 2192 1362 2226 re
1403 2179 1453 2226 in
1493 2177 1586 2226 hoc
1627 2192 1776 2242 opere

90 2266 190 2300 non
229 2251 383 2301 semel
421 2252 647 2301 diximus.

209 2395 253 2450 2)
294 2392 390 2438 Col.
432 2398 480 2449 3,
525 2398 563 2436 1.
625 2395 670 2449 4)
710 2393 839 2438 Rom.
884 2399 931 2449 c,
971 2397 1013 2436 4.
1077 2395 1120 2448 6)
1153 2393 1270 2448 Eph.
1306 2397 1354 2446 5,
1397 2397 1466 2436 14.
1532 2394 1602 2446 10)
1635 2391 1776 2437 Eeeli.

89 2456 132 2508 2,
166 2457 206 2496 7.
271 2454 341 2508 10)
374 2453 506 2496 Rom.
542 2457 619 2506 14,
661 2458 701 2496 4.
769 2455 838 2508 11)
874 2457 914 2496 1.
949 2451 1050 2496 Cor.
1087 2457 1154 2506 10,
1190 2456 1260 2495 12.
1323 2453 1398 2506 22)
1434 2457 1472 2494 1.
1505 2451 1625 2495 Petr.
1660 2456 1700 2505 2,
1736 2455 1775 2494 9.

214 2620 265 2658 11
300 2616 466 2659 caueat
494 2627 606 2667 mss;
637 2613 796 2657 videat
825 2627 850 2657 v
875 2615 890 2669 ΙΙ
916 2618 968 2656 19
1004 2612 1199 2656 christos
1231 2611 1426 2655 dicimus
1450 2610 1497 2655 R
1526 2613 1654 2666 (211,
1685 2615 1776 2663 29;

92 2676 201 2729 218,
233 2677 335 2730 15),
370 2673 530 2717 christi
561 2672 757 2717 dicimur
788 2673 858 2725 A‚·
890 2671 1175 2715 Christianos
1209 2670 1404 2714 dicimus
1438 2683 1464 2713 v

183 2966 277 2994 Auo.
302 2967 354 2992 nn
380 2967 456 2992 etv.
481 2967 561 2993 nm.
607 2959 657 2992 11.
1366 2954 1421 2994 28

1815 569 1840 609 5

1813 938 1866 978 10

1815 1305 1868 1346 15

1810 1674 1866 1714 20

1805 2040 1860 2080 25
