2004 3140
241 137 351 191 350
921 147 955 182 5.
979 148 1252 183 Auonsmm

245 261 445 326 sophiae
479 268 611 310 secta
645 260 850 310 dicenda
881 267 970 310 est.
1049 259 1171 309 Cum
1211 275 1327 325 ergo
1363 261 1618 324 quaeritur
1657 260 1718 309 de
1758 261 1936 310 sociali*

244 336 356 398 vita,
395 341 564 383 utrum
596 336 660 383 sit
691 333 904 383 tenenda
943 335 1168 400 sapienti,
1205 340 1262 383 ut
1300 349 1546 383 summum
1588 333 1789 401 bonum,
1829 350 1931 399 quo

243 408 297 457 fit
343 407 488 456 homo
535 407 730 474 beatUS,
777 410 844 457 ita
890 407 1005 457 velit
1051 415 1101 456 et
1147 415 1289 457 curet
1335 409 1477 458 amici
1527 410 1626 474 sui,
1682 423 1829 472 quem
1869 408 1936 456 ad'

247 481 448 530 modum
495 496 662 542 suum,
725 496 786 530 an
849 497 965 531 suae
1020 481 1358 530 tantummodo
1410 482 1728 531 beatitudinis
1780 497 1932 531 causa

185 563 211 603 5
244 555 389 604 saciat
435 555 674 620 quidquid
722 555 858 605 facit:
905 571 1004 604 non
1055 555 1114 603 de
1154 556 1261 619 ipso
1302 570 1493 604 summo
1533 554 1662 604 bono
1705 557 1932 620 quaestio

245 636 334 695 est,
375 629 460 678 sed
500 628 561 678 de
593 628 894 678 adsumendo
928 629 1003 678 vel
1035 643 1134 677 non
1167 628 1469 677 adsumendo
1509 631 1642 678 socio
1683 629 1742 677 ad
1781 629 1931 678 huius

241 704 668 767 participationem
707 702 850 768 honi,
899 718 998 751 non
1037 709 1241 767 propter
1281 717 1333 750 se
1373 704 1561 768 ipsum,
1601 702 1687 751 sed
1725 710 1939 768 propter·

243 775 455 825 eundem
503 778 715 842 socium,
762 783 818 825 ut
864 778 971 825 eius
1018 775 1148 824 bono
1197 777 1262 824 ita
1303 776 1532 842 gaudeat,
1583 777 1711 825 sicut
1749 776 1931 840 gaudet

245 865 348 899 suo,
426 850 547 917 Item
599 865 712 899 cum
759 843 1017 914 quaeritur
1064 849 1124 898 de
1173 849 1477 898 Academicis
1529 851 1694 916 novis,
1745 849 1932 914 quibus

157 932 211 973 10
242 925 430 972 incerta
471 930 587 972 sunt
625 925 812 990 omnia,
854 931 1021 973 utrum
1059 925 1126 972 ita
1167 924 1265 972 sint
1303 938 1384 972 res
1422 921 1689 989 habendae,
1727 925 1779 972 in
1820 925 1927 988 qui-

240 996 334 1046 hus
365 996 808 1062 philosophandum
842 1004 933 1064 est,
971 1012 1047 1063 an,
1086 999 1215 1046 sicut
1246 996 1352 1046 aliis
1383 996 1687 1062 philosophis
1726 996 1928 1063 placuit,

242 1077 402 1120 certas
443 1085 524 1119 eas
564 1069 746 1119 habere
795 1070 1083 1120 debeamus:
1130 1085 1229 1119 non
1270 1072 1526 1135 quaeritur
1565 1070 1683 1134 quid
1722 1072 1774 1119 in
1813 1070 1937 1120 boni

241 1144 338 1193 fine
379 1144 667 1194 sectandum
707 1146 793 1210 sit,
834 1145 919 1194 sed
961 1145 1019 1194 de
1059 1146 1215 1210 ipsius
1254 1143 1372 1193 boni
1412 1145 1643 1210 veritate,
1683 1144 1814 1208 quod
1855 1159 1931 1194 56-

242 1218 474 1267 ctandum
521 1218 738 1284 videtur,
786 1225 954 1267 utrum
1002 1219 1065 1267 sit
1112 1233 1269 1267 necne
1320 1217 1666 1283 dubitandum3
1705 1218 1798 1267 hoc
1840 1225 1931 1284 est,

154 1299 208 1340 15
244 1298 296 1340 ut
343 1291 391 1340 id
438 1292 631 1356 planius
678 1291 905 1357 eloquar,
959 1299 1128 1340 utrum
1166 1293 1232 1340 ita
1273 1291 1559 1340 sectandum
1601 1292 1689 1357 sit,
1728 1298 1806 1358 ut,
1846 1294 1932 1356 qui

244 1371 476 1431 sectatur,
515 1365 644 1414 dicat
685 1381 792 1414 6556
833 1381 1026 1431 verum,
1067 1381 1127 1413 an
1166 1367 1247 1431 ita,
1288 1373 1356 1432 ut,
1396 1366 1481 1429 qui
1524 1371 1756 1431 sectatur,
1796 1365 1928 1414 dicat

243 1453 413 1487 verum
447 1437 540 1487 sibi
571 1438 741 1505 videri,
781 1441 972 1488 etiamsi
1005 1439 1131 1487 forte
1172 1441 1236 1487 sit
1275 1438 1466 1504 falsum,
1506 1445 1671 1487 tamen
1711 1445 1926 1503 uterque

244 1519 462 1561 sectetur
494 1527 648 1561 unum
681 1520 825 1576 atque
858 1513 988 1561 idem
1020 1511 1218 1562 bonum.
1295 1511 1352 1561 In
1390 1512 1470 1560 illa
1510 1513 1657 1560 etiam
1696 1511 1929 1561 differen-

242 1587 325 1652 tia,
364 1601 487 1650 quae
528 1585 787 1635 adhibetur
828 1601 886 1635 ex
925 1585 1095 1635 habitu
1136 1593 1185 1635 et
1224 1586 1582 1635 consuetudine
1615 1584 1926 1653 Cynicorum,

153 1669 208 1708 20
242 1674 340 1708 non
381 1661 658 1727 quaeritur,
705 1661 931 1724 quisnam
972 1661 1035 1709 sit
1073 1660 1185 1708 finis
1224 1659 1362 1726 honi,
1410 1659 1494 1708 scd
1550 1665 1718 1708 utrum
1754 1661 1806 1708 in
1845 1659 1930 1708 illo

240 1732 410 1782 habitu
452 1740 501 1782 et
533 1734 890 1782 consuetudine
931 1735 994 1783 sit
1032 1732 1293 1783 vivendum
1334 1735 1394 1800 ei,
1435 1735 1518 1797 qui
1558 1748 1730 1782 verum
1769 1739 1924 1782 secta-

242 1813 323 1856 tur
373 1806 582 1873 bonum,
630 1807 883 1872 quodlibet
931 1809 975 1856 ei
1023 1822 1195 1856 verum
1240 1807 1464 1856 videatur
1512 1821 1621 1856 esse
1661 1813 1809 1871 atque
1850 1822 1926 1855 se·

242 1880 488 1930 ctandum.
566 1880 787 1945 Denique
828 1881 1045 1947 fuerunt,
1085 1883 1170 1946 qui
1210 1896 1322 1930 cum
1363 1881 1554 1929 diversa
1594 1887 1926 1945 sequerentur

241 1953 369 2002 bona
409 1954 583 2020 finalia,
625 1954 705 2003 alii
744 1956 992 2021 virtutem,
1032 1955 1113 2004 alii
1153 1954 1465 2021 voluptatem,
1507 1953 1718 2003 eundem
1757 1959 1923 2003 tamen

154 2035 208 2075 25
240 2027 461 2076 habitum
501 2035 550 2077 et
590 2028 998 2078 consuetudinem
1039 2028 1286 2095 tenebant,
1326 2044 1385 2077 ex
1425 2044 1522 2092 quo
1556 2027 1725 2092 Cynici
1763 2028 1926 2092 appel·

240 2099 493 2150 labanum·
558 2101 628 2150 Ita
674 2101 794 2150 illud
843 2101 1081 2165 quidquid
1122 2109 1219 2167 est,
1267 2102 1398 2151 unde
1437 2100 1716 2166 philosophi
1755 2099 1924 2165 Cynici

242 2173 593 2222 discernuntur
625 2189 650 2222 a
683 2176 878 2240 ceteriS,
918 2174 976 2222 ad
1010 2175 1286 2239 eligendum
1328 2189 1383 2223 ac
1422 2173 1691 2223 tenendum
1722 2173 1924 2240 bonum,

242 2262 339 2311 quo
379 2246 509 2296 beati
548 2247 745 2313 fierent,
796 2249 966 2311 utique
1018 2247 1086 2296 nil
1124 2247 1325 2297 valebat.
1402 2247 1523 2296 Nam
1563 2249 1604 2296 si
1643 2246 1824 2312 aliquid
1865 2248 1924 2296 ad
1981 2286 1985 2291 .

242 2320 334 2369 hoc
380 2322 665 2381 interesset,
713 2321 934 2385 profecto
981 2321 1112 2370 idem
1158 2321 1355 2370 habitus
1403 2321 1614 2371 eundem
1663 2321 1812 2369 finem
1851 2336 1925 2369 se-

152 2404 209 2444 30
243 2395 327 2458 qui
367 2402 580 2460 cogeret,
619 2401 668 2443 et
706 2394 930 2443 diversus
969 2394 1165 2444 habitus
1206 2395 1415 2444 eundem
1456 2396 1596 2460 sequi
1636 2395 1783 2443 finem
1822 2409 1923 2443 non

241 2468 440 2517 sineret.

360 2674 415 2713 25
448 2683 538 2724 quo
570 2668 684 2723 RL‚·
715 2683 806 2725 qua.
837 2669 910 2714 Av
