2004 3140
556 149 623 182 DE
648 146 887 182 cwrmm
910 147 1000 181 nm
1024 147 1065 180 L.
1090 148 1195 182 xrx.
1220 146 1259 182 c,
1285 148 1338 182 12.
1683 134 1752 191 37
1758 134 1792 190 5

106 264 299 313 feritate
339 257 621 311 blanditur?
699 260 819 318 Quis
873 260 1073 326 milvus,
1126 260 1484 326 quantumlibet
1538 260 1790 311 solitarius

103 338 289 402 rapinis
335 334 676 400 circumvolet,
723 350 821 383 non
874 336 1158 400 coniugium
1198 335 1414 400 copulat,
1462 334 1634 385 nidum
1674 350 1790 386 con·

99 411 254 475 gerit,
299 424 387 458 ova
434 409 683 475 confovet,
730 408 890 474 pullos
939 408 1025 458 alit
1073 415 1122 458 et
1174 410 1314 474 quasi
1353 424 1467 459 cum
1506 424 1594 460 sua
1632 416 1788 460 matre

102 483 307 533 familias
354 484 640 532 societatem
686 482 1003 532 domesticam
1052 490 1232 547 quanta
1282 489 1447 547 potest
1496 498 1615 548 pace
1668 499 1784 533 con·

99 554 318 607 servat?
359 556 552 615 Quanto
585 558 738 622 magis
769 557 916 606 homo
949 556 1109 606 fertur
1150 556 1361 621 quodam
1400 556 1544 606 modo
1584 564 1849 625 naturaeq5

100 645 217 680 suae
285 629 477 696 legibus
538 630 597 680 ad
659 630 925 681 ineundam
997 632 1282 680 societatem
1343 645 1613 695 pacemque
1676 647 1790 680 cum

99 703 411 772 hominibuS,
465 711 703 769 quantum
756 706 808 754 in
862 707 969 769 ipso
1025 711 1122 771 est,
1176 703 1405 754 omnibus
1456 703 1788 770 obtinendam,

95 793 213 828 cum
260 780 407 828 etiam
453 779 566 828 mali
611 794 702 844 pro
750 793 954 828 suorum
1001 793 1120 844 pace
1168 777 1459 843 belligerent
1499 793 1789 844 omnesque,

95 853 142 902 si
188 854 402 919 possint,
453 868 569 902 suos
617 853 778 902 facere
830 851 1006 918 velint,
1055 859 1110 902 ut
1160 853 1247 901 uni
1294 853 1462 901 cuncti
1508 859 1557 902 et
1608 861 1788 902 cuncta

92 925 399 992 deserviant3
440 942 537 991 quo
569 934 728 994 pact0,
767 928 863 976 nisi
901 928 952 975 in
992 927 1099 976 eius
1138 941 1311 991 pacem
1350 926 1424 974 vel
1464 926 1669 975 amando
1709 926 1785 976 vel
1822 936 1875 976 10

97 1000 316 1049 timendo
369 997 713 1050 consentiant?
791 999 872 1049 Sic
913 1002 1046 1049 enim
1085 999 1316 1065 superbia
1354 1015 1587 1065 perverse
1627 1002 1787 1050 imita-

98 1081 182 1123 tur
236 1073 406 1123 Deum.
486 1073 600 1123 Odit
653 1089 865 1138 namque
921 1089 1034 1123 cum
1089 1075 1237 1123 sociis
1296 1073 1638 1138 aequalitatem
1693 1074 1786 1124 sub

95 1147 196 1213 illo,
236 1147 321 1196 sed
354 1150 591 1213 inponere
624 1148 728 1197 vult
767 1149 914 1196 sociis
954 1148 1337 1197 dominationem
1379 1163 1519 1196 suam
1558 1163 1648 1212 pro
1688 1147 1785 1197 illo.

96 1220 214 1270 Odit
246 1236 362 1286 ergo
395 1223 575 1271 iustam
606 1237 778 1287 pacem
811 1220 899 1270 Dei
931 1228 981 1270 et
1012 1228 1140 1270 amat
1171 1222 1390 1286 iniquam
1421 1236 1594 1286 pacem
1633 1236 1787 1271 suam.

97 1294 203 1344 Non
236 1310 398 1344 amare
430 1302 593 1345 tamen
620 1294 1028 1360 qualemcumque
1059 1310 1232 1360 pacem
1265 1295 1398 1344 nullo
1432 1294 1576 1344 modo
1608 1302 1785 1360 potest,
1821 1305 1876 1346 15

95 1368 288 1419 Nullius
329 1371 511 1435 quippe
551 1371 724 1419 vitium
762 1371 827 1419 ita
869 1376 1041 1419 contra
1081 1375 1308 1418 naturam
1347 1376 1444 1434 est,
1487 1376 1540 1418 ut
1581 1376 1785 1419 naturae

93 1442 255 1493 deleat
295 1445 442 1492 etiam
482 1450 699 1493 extrema
740 1445 959 1508 vestigia.

242 1516 413 1582 Itaque
451 1532 623 1583 pacem
662 1519 945 1582 iniquorum
987 1518 1036 1566 in
1067 1518 1202 1582 pacis
1235 1517 1599 1582 comparatione
1631 1518 1786 1567 iusto·

94 1605 206 1640 rum
244 1590 324 1640 ille
363 1590 495 1641 videt
535 1607 626 1640 nec
664 1606 836 1656 pacem
875 1606 984 1640 esse
1025 1590 1306 1657 dicendam,
1346 1592 1431 1655 qui
1469 1591 1603 1639 novit
1643 1606 1782 1656 prae-

93 1679 279 1729 ponere
326 1671 462 1714 recta
516 1667 678 1730 pravis
725 1672 774 1714 et
821 1665 1045 1714 ordinata
1094 1666 1358 1729 perversis,
1435 1664 1576 1722 Quod
1616 1671 1782 1714 autem
1815 1675 1871 1716 20

93 1753 385 1802 perversum
424 1745 521 1804 est,
570 1740 718 1788 etiam
757 1738 849 1787 hoc
891 1753 1095 1788 necesse
1136 1744 1212 1787 est
1250 1745 1306 1787 ut
1344 1740 1394 1787 in
1434 1738 1596 1802 aliqua
1635 1745 1684 1787 et
1724 1753 1784 1787 ex

93 1811 258 1876 aliqua
298 1819 347 1862 et
387 1827 500 1862 cum
540 1811 701 1876 aliqua
739 1827 910 1861 rerum
947 1818 1086 1877 parte
1126 1818 1353 1876 pacatum
1393 1813 1471 1876 sit,
1511 1813 1562 1860 in
1602 1811 1784 1876 quibus

92 1892 171 1934 est
222 1886 297 1934 vel
348 1901 408 1935 ex
455 1885 634 1950 quibus
683 1892 896 1951 constat;
944 1885 1161 1950 alioquin
1212 1885 1333 1934 nihil
1384 1892 1515 1934 esset
1566 1887 1783 1935 omnino,

95 1958 237 2008 Velut
276 1961 319 2008 si
357 1961 616 2024 quisquam
657 1961 815 2024 capite
856 1959 1089 2008 deorsum
1128 1959 1362 2024 pendeat,
1401 1973 1666 2024 perversus
1707 1967 1783 2009 est

92 2034 265 2097 utique
307 2034 430 2083 situs
471 2035 694 2098 corporis
734 2040 783 2083 et
822 2033 943 2082 ordo
983 2031 1343 2098 membrorum,
1383 2034 1498 2097 quia
1537 2032 1608 2098 id,
1649 2034 1781 2098 quod
1815 2043 1868 2083 25

89 2105 311 2171 desuper
343 2122 452 2156 esse
486 2114 659 2157 natura
691 2107 922 2172 postulat,
962 2106 1134 2156 subter
1167 2113 1256 2172 est,
1296 2113 1345 2155 et
1378 2106 1509 2171 quod
1547 2106 1628 2155 illa
1667 2107 1781 2156 sub-

95 2186 172 2229 ter
210 2180 314 2230 vult
354 2196 486 2246 esse,
525 2181 739 2246 desuper
779 2181 963 2230 sactum
1003 2187 1099 2246 est3
1148 2180 1460 2230 conturbavit
1499 2182 1661 2230 carnis
1700 2196 1781 2245 pa-

94 2268 203 2302 cem
255 2257 348 2303 ista
398 2257 696 2320 perversitas
744 2261 794 2304 et
839 2254 950 2303 ideo
998 2254 1203 2304 molesta
1250 2261 1347 2304 est:
1398 2269 1569 2303 verum
1617 2261 1781 2304 tamen

91 2329 255 2376 anima
302 2330 500 2394 corpori
548 2344 637 2378 suo
687 2335 855 2394 pacata
907 2336 982 2377 est
1029 2335 1080 2378 et
1117 2343 1208 2393 pro
1249 2330 1355 2377 eius
1396 2328 1552 2377 salute
1593 2330 1781 2394 satagit,

95 2407 145 2450 et
175 2401 286 2450 ideo
321 2409 395 2452 est
434 2404 519 2467 qui
552 2402 732 2468 doleat,
772 2417 897 2466 quae
938 2403 980 2451 si
1019 2401 1257 2451 molestiis
1297 2404 1404 2451 eius
1445 2401 1643 2451 exclusa
1682 2402 1778 2451 dis·
1812 2413 1869 2453 30

91 2476 320 2541 cesserit,
368 2476 600 2540 quamdiu
648 2491 882 2541 compago
931 2475 1266 2524 membrorum
1318 2482 1502 2540 manet,
1565 2490 1662 2523 non
1704 2482 1780 2524 est

91 2547 200 2595 sine
241 2548 447 2612 quadam
484 2551 700 2614 partium
738 2565 857 2615 pace
900 2549 1031 2614 quod
1071 2555 1306 2614 remanet,
1346 2555 1395 2597 et
1434 2547 1543 2597 ideo
1584 2554 1659 2597 est
1699 2548 1780 2596 ad-

93 2618 193 2668 huc
243 2623 327 2684 qui
372 2623 595 2687 pendeat.
672 2623 735 2672 Et
781 2623 912 2687 quod
960 2629 1215 2671 terrenum
1264 2637 1444 2686 corpus
1491 2623 1542 2671 in
1593 2628 1780 2672 terram

94 2694 270 2742 nititur
320 2701 370 2744 et
414 2696 607 2746 vinculo
656 2712 752 2761 quo
801 2710 1096 2761 suspensum
1144 2702 1219 2745 est
1266 2697 1517 2757 renititur,
1570 2696 1621 2745 in
1660 2710 1777 2745 suae

217 2884 270 2923 16
301 2880 472 2925 nullius
504 2881 621 2935 RA,·
652 2882 846 2926 Nullum
876 2896 902 2927 v
