2054 3152
264 164 336 216 ,50
937 174 973 206 s.
999 171 1278 207 Aueusnm

896 339 1088 421 CAPUT
1122 339 1319 393 XXIV.

274 451 418 508 Quod
451 451 666 497 insontes
698 449 919 497 homines
951 455 1002 497 et
1029 451 1206 498 merito
1239 449 1590 498 oboedientiae
1622 451 1675 497 in
1701 451 1950 510 paradiso

346 526 701 584 permanentes
741 523 812 570 ita
849 523 1157 582 qenitalz'bus
1195 522 1428 570 membris
1466 524 1615 570 usuri
1645 521 1865 583 fuissent

418 597 488 644 ad
521 597 900 656 qenerationem
935 598 1116 657 proliS,
1164 597 1297 644 sicut
1334 597 1518 644 ceteris
1559 597 1630 643 ad
1667 597 1802 644 arbi-

206 679 231 718 5
871 671 1024 717 trium
1063 671 1343 717 voluntatis.

416 771 692 821 Seminaret
729 773 880 836 igitur
919 771 1108 837 prolem
1147 773 1236 837 vir,
1277 773 1555 836 susciperet
1594 772 1774 821 semina
1813 774 1946 837 geni-

263 844 441 894 talibus
482 844 740 912 membris,
797 845 989 909 quando
1030 845 1079 893 id
1120 860 1244 909 opus
1284 851 1416 894 esset
1455 852 1505 894 et
1544 853 1781 909 quantum
1821 861 1945 911 opus

264 926 420 984 esset,
474 918 721 967 voluntate
777 920 946 985 motiS,
999 934 1097 967 non
1152 918 1353 967 libidine
1409 921 1679 968 concitatis.
1770 918 1942 983 Neque

264 994 394 1040 enim
428 993 499 1040 ea‘
516 992 617 1040 sola
649 991 870 1040 membra
908 1007 1160 1040 movemus
1201 991 1260 1040 ad
1301 999 1491 1059 nutum,
1531 1008 1655 1056 quae
1697 995 1948 1057 conpactis

179 1075 232 1114 10
265 1065 518 1114 articulata
567 1072 683 1113 sunt
729 1064 947 1131 ossibus7
995 1068 1124 1114 sicut
1171 1081 1345 1115 manus
1385 1072 1435 1115 et
1472 1065 1625 1130 pedes
1665 1074 1714 1115 et
1753 1066 1949 1133 digitoS‚

261 1154 435 1187 verum
476 1141 621 1187 etiam
653 1138 747 1205 illa,
787 1154 912 1203 quae
945 1138 1175 1188 mollibus
1214 1141 1420 1188 remissa
1461 1147 1576 1188 sunt
1616 1142 1794 1204 nerviS‚
1834 1155 1946 1189 cum

260 1212 513 1278 volumus,
550 1227 805 1261 movemus
845 1212 1071 1276 agitando
1112 1220 1162 1262 et
1199 1213 1497 1277 porrigendo
1538 1213 1858 1277 producimus
1899 1221 1949 1262 et

261 1286 539 1349 torquendo
590 1285 834 1334 flectimus
886 1292 936 1334 et
988 1286 1370 1350 constringendo
1411 1287 1644 1336 duramus
1657 1326 1671 1352 ,
1723 1289 1852 1336 sicut
1891 1302 1947 1336 ea

262 1366 392 1425 sunt,
432 1374 555 1423 quae
595 1360 646 1407 in
686 1374 770 1406 ore
812 1375 867 1407 ac
907 1359 1045 1425 facie,
1086 1367 1320 1423 quantum
1362 1366 1541 1426 potest,
1580 1360 1805 1409 voluntas
1843 1376 1945 1410 mo-

176 1443 229 1482 15
261 1441 354 1481 vet.
431 1432 696 1481 Pulmones
747 1432 958 1496 denique
1008 1435 1103 1497 ipsi
1162 1435 1407 1500 omnium,
1462 1435 1557 1482 nisi
1608 1433 1949 1500 medullarum,

261 1506 534 1554 mollissimi
581 1507 825 1555 viseerum
874 1513 923 1555 et
972 1505 1033 1554 ob
1073 1506 1166 1555 hoc
1207 1514 1347 1556 antro
1387 1509 1603 1571 pectoris
1644 1509 1947 1573 communiti,

261 1579 319 1627 ad
354 1581 581 1644 spiritum
614 1579 894 1628 ducendum
926 1595 981 1628 ac
1020 1581 1371 1629 remittendum
1412 1596 1680 1645 vocemque
1722 1582 1946 1630 emitten-

261 1653 371 1701 dam
412 1668 498 1701 seu
539 1652 911 1701 modificandam
924 1693 938 1718 ‚
991 1655 1119 1702 sieut
1157 1653 1296 1702 folles
1337 1653 1589 1703 fabrorum
1628 1654 1703 1703 vel
1743 1669 1946 1719 organo-

261 1741 397 1792 rum,
444 1726 632 1786 ssantiS,
688 1728 1001 1792 respirantis,
1059 1726 1330 1790 loquentiS,
1381 1727 1656 1794 clamantiS,
1705 1729 1948 1777 cantantis

172 1810 229 1848 20
263 1802 485 1848 serviunt
538 1799 789 1848 voluntati.
886 1799 1071 1849 Omitto
1131 1801 1261 1864 quod
1313 1800 1602 1850 animalibus
1655 1801 1946 1865 quibusdam

262 1873 552 1922 naturaliter
567 1872 779 1922 inditum
803 1880 892 1939 est,
917 1879 973 1922 ut
989 1880 1201 1940 tegmen,
1227 1889 1323 1938 quo
1350 1890 1531 1939 corpus
1556 1890 1699 1923 omne
1725 1877 1949 1941 vestitur,

266 1948 306 1994 si
347 1946 462 2010 quid
503 1949 553 1994 in
595 1961 907 2010 quoscumque
947 1946 1054 1995 loco
1096 1949 1203 1995 eius
1244 1949 1491 1996 senserint
1531 1947 1838 2014 abigendum,
1877 1946 1947 1996 ibi

261 2026 453 2068 tantum
478 2026 718 2085 moveant,
750 2019 834 2067 ubi
868 2021 1103 2085 sentiunt,
1135 2034 1228 2068 nec
1253 2020 1413 2068 solum
1437 2020 1709 2070 insidentes
1734 2036 1945 2087 muscaS‚

260 2107 431 2140 verum
480 2094 627 2141 etiam
681 2092 942 2141 haerentes
990 2092 1153 2141 hastas
1209 2094 1337 2141 cutis
1391 2100 1608 2142 tremore
1665 2093 1944 2143 discutiant.

174 2177 229 2215 25
262 2165 510 2229 Numquid
560 2166 671 2228 quia
722 2165 770 2213 id
810 2181 910 2214 non
947 2172 1112 2230 potest
1149 2165 1322 2232 homo,
1372 2165 1482 2222 ideo
1524 2166 1726 2216 Creator
1766 2167 1947 2232 quibus

261 2238 414 2287 voluit
460 2237 788 2287 animantibus
839 2238 1021 2287 donare
1060 2254 1160 2287 non
1197 2237 1395 2304 potuit?
1473 2239 1553 2288 Sic
1594 2256 1711 2305 ergo
1753 2248 1801 2290 et
1839 2242 1945 2305 ipse

259 2312 405 2360 homo
444 2313 606 2376 potuit
645 2310 1005 2361 oboedientiam
1052 2313 1198 2361 etiam
1238 2313 1531 2363 inferiorum
1568 2313 1751 2363 habere
1791 2329 1942 2363 mem-

261 2385 494 2451 brorum,
545 2400 691 2449 quam
738 2401 824 2434 sua
870 2385 1235 2435 inoboedientia
1283 2386 1512 2451 perdidit.
1589 2387 1760 2451 Neque
1812 2389 1943 2436 enim

260 2458 362 2507 Deo
396 2458 591 2508 difficile
624 2459 717 2507 fuit
749 2461 819 2507 sic
851 2459 988 2508 illum
1021 2460 1249 2525 condere,
1287 2467 1343 2509 ut
1374 2462 1425 2509 in
1465 2463 1572 2510 eius
1611 2476 1758 2510 carne
1799 2462 1944 2509 etiam

174 2544 233 2582 30
264 2532 384 2581 illud
431 2548 531 2580 non
579 2534 674 2580 nisi
726 2534 832 2580 eius
872 2532 1118 2582 voluntate
1157 2540 1461 2595 moveretur,
1510 2534 1639 2598 quod
1679 2549 1811 2583 nunc
1850 2535 1945 2582 nisi

259 2605 460 2655 libidine
500 2621 598 2654 non
638 2611 876 2655 movetur.

408 2679 529 2728 Nam
569 2685 619 2727 et
663 2677 919 2728 hominum
969 2679 1279 2744 quorundam
1318 2688 1518 2730 naturas
1557 2682 1781 2730 novimus
1821 2680 1944 2729 mul-

263 2762 366 2802 tum
413 2755 591 2802 ceteris
643 2751 863 2817 dispares
915 2759 964 2801 et
1013 2754 1118 2817 ipsa
1165 2755 1364 2802 raritate
1414 2753 1662 2803 mirabiles
1709 2752 1943 2802 nonnulla

381 2899 436 2937 24
467 2894 642 2939 inhaer.
677 2894 747 2948 A,·
777 2895 853 2938 sed
885 2894 940 2947 cf.
973 2895 1057 2938 vol.
1093 2895 1138 2947 I,
1171 2899 1278 2950 168,
1309 2900 1334 2937 1
