2044 3146
562 147 628 179 m]
654 144 892 178 CIVITATE
915 145 1073 195 »ΕΙ-Β.
1099 145 1222 179 xvn.
1248 146 1285 180 c.
1310 147 1341 181 5.
1691 135 1800 189 215

115 263 267 327 gessit
312 260 428 310 huic
477 258 788 310 succedendo
838 259 1047 309 Samuel.
1139 259 1353 309 Proinde
1403 275 1526 325 quae
1582 276 1796 326 sequun-

115 343 212 403 tur,
252 335 311 384 de
345 334 539 384 Christo
572 333 686 382 Iesu
718 335 831 382 novi
863 335 1145 383 testamenti
1175 349 1292 383 vero
1332 334 1587 385 sacerdote
1627 334 1798 384 dicun-

115 416 222 459 tur:
276 410 344 459 Et
394 410 647 459 suscitabo
694 409 819 457 mihi
862 410 1178 458 sacerdotem
1220 411 1442 469 fidelem,
1497 411 1586 471 qui
1634 413 1803 460 omnia

112 499 244 546 quae
296 487 350 533 in
396 485 553 532 corde
598 496 706 532 meo
760 488 810 531 et
854 497 987 544 quae
1033 485 1086 531 in
1133 485 1305 532 anima
1351 497 1462 532 mea
1503 483 1700 545 faciat;
1753 491 1804 534 et

113 559 394 618 aedificabo
427 560 477 606 ei
505 559 702 606 domum
729 558 944 616 fidelem.
1006 555 1118 621 Ipsa
1149 562 1225 605 est
1256 562 1457 606 aeterna
1496 563 1546 606 et
1585 572 1799 623 superna
1834 575 1859 616 5

111 631 433 682 Hierusalem.
518 631 586 679 Et
638 631 897 697 transibit,
951 631 1136 697 inquit,
1199 645 1373 680 coram
1434 632 1632 681 Christo
1693 647 1800 683 meo

113 708 339 756 omnibus
392 706 580 759 diebus
676 704 934 754 Transibit
985 704 1107 754 dixit
1144 699 1616 772 „conversabitur“;
1672 707 1801 757 sicut

112 781 342 846 superius
388 779 579 828 dixerat
624 778 684 828 de
740 778 885 828 domo
934 778 1117 828 Aaron:
1172 780 1318 828 Dixi:
1373 779 1560 829 Domus
1608 786 1697 830 tua
1755 789 1805 832 et

112 857 286 906 domus
311 856 480 917 patris
512 855 589 902 tui
617 854 907 902 transibant
937 867 1111 903 coram
1143 867 1220 902 me
1254 855 1304 902 in
1330 859 1605 903 aeternum..
1659 854 1802 912 Quod

110 936 277 979 autem
321 930 406 977 ait:
465 927 646 977 Coram
700 927 896 977 Christo
943 941 1050 976 meo
1099 928 1358 988 transibit,
1408 928 1468 977 de
1508 929 1612 993 ipsa
1653 928 1798 979 domo
1835 942 1891 983 10

111 1004 282 1067 utique
329 1000 715 1066 intellegendum
765 1007 862 1067 est,
911 1016 1008 1050 non
1052 1001 1111 1050 de
1152 1000 1234 1050 illo
1275 1001 1553 1068 sacerdote,
1601 1004 1686 1066 qui
1726 1012 1802 1055 est

112 1076 338 1126 Christus
386 1077 491 1141 ipse
542 1075 781 1124 mediator
821 1082 966 1139 atque
1008 1075 1231 1124 salvator.
1308 1075 1493 1125 Domus
1533 1091 1651 1141 ergo
1692 1079 1799 1128 eius

107 1165 276 1200 coram
309 1149 390 1198 illo
422 1148 665 1198 transibit.
727 1149 898 1198 Potest
930 1156 980 1198 et
1012 1150 1252 1198 transibit
1281 1148 1500 1214 intellegi
1539 1149 1600 1198 de
1641 1158 1799 1202 morte

108 1223 170 1273 ad
202 1225 366 1289 vitam,
398 1224 623 1273 omnibus
656 1224 846 1287 diebus,
879 1222 1058 1287 quibus
1091 1225 1345 1287 peragitur
1377 1238 1535 1288 usque
1567 1226 1618 1273 in
1651 1225 1799 1276 finem

107 1297 294 1348 saeculi
331 1297 479 1346 huius
517 1298 612 1346 ista
645 1296 929 1346 mortalitas
1008 1296 1151 1354 Quod
1191 1303 1355 1346 autem
1395 1298 1462 1346 ait
1499 1296 1655 1349 Deus:
1703 1300 1803 1359 Qui·
1834 1309 1888 1350 15

109 1375 278 1423 omnia
316 1386 447 1433 quae
479 1373 529 1420 in
563 1373 720 1422 corde
757 1386 865 1420 meo
906 1376 954 1420 et
991 1386 1123 1432 quae
1162 1373 1214 1420 in
1254 1374 1426 1420 anima
1464 1386 1575 1421 mea
1609 1373 1801 1435 faciat:

109 1461 209 1495 non
254 1445 554 1495 arbitremur
600 1444 782 1494 habere
831 1447 1042 1494 animam
1081 1444 1259 1511 Deum,
1308 1461 1422 1494 cum
1472 1446 1536 1495 sit
1575 1448 1801 1498 conditor

109 1522 321 1586 animae3
362 1519 448 1568 sed
487 1521 554 1568 ita
593 1519 687 1568 hoc
727 1519 787 1568 de
829 1518 928 1568 Deo
969 1520 1182 1585 tropice,
1225 1534 1323 1568 non
1362 1521 1562 1586 proprie
1603 1520 1800 1583 dicitur,

109 1595 239 1643 sicut
278 1608 451 1642 manus
500 1601 550 1642 et
595 1609 683 1658 pes
725 1600 774 1642 et
813 1593 902 1642 alia
943 1594 1167 1658 corporis
1207 1593 1441 1643 membra.
1519 1593 1582 1644 Et
1621 1611 1683 1644 ne
1724 1612 1800 1646 se-

109 1668 327 1717 cundum
366 1667 460 1716 hoc
501 1666 732 1716 credatur
770 1667 917 1716 homo
956 1668 1007 1716 in
1047 1669 1210 1716 carnis
1250 1667 1397 1717 huius
1438 1669 1598 1733 effigie
1640 1670 1798 1720 factus
1832 1681 1888 1721 20

110 1741 170 1790 ad
226 1742 485 1805 imaginem
542 1740 651 1806 Dei,
707 1740 955 1790 adduntur
1008 1747 1059 1789 et
1111 1740 1237 1806 alae,
1293 1756 1415 1806 quas
1470 1745 1642 1808 utique
1699 1759 1798 1793 non

108 1814 257 1864 habet
294 1814 464 1879 homo,
504 1820 552 1862 et
592 1814 774 1864 (licitur
814 1813 936 1863 Deo:
986 1815 1089 1863 Sub
1130 1816 1310 1864 umbra
1351 1819 1551 1865 alarum
1593 1823 1798 1867 tuarum

104 1895 341 1952 proteqes
395 1902 472 1937 me
484 1906 502 1946 ;
566 1894 621 1937 ut
679 1887 966 1952 intellegant
1027 1887 1252 1938 homines
1306 1889 1365 1938 de
1426 1889 1508 1938 illa
1561 1890 1798 1941 ineffabili

59 1983 67 1989 2
111 1968 316 2029 natura,
378 1977 476 2010 non
538 1963 783 2028 propriis,
853 1961 939 2010 sed
1002 1962 1251 2011 translatis
1314 1978 1481 2013 rerum
1545 1965 1796 2015 vocabulis

110 2037 204 2086 ista
242 2036 352 2085 dici.
1831 2049 1887 2089 25

257 2109 399 2168 Quod
446 2125 562 2158 vero
610 2109 914 2174 adiungitur:
971 2110 1037 2159 Et
1086 2113 1204 2170 erit,
1260 2114 1352 2172 qai
1386 2116 1707 2174 superaverit
1745 2117 1796 2162 in

107 2185 251 2234 domo
291 2189 392 2244 tua,
433 2187 600 2234 veniet
637 2187 864 2234 adorare
902 2187 970 2246 ei,
1010 2199 1111 2233 non
1149 2187 1349 2250 proprie
1390 2185 1450 2234 de
1491 2185 1636 2235 domo
1677 2187 1795 2236 dici-

107 2263 191 2306 tur
228 2257 376 2307 huius
408 2256 532 2324 Heli,
572 2258 659 2308 sed
697 2257 829 2307 illius
868 2258 1046 2324 Aaron,
1085 2257 1146 2306 de
1187 2273 1289 2323 qua,
1321 2274 1479 2324 usque
1521 2260 1579 2309 ad
1619 2261 1795 2310 adven-

108 2336 214 2380 tum
266 2331 379 2380 Iesu
428 2330 610 2381 Christi
665 2332 889 2381 homines
937 2339 1309 2398 remanserunt,
1356 2333 1416 2382 de
1465 2349 1563 2398 quo
1611 2349 1793 2399 genere

108 2405 256 2453 etiam
293 2420 426 2455 nunc
466 2421 623 2471 usque
672 2421 771 2455 non
811 2406 1004 2455 desunt.
1081 2406 1202 2455 Nam
1242 2406 1301 2455 de
1342 2406 1422 2456 illa
1461 2407 1605 2457 domo
1646 2408 1793 2458 huius
1827 2419 1882 2460 30

109 2476 218 2526 Heli
263 2480 358 2527 iam
404 2494 554 2544 supra
606 2480 792 2530 dictum
841 2486 969 2529 erat:
1027 2481 1094 2529 Et
1138 2484 1295 2530 omnis
1343 2484 1432 2542 qui
1474 2485 1798 2544 superaverit

108 2552 282 2600 domus
313 2558 444 2613 tuae,
485 2556 721 2604 decident
751 2558 799 2604 in
830 2556 1004 2615 qladio
1037 2557 1276 2603 virorum.
1356 2554 1464 2612 Quo
1497 2555 1641 2604 modo
1676 2571 1794 2620 ergo

230 2680 302 2734 23)
334 2679 409 2724 Ps.
444 2685 511 2736 16,
546 2686 586 2725 8.

233 2829 284 2868 19
317 2838 398 2882 pes
429 2825 548 2879 RR·
585 2828 727 2884 pedes
761 2829 833 2873 Av
879 2831 894 2886 ΙΙ
940 2834 995 2873 23
1029 2831 1244 2887 proteges
1276 2827 1459 2883 R¹AF5
1492 2832 1687 2888 protege
1722 2844 1747 2875 v

109 2886 165 2925 32
199 2882 411 2928 decident
441 2885 560 2940 RF,·
592 2886 775 2932 decidet
804 2888 877 2933 Av
