2044 3146
216 162 326 215 254
891 173 925 206 s,
951 172 1223 208 Aueos'mm

219 302 445 336 eversum
496 287 677 352 suerat,
724 287 1037 352 instauravit3
1085 292 1133 334 et
1180 287 1399 351 quamvis
1445 286 1646 352 plurimi
1695 289 1801 337 eius
1852 289 1903 337 in

218 361 601 425 alienigenarum
641 361 878 424 degerent
915 362 1078 426 terriS,
1118 375 1216 408 non
1255 360 1426 410 habuit
1467 367 1628 409 tamen
1670 361 1905 427 deinceps

217 434 339 482 duas
387 435 527 498 regni
574 436 740 499 partes
791 440 840 482 et
887 433 1011 482 duos
1059 434 1279 483 diversos
1326 436 1375 482 in
1424 434 1629 499 singulis
1675 435 1901 500 partibus

219 523 383 573 reges;
423 508 509 556 sed
541 509 591 556 iu
624 507 932 557 Hierusalem
964 509 1195 572 princeps
1229 523 1402 557 eorum
1434 515 1540 557 erat
1570 524 1716 575 urum,
1756 515 1905 574 atque

160 593 185 631 5
218 581 276 630 ad
318 581 405 630 Dei
444 581 707 648 templum,
749 581 879 646 quod
920 581 987 630 ibi
1028 588 1146 647 erat,
1186 597 1356 631 omnes
1395 582 1640 648 undique,
1679 583 1903 632 ubicum-

219 671 314 719 que
367 662 534 704 essent
584 663 633 704 et
685 655 1029 720 undecumque
1080 663 1309 722 possent,
1363 671 1452 720 per
1501 663 1635 704 certa
1685 664 1904 722 tempora

218 729 491 778 veniebant.
582 729 677 778 Sed
733 745 824 778 nec
879 736 999 778 tunc
1054 731 1125 778 eis
1180 729 1347 778 hostes
1403 745 1462 778 ex
1517 729 1622 778 aliis
1675 730 1905 794 gentibus

220 809 679 868 expugnatoresque
735 804 1022 869 defuerunt3
1077 818 1188 851 nam
1238 805 1383 852 etiam
1430 803 1762 853 Romanorum
1810 806 1906 852 iam-

221 876 505 945 tributarios
546 893 630 925 eos
671 877 897 926 Christus
936 878 1136 925 invenit.

133 1095 187 1135 10
842 1079 1038 1134 CAPUT
1070 1080 1265 1134 XXIV.

220 1189 295 1238 De
320 1190 594 1251 prophet&
634 1191 723 1250 qui
761 1191 837 1237 vel
874 1190 1015 1250 apud
1045 1189 1262 1237 Iudaeos
1287 1190 1533 1250 postremi
1564 1187 1791 1249 fuermzt,
1831 1191 1911 1237 vel

354 1277 475 1324 quos
515 1265 661 1312 circa
701 1268 891 1325 tempus
930 1265 1209 1311 nativitatis
1255 1262 1443 1311 Christi
1479 1264 1773 1323 evanqelica

837 1338 1013 1398 prodit
1050 1338 1278 1385 historia.

368 1439 492 1488 Toto
525 1446 690 1488 autem
728 1438 810 1486 illo
851 1445 1089 1504 tempore,
1129 1454 1187 1486 ex
1227 1454 1324 1502 quo
1367 1438 1623 1487 redierunt
1661 1438 1722 1487 de
1754 1437 1908 1503 Baby-

133 1524 185 1562 15
217 1513 370 1578 Ionia,
420 1521 532 1578 post
570 1512 882 1577 Malachiam,
934 1514 1181 1577 Aggaeum
1221 1520 1271 1561 et
1310 1511 1618 1577 Zachariam,
1658 1514 1743 1576 qui
1786 1519 1908 1561 tunc

219 1587 659 1652 prophetaverunt,
708 1592 757 1634 et
795 1585 1003 1634 Esdram
1043 1602 1141 1634 non
1191 1586 1469 1635 habuerunt
1515 1585 1784 1650 prophetas
1826 1601 1906 1634 us-

220 1677 316 1725 que
358 1660 416 1709 ad
452 1660 716 1709 Salvatoris
756 1659 1033 1725 adventum,
1074 1661 1168 1708 nisi
1207 1660 1357 1709 alium
1388 1659 1671 1708 Zachariam
1712 1666 1907 1723 patrem

220 1735 448 1783 Iohannis
489 1742 538 1783 et
576 1733 826 1783 Elisabeth
874 1736 979 1782 eius
1020 1749 1247 1800 uxorem,
1296 1733 1478 1782 Christi
1519 1735 1769 1782 nativitate
1809 1735 1906 1782 iam

219 1810 462 1874 proxima,
513 1815 563 1856 et
603 1823 660 1856 eo
700 1809 795 1856 iam
837 1815 949 1856 nato
992 1807 1271 1856 Simeonem
1313 1823 1482 1856 senem
1524 1814 1572 1856 et
1612 1808 1799 1855 Annam
1839 1808 1907 1855 vi-

132 1893 187 1931 ‘20
220 1883 366 1931 duam
396 1884 592 1946 iamque
625 1881 947 1946 grandaevam
981 1888 1030 1930 et
1061 1883 1224 1946 ipsum
1256 1881 1522 1930 Iohannem
1563 1882 1909 1945 novissimum3
1948 1877 1950 1879 ’

221 1957 305 2020 qui
350 1958 542 2005 iuvenis
588 1958 684 2004 iam
730 1957 957 2004 iuvenem
997 1954 1246 2004 Christum
1294 1970 1392 2003 non
1443 1955 1641 2018 quidem
1682 1955 1906 2006 [uturum

220 2029 487 2095 praedixit,
549 2030 635 2078 sed
698 2036 860 2078 tamen
923 2030 1229 2092 incognitum
1285 2029 1571 2093 prophetica
1626 2029 1908 2091 cognitione

221 2106 530 2168 monstravit3
577 2109 783 2167 propter
823 2102 955 2165 quod
995 2103 1100 2166 ipse
1141 2102 1378 2150 Dominus
1419 2103 1507 2150 ait:
1559 2102 1670 2149 Lex
1708 2107 1757 2150 et
1789 2115 1912 2163 pro-

214 2179 401 2239 phetae
446 2191 604 2237 usque
652 2178 723 2224 ad
768 2176 1057 2224 Iohannem.
1137 2175 1231 2223 Sed
1282 2177 1489 2223 istorum
1540 2176 1757 2238 quinque
1798 2189 1910 2239 pro·

135 2259 189 2299 25
222 2249 439 2314 phetatio
494 2265 552 2298 ex
609 2248 857 2313 evangelio
905 2247 1048 2297 nobis
1095 2257 1209 2296 nota
1258 2256 1354 2315 est,
1404 2248 1487 2297 ubi
1535 2257 1583 2296 et
1630 2250 1734 2312 ipsa
1773 2250 1915 2312 virgo

223 2330 379 2372 mater
418 2322 613 2372 Domini
652 2330 763 2371 ante
804 2321 1071 2370 Iohannem
1111 2322 1431 2386 prophetasse
1471 2324 1733 2371 invenitur.
1813 2321 1911 2370 Sed

224 2397 347 2446 hanc
394 2399 606 2446 istorum
651 2395 959 2460 prophetiam
1016 2395 1179 2444 ludaei
1230 2391 1461 2461 {repr-obi·
1489 2411 1586 2443 non
1640 2396 1912 2459 accipiunt;

224 2478 525 2535 acceperunt
577 2477 767 2535 autem,
830 2470 914 2533 qui
976 2485 1035 2517 ex
1093 2472 1163 2518 eis
1218 2468 1602 2518 innumerabiles
1657 2467 1912 2532 evangelio

225 2544 558 2593 crediderunt.
636 2543 776 2593 Tunc.
824 2544 955 2591 enim
1006 2558 1116 2591 vere
1165 2543 1315 2591 Israel
1362 2543 1547 2591 divisus
1597 2548 1673 2590 est
1720 2542 1771 2589 in
1811 2540 1913 2589 duo

134 2628 192 2668 3ο
225 2617 464 2667 divisione
510 2617 612 2684 illa,
660 2632 785 2682 quae
831 2631 922 2681 per
963 2615 1238 2666 Samuelem
1284 2616 1575 2682 prophetam
1624 2614 1757 2665 Sauli
1804 2615 1911 2678 regi

344 2747 420 2800 24)
451 2744 534 2789 Mt.
571 2750 639 2800 11,
674 2749 742 2789 13.

345 2911 400 2949 :25
434 2906 535 2963 ubi]
569 2907 621 2949 ut
650 2905 696 2949 R
