2004 3140
200 135 308 189 338
883 144 916 178 s.
941 144 1216 180 AUGUSTINI

872 297 1068 352 CAPUT
1101 297 1215 351 LII.

199 407 277 457 Αη
319 408 629 456 eredendum
675 408 760 467 sit,
807 407 943 467 quod
979 406 1185 466 quidam
1218 411 1423 468 putant,
1465 407 1677 469 impletis
1718 407 1897 456 decem:

261 482 716 543 persecutionibus,
756 495 887 541 quae
920 478 1148 541 fuerunt,
1187 482 1376 528 nullam
1416 481 1517 530 iam
1556 495 1818 542 superesse

378 560 593 618 praeter
631 555 964 614 undecimam,
1004 567 1135 614 quae
1176 555 1227 602 in
1268 555 1373 615 ipso
1412 554 1716 604 Antichristz'

140 638 168 678 5
763 635 984 690 tempore
1022 629 1088 676 sit
1121 625 1319 688 sutura.

347 730 563 780 Proinde
595 745 657 779 ne
690 730 811 779 illud
850 729 1049 794 quidem
1088 736 1274 778 temere
1314 737 1435 794 puto
1477 745 1586 778 esse
1627 729 1891 783 dicendum

201 807 302 854 sive
359 804 688 870 credendum,
745 803 876 868 quod
932 803 1182 852 nonnullis
1229 805 1388 853 visum
1438 810 1513 852 est
1560 803 1634 852 vel
1683 803 1893 869 videtur,

199 894 300 927 non
347 878 555 943 amplius
603 877 863 927 ecclesiam
910 892 1167 942 passuram
1218 879 1592 941 persecutiones
1633 892 1791 941 usque
1831 876 1895 925 ad‘

201 960 398 1018 tempus
438 952 754 1018 Antichristi,
802 966 948 1015 quam
988 957 1108 1014 quot
1147 952 1242 999 iam
1280 966 1423 1016 passa
1462 958 1563 1018 est,
1602 950 1651 999 id
1693 956 1769 1000 est
1808 950 1894 999 de-

114 1037 169 1077 10
202 1041 325 1092 cem,
365 1033 420 1075 ut
459 1025 719 1075 undecima
759 1025 1028 1089 eademque
1069 1026 1331 1074 novissima
1372 1027 1435 1073 sit
1474 1024 1533 1074 ab
1572 1023 1895 1074 Antichristo.

199 1099 415 1148 Primam
463 1102 644 1164 quippe
695 1104 981 1164 computant
1020 1113 1044 1146 a
1084 1097 1280 1148 Nerone
1329 1113 1453 1163 quae
1501 1098 1628 1148 facta
1667 1105 1764 1164 est,
1816 1113 1891 1147 se-

201 1173 412 1223 cundam
452 1188 478 1221 a
518 1173 817 1239 Domitian0,
858 1188 883 1221 a
923 1172 1132 1221 Traiano
1173 1174 1394 1239 tertiam,
1433 1179 1658 1236 quartam
1697 1170 1756 1220 ab
1796 1171 1891 1220 An·

202 1249 395 1314 tonino,
450 1262 477 1295 a
518 1247 700 1295 Severo
741 1248 987 1312 quintam,
1042 1253 1230 1295 sextam
1269 1261 1294 1295 a
1333 1246 1620 1312 Maximine,
1675 1260 1701 1294 a
1740 1245 1892 1294 Decio

202 1322 475 1386 septimam,
515 1327 733 1370 octavam
767 1336 792 1369 a
824 1319 1096 1385 Valeriam,
1136 1319 1195 1368 ab
1229 1319 1491 1369 Aureliano
1526 1334 1719 1386 nonam,
1760 1319 1894 1367 deci·

117 1402 168 1442 15
202 1409 330 1444 mam
371 1409 397 1443 a
436 1394 738 1443 Diocletiano
780 1401 830 1443 et
867 1393 1173 1442 Maximiano.
1250 1393 1421 1458 Plagas
1462 1395 1592 1442 enim
1631 1394 1893 1457 Aegyptio-

201 1483 335 1534 rum,
383 1470 614 1532 quoniam
661 1468 831 1517 decem
888 1467 1116 1534 suerunt,
1166 1475 1427 1531 antequam
1479 1469 1613 1516 exire
1663 1466 1777 1515 inde
1817 1467 1892 1514 in·

202 1544 392 1607 ciperet
442 1541 653 1606 populus
708 1541 828 1608 Dei,
882 1548 1057 1606 putant
1118 1540 1177 1589 ad
1232 1541 1363 1590 hunc
1419 1540 1727 1589 intellectum
1782 1555 1896 1588 esse

200 1614 511 1681 referendaS‚
565 1622 621 1663 ut
659 1617 921 1664 novissima
961 1614 1252 1663 Antichristi
1290 1616 1572 1679 persecutio
1613 1613 1784 1663 similis
1823 1615 1891 1662 vi-

201 1689 376 1738 deatur
416 1689 705 1738 undecimae
745 1689 930 1755 plagae,
970 1703 1065 1752 qua
1097 1690 1335 1755 Aegyptii,
1375 1688 1491 1737 dum
1531 1687 1776 1737 hostiliter
1815 1702 1890 1736 56-

113 1772 170 1812 20
202 1770 477 1828 querentur
523 1762 796 1828 HebranS,
842 1764 893 1811 in
945 1763 1068 1811 mari
1107 1761 1277 1811 Rubro
1318 1762 1500 1827 populo
1540 1761 1629 1810 Dei
1666 1777 1758 1826 per
1797 1762 1890 1811 sic-

202 1852 315 1886 cum
377 1843 666 1885 transeunte
728 1838 1001 1901 perierunt.
1079 1835 1176 1884 Sed
1239 1850 1328 1900 ego
1391 1835 1471 1884 illa
1533 1851 1587 1884 re
1649 1842 1785 1900 gesta
1838 1837 1891 1884 in

199 1911 421 1975 Aegypto
483 1912 602 1959 istas
657 1911 1031 1975 persecutiones
1085 1909 1374 1974 prophetice
1430 1910 1725 1974 significatas
1779 1924 1895 1958 esse

203 1999 303 2033 non
352 1983 589 2049 arbitror3
642 1986 862 2047 quamvis
910 1983 969 2032 ab
1010 1985 1103 2048 eiS,
1144 1985 1228 2047 qui
1267 1983 1360 2032 hoc
1399 1990 1596 2049 putant,
1647 1985 1890 2047 exquisite

208 2065 256 2106 et
294 2059 549 2121 ingeniose
588 2056 667 2105 illa
708 2057 900 2121 singula
937 2056 1014 2105 his
1055 2056 1260 2121 singulis
1301 2064 1579 2121 comparata
1618 2056 1895 2123 videantur,

119 2138 175 2179 25
209 2146 308 2179 non
354 2129 644 2194 prophetico
695 2132 896 2195 spiritu,
948 2130 1032 2178 sed
1081 2132 1366 2179 coniectura
1416 2131 1594 2179 mentis
1634 2129 1894 2196 humanae,

210 2219 333 2268 quae
374 2202 633 2266 aliquando
674 2203 732 2252 ad
772 2218 945 2252 verum
982 2204 1223 2270 pervenit,
1260 2202 1519 2267 aliquando
1558 2202 1755 2253 fallitur.

356 2276 483 2334 Quid
524 2278 681 2342 enim,
737 2278 822 2340 qui
869 2276 961 2324 hoc
1002 2278 1248 2342 sentiunt,
1303 2277 1485 2325 dicturi
1524 2283 1640 2325 sunt
1678 2277 1738 2325 de
1779 2292 1890 2341 per·

207 2352 488 2415 secutione,
527 2365 623 2414 qua
662 2352 767 2414 ipse
807 2349 1045 2398 Dominus
1086 2350 1350 2399 crucifixus
1390 2347 1501 2399 est‘?
1539 2352 1590 2398 in
1639 2365 1735 2414 quo
1783 2366 1890 2399 eam

207 2438 416 2473 numero
448 2420 696 2488 posituri?
773 2422 825 2472 Si
864 2430 1029 2471 autem
1068 2423 1158 2471 hac
1199 2430 1401 2488 excepta
1441 2424 1721 2473 existimant
1759 2439 1890 2472 com·

115 2507 173 2546 30
204 2497 505 2562 putandum,
544 2488 792 2561 tamquam
831 2496 940 2545 illae
980 2497 1310 2546 numerandae
1351 2499 1470 2563 sint,
1519 2513 1642 2561 quae
1682 2497 1740 2545 ad
1781 2513 1889 2546 cor-

204 2586 298 2635 pus
330 2573 596 2637 pertinent,
636 2586 735 2619 non
775 2585 869 2635 qua
907 2572 1070 2635 ipsum
1111 2578 1257 2635 caput
1295 2577 1371 2619 est
1410 2573 1680 2635 appetitum
1721 2578 1770 2620 et
1807 2586 1887 2620 oc·

204 2646 386 2692 cisum:
441 2643 558 2708 quid
606 2651 751 2708 agent
798 2644 857 2693 de
905 2643 1011 2710 illa,
1059 2658 1208 2710 quae,
1260 2651 1430 2708 postea
1478 2659 1622 2708 quam
1663 2643 1897 2693 Christus

203 2717 424 2766 ascendit
477 2719 527 2766 in
585 2717 800 2784 caelum,
855 2716 1206 2781 Hierosolymis
1255 2717 1379 2766 facta
1428 2726 1524 2784 est,
1578 2717 1660 2766 ubi
1712 2717 1894 2766 beatus

206 2789 486 2855 Stephanus
527 2790 768 2855 lapidatus
809 2798 910 2857 est,
960 2789 1046 2839 ubi
1085 2789 1291 2839 Iacobus
1332 2791 1483 2839 frater
1522 2790 1750 2839 Iohannis
1789 2790 1886 2853 gla—

117 2873 174 2912 35
207 2863 286 2913 dio
327 2863 617 2930 trucidatuS,
657 2863 742 2913 ubi
781 2863 1031 2929 apostolus
1070 2862 1248 2913 Petrus
1288 2871 1342 2913 ut
1382 2863 1692 2913 occideretur
1730 2863 1893 2913 incia-.—
