2054 3152
134 970 190 1010 10

134 1337 186 1376 15

132 1704 186 1744 20

132 2071 188 2110 25

225 177 297 229 30
905 187 939 219 s.
963 186 1240 222 ,mensum

225 303 398 350 errori.
478 302 616 350 Siout
648 301 779 349 enim
810 299 973 348 Aaron
1006 301 1191 349 erranti
1221 301 1402 366 populo
1435 301 1493 350 ad
1533 300 1718 350 idolum
1757 301 1904 351 fabri-

225 375 433 424 candum
466 390 564 423 non
613 374 864 422 consensit
895 372 1142 438 inductUS,
1181 374 1268 423 sed
1308 377 1457 424 cessit
1501 374 1771 424 obstrietus
1810 390 1906 424 nee

226 447 533 497 Salomonem
575 445 807 496 credibile
858 453 934 495 est
972 461 1142 495 errore
1181 454 1380 511 putasse
1419 447 1562 497 idolis
1603 463 1712 497 esse
1753 450 1903 498 servi-

224 521 430 586 endum,
485 521 572 570 sed
625 519 874 569 blanditiis
929 520 1154 568 femineis
1209 521 1267 570 ad
1317 521 1397 570 illa
1447 521 1701 586 sacrilegia
1751 522 1906 571 fuisse

223 594 538 659 conpulsum:
583 596 650 643 ita
689 593 992 642 eredendum
1031 598 1107 642 est
1143 593 1282 642 illum
1319 596 1480 643 virum
1520 610 1636 644 suae
1676 596 1906 662 feminae,

222 669 309 716 uni
355 683 533 734 unum,
579 667 827 716 hominem
874 667 1087 733 homini,
1135 669 1392 732 coniugem
1441 670 1659 733 coniugi,
1709 669 1768 718 ad
1815 668 1904 717 Dei

221 740 379 805 legem
418 740 873 805 transgrediendam
905 756 1004 788 non
1041 746 1289 805 tamquam
1327 757 1500 790 verum
1537 741 1758 805 loquenti
1797 757 1904 791 ore-

222 813 404 863 didisse
444 814 719 880 seductum,
759 814 844 863 sed
885 813 1053 862 sociali
1090 815 1455 863 necessitudine
1494 817 1732 879 paruisse.
1794 815 1903 865 Non

222 889 354 936 enim
392 889 576 937 frustra
615 888 737 936 dixit
775 887 1046 952 apostolus:
1097 888 1165 936 Et
1203 889 1364 937 Adam
1403 903 1503 938 non
1542 894 1616 937 est
1651 891 1903 949 seductuS,

222 965 402 1011 mulier
441 968 607 1011 autem
646 963 856 1010 seducta
897 968 990 1027 est,
1036 962 1130 1010 nisi
1169 963 1282 1025 quia
1320 961 1401 1009 illa
1439 962 1571 1025 quod
1611 963 1656 1010 ei
1695 977 1902 1027 serpens

220 1034 414 1084 locutus
455 1041 544 1100 est,
583 1042 831 1098 tamquam
877 1050 1049 1084 verum
1090 1042 1236 1100 esset,
1275 1036 1478 1100 aceepit,
1516 1034 1596 1083 ille
1637 1041 1802 1085 autem
1841 1035 1901 1084 ab

220 1110 366 1157 unico
405 1108 564 1157 noluit
594 1110 844 1157 consortio
876 1109 1041 1157 dirimi
1079 1123 1171 1157 neo
1210 1111 1260 1156 in
1302 1110 1647 1157 communione
1686 1111 1899 1175 peccati3

220 1197 311 1230 nee
342 1182 453 1230 ideo
486 1183 648 1230 minus
674 1197 806 1247 reUS,
846 1184 888 1231 si
919 1183 1082 1230 sciens
1113 1181 1432 1246 prudensque
1471 1183 1705 1245 peccavit.
1759 1181 1900 1231 Unde

220 1262 270 1303 et
308 1255 558 1319 apostolus
589 1270 689 1304 non
728 1257 819 1304 ait:
856 1254 997 1321 „Non
1034 1250 1307 1321 peceavit“‚
1346 1254 1454 1304 sed:
1493 1256 1603 1304 Non
1644 1261 1718 1305 est
1753 1258 1902 1304 sedu-

220 1335 357 1386 ctus;
406 1343 520 1377 nam
564 1330 738 1393 utique
785 1331 947 1393 ipsum
995 1328 1232 1394 ostendit,
1278 1327 1364 1376 uhi
1411 1327 1551 1377 dicit:
1607 1330 1710 1378 Per
1747 1343 1902 1378 unum

219 1403 466 1452 hominem
510 1408 780 1463 peccatum
831 1404 1039 1451 intravit
1087 1405 1140 1450 2⁶72
1187 1404 1450 1462 mundum,
1506 1409 1556 1450 et
1604 1401 1749 1466 paulo
1788 1410 1902 1466 post

221 1477 461 1539 apertius:
517 1477 577 1526 In
622 1478 972 1536 similitudine,
1012 1476 1199 1541 inquit,
1238 1478 1704 1537 praevaricationis
1743 1476 1900 1525 Adae.

219 1548 320 1597 Hos
360 1555 523 1598 autem
563 1549 793 1598 seductos
831 1548 1051 1612 intellegi
1090 1548 1263 1614 voluit,
1303 1549 1388 1612 qui
1426 1549 1490 1614 id,
1530 1548 1661 1612 quod
1701 1549 1903 1614 faciunt,

220 1637 319 1670 non
372 1629 548 1686 putant
601 1637 709 1671 esse
755 1629 1039 1687 peecatum3
1093 1621 1172 1670 ille
1221 1628 1384 1671 autem
1433 1623 1588 1671 seivit.
1672 1621 1902 1686 Alioquin

220 1711 317 1759 quo
357 1695 501 1744 modo
541 1711 713 1745 verum
753 1698 868 1745 erit:
907 1696 1071 1745 Adam
1110 1710 1210 1745 non
1249 1701 1323 1744 est
1358 1697 1630 1745 seductus?
1693 1695 1790 1744 Sed
1828 1697 1899 1743 in-

221 1775 454 1833 expertus
502 1769 690 1818 divinae
739 1770 1014 1819 severitatis
1054 1770 1104 1817 in
1156 1784 1214 1817 eo
1254 1768 1354 1817 falli
1390 1770 1573 1835 potuit,
1621 1775 1678 1818 ut
1715 1768 1902 1817 veniale

221 1842 448 1892 crederet
479 1857 588 1891 esse
621 1844 952 1892 commissum.
1029 1842 1096 1890 Ae
1128 1857 1218 1906 per
1248 1841 1342 1890 hoe
1373 1843 1424 1890 in
1461 1857 1518 1890 eo
1551 1842 1765 1908 quidem,
1805 1856 1902 1906 quo

220 1915 397 1964 mulier
415 1916 617 1965 seducta
635 1923 726 1980 est,
749 1931 848 1964 non
866 1923 942 1965 est
965 1916 1044 1964 ille
1071 1915 1320 1981 seductUS,
1346 1915 1432 1964 sed
1457 1930 1571 1964 eum
1594 1915 1779 1980 fefellit,
1803 1929 1902 1978 quo

222 1989 366 2037 modo
399 1990 560 2038 fuerat
582 1988 900 2038 iudicandum
924 1989 1055 2053 quod
1088 1995 1194 2037 erat
1225 1988 1471 2037 dicturus:
1510 1988 1712 2048 Mulier,
1751 2002 1903 2048 quam

223 2064 408 2111 dedisti
459 2076 671 2121 mecum,
731 2064 841 2124 ipsa
895 2063 1020 2111 mihi
1071 2063 1230 2126 dedit,
1284 2067 1333 2110 et
1376 2063 1695 2110 manducavi.
1773 2059 1902 2118 Quid

223 2149 340 2198 ergo
394 2131 655 2199 pluribus?
715 2134 822 2184 Etsi
873 2133 1120 2183 credendo
1175 2148 1274 2182 non
1330 2140 1447 2182 sunt
1500 2133 1641 2182 ambo
1692 2133 1902 2200 decepti,

219 2207 469 2272 peccando
515 2214 679 2257 tamen
727 2206 867 2256 ambo
916 2214 1032 2257 sunt
1086 2208 1217 2272 capti
1271 2213 1320 2256 et
1366 2206 1546 2255 diaboli
1590 2206 1779 2271 laqueis
1826 2208 1899 2255 in·

219 2280 397 2346 plicati.

340 2439 384 2494 2)
415 2437 559 2482 Exod.
593 2443 665 2493 32,
697 2443 723 2482 3
757 2452 854 2494 sqq.
917 2437 963 2491 ὃ)
997 2441 1036 2482 1.
1068 2437 1183 2493 Reg.
1217 2441 1287 2491 11,
1320 2442 1361 2479 4.
1426 2438 1497 2492 10)
1531 2441 1569 2479 1.
1604 2436 1720 2480 Tim.
1755 2442 1796 2491 2,
1831 2440 1899 2481 14.

224 2497 294 2552 17)
326 2495 459 2542 Rom.
491 2502 534 2552 5,
567 2501 620 2540 12
655 2511 752 2553 sqq.
815 2497 887 2552 25)
922 2495 1034 2540 Gen.
1068 2500 1110 2552 3,
1145 2500 1212 2539 12.

339 2692 364 2731 9
397 2687 459 2731 Et
489 2687 641 2733 Adam
671 2688 836 2744 scripsi
865 2690 1036 2743 (proyr.
1064 2701 1111 2742 p.
1145 2690 1174 2730 7
1171 2689 1213 2741 );
1248 2685 1329 2730 sed
1359 2685 1496 2729 adam
1538 2685 1695 2739 VAF,·
1729 2685 1819 2729 Sed
1851 2687 1899 2730 et

220 2746 372 2790 Adam
402 2760 429 2789 v
466 2748 482 2802 ΙΙ
518 2752 572 2790 13
606 2746 645 2790 si
675 2760 787 2801 mss;
829 2746 908 2791 sed
938 2747 1004 2802 vu
1037 2751 1091 2790 18
1124 2745 1216 2789 Eos
1248 2758 1274 2788 v
1311 2746 1327 2800 11
1365 2749 1421 2788 25
1453 2758 1635 2789 meeum
1676 2744 1785 2789 Ve’v
1815 2757 1896 2789 sec.

222 2803 378 2849 Graec.
390 2821 406 2858 ;
445 2804 561 2848 mihi
591 2805 776 2860 AFabf
