2044 3146
267 149 377 202 204
941 157 975 191 s.
1000 158 1275 194 Auousmn

271 278 343 324 tia
389 289 505 334 sua,
553 280 603 323 et
646 288 747 323 non
791 275 1045 335 glorietur
1093 274 1231 322 dives
1271 274 1323 321 in
1366 274 1554 322 divitiis
1592 275 1726 331 suin
1778 276 1871 323 sed
1907 275 1960 323 in

270 351 365 398 hoe
392 350 659 410 qlorietur,
699 350 789 409 qui
814 349 1086 409 gloriatur,
1126 348 1418 408 intelleqere
1448 352 1498 397 et
1525 349 1662 397 scire
1693 347 1968 397 Dominum*

271 427 320 471 et
350 421 535 484 faeere
573 423 818 471 iudicium
866 426 915 470 et
953 423 1196 470 iustitiam
1236 422 1287 469 in
1326 423 1488 470 medio
1528 427 1714 471 terrae.
1791 421 1960 471 Domi—

270 511 366 545 nus
406 498 637 545 aseendit
675 498 727 545 in
767 498 934 545 caelos
974 500 1024 544 et
1061 496 1248 552 tonui&
1299 497 1404 557 ipse
1442 495 1693 544 iudicabit
1730 501 1960 544 extrema

213 576 239 619 5
273 575 467 631 terrae,
514 572 636 632 quia
675 572 835 619 iustus
882 574 955 619 est
962 586 983 627 ;
1028 575 1076 618 et
1116 570 1206 618 dat
1242 571 1476 618 virtutem
1515 570 1722 631 reqibus
1761 571 1967 631 nostriS,

273 649 322 693 et
360 645 609 694 exaltabit
645 658 856 693 cornum
896 645 1079 692 christe·
1114 645 1206 691 sui.

422 716 557 766 Itane
590 732 708 766 vero
740 716 888 766 verba
920 716 1040 765 11366
1080 718 1229 765 unius
1268 715 1576 781 putabuntur
1617 730 1726 764 esse
1765 715 1965 765 mulier·

275 790 431 857 culae,
472 791 532 840 de
573 797 687 840 nato
729 791 822 839 sibi
862 790 961 839 filio
1000 785 1329 855 gratulantis?
1382 790 1658 839 Tantumne
1699 804 1839 839 mens
1878 788 1964 838 ho-

276 866 465 913 minum
506 880 532 913 a
571 865 681 914 luce
722 866 942 913 veritatis
982 878 1154 912 aversa
1193 870 1291 930 est,
1338 871 1395 914 ut
1434 879 1532 912 non
1573 865 1752 913 sentiat
1791 878 1962 928 super-

187 948 243 988 10
277 938 418 1002 gredi
457 938 657 987 modum
698 939 908 987 feminae
949 938 1097 987 huius
1138 938 1266 987 dieta
1306 953 1430 1002 quae
1471 934 1631 987 fudit?
1683 937 1839 986 Porro
1880 939 1966 1001 qui

277 1011 432 1060 rebus
489 1014 633 1078 ipsiS,
687 1027 811 1077 quae
867 1014 965 1061 iam
1012 1019 1286 1076 coeperunt
1337 1014 1481 1061 etiam
1529 1013 1580 1060 in
1626 1011 1718 1060 1136
1767 1018 1967 1060 terrena

274 1087 674 1150 peregrinatione
716 1085 976 1153 compleri,
1016 1088 1370 1136 convenienter
1409 1093 1651 1151 movetur,
1689 1100 1853 1134 nonne
1894 1086 1967 1134 in·

274 1159 434 1209 tendit
487 1168 536 1209 et
582 1161 757 1226 aspicit
807 1166 857 1209 et
907 1161 1132 1224 agnoscit
1177 1175 1268 1224 per
1313 1159 1439 1208 hanc
1488 1159 1771 1226 mulierem,
1822 1160 1966 1208 cuius

276 1235 423 1282 etiam
455 1249 652 1299 nomen,
690 1233 739 1283 id
772 1240 849 1283 est
881 1234 1033 1301 Anna,
1073 1235 1228 1298 gratia
1260 1235 1367 1282 eius
1399 1235 1771 1299 interpretatur,
1809 1234 1967 1297 ipsam

188 1318 242 1356 15
275 1307 564 1372 religionem
621 1307 969 1374 Christianam,
1023 1310 1179 1372 ipsam
1227 1309 1473 1356 civitatem
1520 1306 1630 1372 Dei,
1686 1308 1829 1356 cuius
1878 1321 1967 1355 rex

275 1387 351 1430 est
407 1387 457 1430 et
511 1381 736 1430 conditor
792 1380 1018 1431 Christus
1031 1422 1046 1448 ,
1099 1383 1256 1446 ipsam
1310 1389 1562 1446 postremo
1618 1378 1707 1429 Dei
1760 1381 1969 1444 gratiam

274 1455 567 1519 prophetico
615 1457 793 1520 spiritu
835 1457 905 1504 sio
945 1455 1181 1521 locutam,
1229 1470 1255 1503 a
1295 1471 1391 1519 qua
1432 1453 1635 1519 superbi
1674 1454 1971 1520 alienantur,

274 1534 331 1578 ut
355 1529 545 1595 cadant,
582 1544 676 1592 qua
701 1528 912 1578 humiles
937 1529 1221 1595 implentur,
1252 1536 1309 1577 ut
1342 1535 1560 1595 surgant,
1593 1527 1724 1592 quod
1757 1529 1966 1576 maxime

276 1601 488 1666 hymnus
528 1605 621 1651 iste
654 1600 949 1667 personuit?
1009 1602 1115 1651 Nisi
1155 1605 1416 1667 quisquam
1457 1603 1584 1651 forte
1626 1602 1851 1651 dicturus
1890 1609 1968 1652 est

188 1687 243 1726 20
277 1675 399 1724 nihil
439 1678 581 1725 istam
621 1676 943 1741 prophetasse
984 1677 1265 1742 mulierem,
1306 1676 1390 1725 sed
1433 1676 1588 1725 Deum
1629 1675 1969 1725 tantummodo

276 1756 481 1814 propter
528 1751 705 1816 filium,
753 1766 900 1814 quem
946 1758 1145 1815 precata
1193 1752 1478 1816 inpetravit,
1535 1749 1772 1799 exultanti
1821 1763 1961 1814 prae-

276 1823 518 1872 dieatione
552 1824 790 1874 laudasse.
869 1824 996 1889 Quid
1038 1840 1156 1889 ergo
1197 1823 1286 1872 sihi
1329 1824 1433 1873 vult
1473 1824 1602 1888 quod
1644 1825 1732 1872 ait:
1773 1825 1966 1873 Areum

269 1901 547 1959 potentium
581 1897 711 1960 feeit
748 1901 1029 1960 infirmum,
1070 1906 1119 1948 et
1157 1901 1350 1958 infirmi
1380 1901 1676 1961 praecincti
1709 1903 1828 1947 sunt
1863 1900 1965 1946 vir-

277 1978 408 2029 tute;
449 1974 591 2034 pleni
627 1974 850 2034 panibus
899 1975 1142 2022 minorati
1187 1978 1326 2038 sunt,
1380 1979 1430 2022 et
1474 1975 1752 2022 esurientes
1802 1978 1967 2020 trans-

190 2056 245 2095 25
280 2047 453 2094 ierunt
498 2052 690 2095 terram
699 2063 718 2104 ;
757 2049 879 2107 quia
917 2049 1105 2096 sterilis
1133 2048 1341 2111 peperit
1383 2048 1582 2107 septem,
1622 2051 1671 2094 et
1719 2047 1875 2094 multa
1916 2047 1968 2094 in

276 2120 400 2178 filiis
455 2121 715 2178 infirmata
777 2122 882 2168 est?
973 2119 1223 2183 Numquid
1278 2125 1469 2182 septem
1532 2120 1637 2183 ipsa
1691 2125 1970 2186 pepererat,

283 2193 504 2255 quamvis
545 2192 728 2241 sterilis
770 2190 956 2242 suerit?
1016 2191 1228 2241 Unicum
1267 2191 1490 2258 habehat,
1530 2192 1725 2256 quando
1764 2193 1857 2241 ista
1897 2191 1968 2240 di-

284 2263 448 2331 cebat3
496 2265 580 2314 sed
630 2280 721 2314 nec
771 2273 942 2330 postea
992 2273 1182 2331 septem
1229 2267 1444 2332 peperit,
1491 2268 1592 2315 sive
1633 2281 1741 2332 sex,
1788 2264 1970 2330 quibus

283 2340 523 2403 septimus
553 2346 686 2388 esset
723 2341 828 2405 ipse
864 2339 1077 2406 Samuel,
1109 2339 1195 2389 sed
1235 2347 1339 2388 tres
1378 2355 1540 2389 mares
1581 2346 1631 2388 et
1669 2339 1790 2389 duas
1830 2339 1968 2388 femi·

190 2425 247 2464 3ο
279 2427 382 2461 naS.
459 2411 645 2461 Deinde
697 2415 749 2462 111
799 2413 882 2462 1116
933 2413 1116 2479 populo
1164 2429 1278 2463 eum
1325 2413 1483 2463 adhuc
1531 2428 1676 2463 nemo
1724 2419 1971 2479 regnaret,

280 2485 412 2550 quod
466 2487 518 2535 in
565 2493 786 2536 extremo
834 2489 1021 2552 posuit:
1077 2488 1180 2537 Dat
1238 2491 1472 2537 virtutem
1517 2488 1723 2549 reqibus
1769 2488 1970 2548 nostris,

398 2645 442 2700 3)
474 2643 675 2688 Hierem.
711 2649 752 2700 9,
786 2644 841 2689 23
876 2659 941 2700 sq.
1007 2646 1050 2701 6)
1085 2649 1123 2689 1.
1158 2643 1282 2691 Sam.
1315 2650 1357 2702 2,
1392 2650 1414 2689 1
1452 2659 1552 2701 sqq.

396 2839 422 2879 2
456 2835 572 2879 seire
605 2836 652 2880 et
681 2835 830 2880 intell.
863 2836 909 2879 A
931 2837 948 2892 ΙΙ
971 2841 998 2879 4
1030 2838 1076 2880 et
1106 2836 1207 2893 ipse
1239 2838 1282 2879 A
1307 2838 1324 2893 fl
1348 2842 1373 2882 6
1407 2835 1635 2880 exaltauit
1666 2837 1709 2879 A
1733 2837 1750 2893 u
1773 2848 1965 2879 cornum

274 2893 394 2948 RA5
426 2907 567 2939 cornu
598 2908 624 2940 v
647 2896 664 2951 u
689 2899 744 2938 14
775 2895 917 2939 etiam
949 2907 1031 2939 om.
1064 2895 1110 2939 R
1132 2897 1149 2952 u
1171 2900 1227 2939 23
1258 2895 1481 2939 uirtutem
1512 2895 1612 2938 AF
