2004 3140
139 625 166 666 5

109 995 165 1035 10

110 1363 164 1404 15

110 1733 166 1773 20

109 2099 165 2140 25

108 2468 166 2508 30

195 140 305 193 284
869 150 903 185 s.
927 150 1206 187 Auens-rna

837 288 1036 343 CAPUT
1067 289 1240 345 XXII.

204 385 350 443 Quod
379 398 435 433 eo
469 389 689 446 tempore
721 384 883 433 Roma
914 387 981 434 sit
1009 386 1229 445 condita,
1270 398 1366 445 quo
1407 398 1620 446 reynum
1651 383 1882 447 Assyrio-

288 471 402 506 rum
441 459 706 507 intercidit
742 463 792 506 et
829 473 925 519 quo
966 459 1222 508 Ezechias
1260 460 1516 519 remeabat
1553 461 1605 507 in
1646 459 1793 508 Iuda.

345 545 417 594 Ne
473 544 641 604 multis
696 561 889 612 morer,
944 546 1139 596 condita
1194 553 1271 596 est
1325 547 1493 596 civitas
1543 545 1697 595 Roma
1750 546 1884 596 velut

200 618 352 668 altera
390 618 606 684 Babylon
653 626 703 668 et
748 619 883 669 velut
927 622 1109 685 prioris
1148 620 1244 669 filia
1283 619 1568 686 BabyloniS,
1606 636 1698 685 per
1738 635 1884 685 quam

195 691 298 741 Deo
329 692 514 758 placuit
554 692 724 742 orbem
758 693 1002 743 debellare
1035 702 1281 743 terrarum
1313 700 1363 743 et
1401 695 1451 742 in
1491 709 1638 742 unam
1680 696 1884 744 societa-

195 773 298 815 tem
321 768 395 816 rei
418 766 643 831 publicae
668 767 929 832 legumque
963 769 1258 832 perductum
1290 767 1434 832 longe
1466 767 1660 831 lateque
1692 783 1884 832 pacare.

195 838 351 889 Erant
397 842 529 889 enim
576 843 671 889 iam
722 841 891 906 populi
937 841 1082 890 validi
1131 848 1179 891 et
1227 842 1380 890 fortes
1435 848 1487 891 et
1524 843 1674 890 armis
1713 847 1884 906 gentes

197 916 506 981 exercitatae,
547 929 671 979 quae
718 929 817 963 non
866 915 1005 964 facile
1047 915 1298 981 cederent,
1338 922 1386 964 et
1426 930 1547 981 quas
1587 931 1711 980 opus
1751 922 1886 965 esset.

194 986 479 1051 ingentibus
517 988 752 1052 periculis
793 996 843 1038 et
891 991 1158 1038 vastatione
1198 991 1449 1054 utrimque
1490 1004 1589 1038 non
1627 1004 1775 1054 parva
1815 996 1884 1039 at-

196 1076 291 1125 que
332 1061 581 1111 horrendo
620 1061 787 1112 labore
837 1065 1074 1128 superari.
1151 1062 1273 1112 Nam
1315 1062 1509 1128 quando
1550 1078 1758 1128 regnum
1797 1062 1883 1112 As-

196 1136 444 1199 syriorum
482 1142 635 1185 totam
674 1152 828 1201 paene
861 1137 1026 1186 Asiam
1065 1137 1359 1204 subiugavit,
1398 1137 1514 1186 licet
1552 1136 1778 1186 bellando
1819 1139 1882 1187 sit

195 1209 402 1276 factum,
454 1225 552 1259 non
597 1216 760 1259 tamen
810 1211 1020 1260 multum
1067 1213 1256 1276 asperis
1305 1217 1355 1260 et
1406 1210 1687 1259 difficilibus
1738 1210 1882 1260 bellis

197 1283 305 1331 fieri
359 1285 550 1348 potuit,
614 1286 727 1348 quia
790 1285 940 1334 rudes
994 1285 1153 1334 adhuc
1207 1285 1265 1333 ad
1320 1284 1653 1333 resistendum
1707 1291 1882 1349 gentes

198 1363 339 1405 erant
378 1372 471 1406 nec
510 1364 608 1406 tam
649 1358 829 1408 multae
869 1358 945 1407 vel
986 1373 1201 1423 magnae.
1281 1358 1333 1407 Si
1373 1357 1572 1422 quidem
1611 1365 1724 1423 post
1761 1358 1880 1407 illud

196 1432 464 1480 maximum
517 1437 663 1495 atque
716 1432 993 1481 universale
1048 1432 1307 1498 diluvium,
1363 1447 1475 1481 cum
1524 1434 1574 1480 in
1626 1447 1738 1481 arca
1776 1432 1881 1481 Noe

197 1510 309 1552 octo
343 1504 431 1553 soli
466 1504 689 1554 homines
723 1514 1000 1572 evaserunt,
1032 1508 1146 1555 anni
1178 1521 1277 1555 non
1309 1506 1463 1555 multo
1497 1505 1704 1571 amplius
1738 1521 1885 1570 quam

196 1577 327 1626 mille
367 1581 687 1647 transierant,
736 1580 930 1644 quando
970 1579 1128 1629 Ninus
1168 1581 1330 1629 Asiam
1370 1586 1526 1629 totam
1566 1586 1769 1644 excepta
1807 1579 1883 1629 In-

199 1651 277 1700 dia
332 1651 621 1715 subiugavit.
714 1653 867 1702 Roma
922 1669 1038 1702 vero
1101 1661 1176 1703 tot
1230 1662 1402 1719 gentes
1457 1659 1507 1702 et
1562 1652 1780 1702 Orientis
1834 1661 1887 1703 et

201 1724 506 1792 OccidentiS,
546 1741 668 1790 quas
707 1729 916 1792 imperio
958 1727 1178 1776 Romano
1219 1727 1439 1777 subditas
1480 1729 1746 1793 cernimuS‚
1785 1743 1884 1776 non

200 1814 255 1847 ea
289 1799 539 1850 celeritate
574 1816 628 1849 ac
661 1801 892 1850 facilitate
932 1802 1228 1868 perdomuit,
1269 1803 1501 1866 quoniam
1540 1800 1773 1866 paulatim
1812 1803 1886 1850 in-

199 1873 468 1922 crescendo
501 1873 730 1924 robustas
772 1890 853 1924 eas
894 1882 943 1924 et
982 1875 1255 1941 bellicosaS,
1295 1890 1489 1940 quaqua
1527 1887 1728 1923 versum
1767 1874 1882 1924 dila-

197 1945 419 2014 tabatur,
458 1949 658 1997 invenit.
736 1948 980 2014 Tempore
1020 1951 1186 2016 igitur,
1226 1964 1323 2014 quo
1363 1948 1517 1997 Roma
1558 1947 1754 1997 condita
1794 1955 1887 2014 est,

197 2020 410 2084 populus
443 2021 594 2070 lsrael
626 2021 836 2071 habebat
865 2025 916 2071 in
955 2029 1088 2072 terra
1127 2024 1469 2088 promissionis
1509 2037 1663 2071 annos
1702 2024 1884 2086 septin-

198 2100 373 2158 gentos
405 2094 577 2143 decem
609 2102 658 2144 et
690 2102 814 2145 oct0.
878 2095 950 2144 Ex
984 2096 1163 2160 quibus
1195 2097 1367 2160 viginti
1406 2101 1595 2160 septem
1633 2097 1890 2159 pertinent

198 2167 256 2214 ad
289 2167 453 2216 Iesum
479 2167 626 2235 Nave,
666 2169 842 2218 deinde
877 2169 935 2218 ad
967 2176 1164 2234 tempus
1203 2169 1421 2218 iudicum
1463 2170 1675 2217 trecenti
1713 2170 1886 2234 viginti

198 2255 388 2289 novem.
464 2240 538 2290 Ex
589 2257 686 2306 quo
736 2249 901 2292 autem
951 2258 1096 2307 reges
1150 2242 1219 2292 ibi
1268 2257 1374 2291 esse
1427 2249 1720 2309 coeperant,
1769 2244 1885 2291 anni

198 2321 339 2363 erant
385 2317 597 2364 trecenti
643 2318 893 2380 sexaginta
940 2316 1051 2365 duo,
1128 2316 1192 2365 Et
1230 2332 1318 2365 rex
1357 2323 1476 2365 tunc
1517 2321 1623 2364 erat
1660 2317 1712 2365 in
1750 2315 1888 2382 Iuda,

198 2389 340 2437 cuius
380 2404 561 2437 nomen
601 2396 706 2439 erat
744 2389 902 2439 Achaz
941 2390 1038 2455 vel,
1090 2393 1218 2439 sicut
1258 2390 1338 2439 alii
1379 2395 1671 2455 conputant,
1710 2391 1795 2454 qui
1835 2391 1883 2438 ei

199 2464 439 2511 successit
475 2462 733 2529 EzechiaS,
781 2479 926 2528 quem
974 2464 1175 2528 quidem
1214 2470 1406 2513 constat
1445 2465 1683 2528 optimum
1723 2470 1774 2512 et
1810 2464 1881 2527 pi-

197 2537 422 2586 issimum
463 2552 629 2601 regem
670 2536 866 2586 Romuli
905 2552 1136 2601 regnasse
1177 2536 1498 2602 temporibus.
1575 2535 1631 2585 In
1671 2551 1728 2585 ea
1765 2551 1884 2585 vero

196 2607 410 2658 Hebraei
458 2610 630 2674 populi
674 2618 837 2676 parte,
893 2626 1017 2675 quae
1065 2610 1399 2676 appellabatur
1449 2609 1626 2676 Israel,
1676 2624 1884 2674 regnare

199 2689 431 2747 coeperat
469 2682 611 2733 Osee.

198 2882 241 2927 H
268 2883 299 2927 b
319 2829 373 2890 1¹⁷?
402 2825 483 2892 yel
511 2827 611 2869 tam
641 2839 839 2882 magnae
869 2840 896 2870 v
940 2827 956 2882 ll
1003 2831 1056 2870 21
1090 2825 1388 2871 increscendo
1419 2826 1490 2881 R,·
1520 2839 1661 2869 cresc.
1693 2838 1720 2869 v
1765 2825 1780 2881 ΙΙ
1826 2828 1885 2867 32

244 2897 267 2926 e
302 2897 415 2927 ra1c1
446 2898 471 2927 v
