2054 3152
163 937 217 977 10

158 1305 212 1344 15

153 1762 208 1801 20

151 2188 208 2228 25

150 2557 207 2596 30

257 139 361 192 160
922 147 956 181 s,
981 147 1257 182 AUGUSTINI

252 264 482 314 felicitate
531 262 768 312 sublimis,
855 260 977 310 Nam
1025 267 1263 325 quantum
1310 261 1368 311 ad
1416 260 1781 311 multitudinem
1827 277 1937 327 per-

251 340 400 403 tinet,
455 336 571 401 quid
632 342 748 385 sunt
802 334 970 384 stellae
1026 334 1147 384 caeli
1201 334 1259 384 ad
1306 334 1540 384 harenam
1589 332 1790 385 terrae?
1843 338 1939 386 nisi

252 413 362 476 quis
403 417 451 459 et
489 412 633 459 istam
682 410 1095 474 comparationem
1147 409 1198 457 in
1238 415 1429 458 tantum
1470 424 1577 458 esse
1618 408 1828 458 similem
1867 410 1936 459 di-

251 491 342 551 cat,
381 486 431 533 in
466 490 702 548 quantum
735 485 882 532 etiam
921 482 1087 531 stellae
1129 482 1431 532 dinumerari
1470 497 1570 531 non
1610 483 1784 550 valent,
1824 486 1936 548 quia

250 574 340 608 nec
381 573 552 607 omnes
585 572 667 606 eas
706 556 861 606 videri
898 571 1043 621 posse
1084 556 1387 606 credendum
1427 564 1515 606 est.
1591 556 1715 606 Nam
1753 565 1936 621 quanto

251 634 460 697 quisque
517 633 710 680 acutius
764 632 1010 696 intuetur,
1064 636 1200 679 tanto
1254 630 1423 694 plures
1476 631 1621 680 videt.
1698 630 1837 680 Unde
1888 639 1938 681 et

250 707 489 755 acerrime
537 703 857 754 cernentibus
904 703 1091 768 aliquas
1141 703 1357 753 occultas
1405 719 1513 753 esse
1554 706 1730 753 merito
1771 707 1936 756 existi·

249 786 432 846 matur7
480 780 698 843 exceptis
746 780 817 827 eis
857 777 1125 843 sideribuS,
1173 793 1298 842 quae
1337 779 1388 826 in
1427 776 1518 826 alia
1556 784 1695 842 parte
1735 778 1870 828 orbis
1909 793 1938 828 a

249 853 392 902 nobis
443 854 773 901 remotissima
823 853 944 900 oriri
991 857 1040 900 et
1090 851 1317 900 occidere
1367 850 1706 916 perhibentur.
1795 852 1934 902 Post·

250 941 387 975 remo
443 928 744 991 quicumque
791 927 1078 974 universum
1127 924 1380 975 stellarum
1426 940 1690 974 numerum
1729 941 1934 990 conpre-

248 999 479 1049 hendisse
530 1007 579 1048 et
626 1000 982 1063 conscripsisse
1030 1000 1297 1064 iactantur,
1338 999 1467 1048 sicut
1505 999 1684 1048 Aratus
1722 998 1799 1048 vel
1837 998 1934 1049 Eu-

248 1074 406 1123 doxus
459 1073 535 1122 vel
590 1075 631 1122 si
687 1074 772 1137 qui
826 1072 906 1121 alii
962 1079 1099 1139 sunt,
1154 1087 1239 1121 eos
1293 1071 1407 1121 libri
1461 1072 1608 1121 huius
1665 1075 1935 1123 contemnit

247 1149 528 1197 auctoritas
605 1145 696 1195 Hic
737 1161 853 1195 sane
892 1145 973 1195 illa
1013 1148 1257 1195 sententia
1295 1147 1520 1211 ponitur,
1560 1148 1702 1195 cuius
1741 1154 1931 1211 aposto-

246 1221 323 1270 lus
363 1222 586 1270 meminit
624 1227 829 1285 propter
868 1219 957 1269 Dei
996 1222 1200 1284 gratiam
1241 1219 1699 1270 commendandam:
1759 1221 1930 1271 Credi·

246 1297 321 1344 dit
358 1295 618 1344 Abraham
651 1295 770 1355 De0,
812 1300 861 1343 et
899 1296 1191 1356 deputatum
1231 1300 1303 1343 est
1343 1296 1418 1343 illi
1454 1295 1525 1343 ad
1561 1295 1831 1352 iustitiam;
1869 1309 1931 1344 ne

246 1370 557 1418 circumcisio
605 1367 901 1432 gloriaretur
947 1373 1218 1432 gentesque
1266 1368 1636 1416 incircumcisas
1686 1367 1744 1416 ad
1784 1367 1931 1417 fidem

246 1440 429 1491 Christi
480 1441 631 1490 nollet
678 1441 881 1490 admitti.
958 1440 1063 1490 Hoc
1102 1442 1233 1490 enim
1274 1441 1467 1504 quando
1510 1442 1692 1490 factum
1732 1448 1828 1507 est,
1876 1449 1931 1491 ut

245 1515 468 1565 credenti
517 1514 738 1564 Abrahae
787 1515 1108 1579 deputaretur
1155 1513 1276 1563 fides
1316 1514 1375 1563 ad
1414 1516 1673 1580 iustitiam,
1711 1515 1930 1564 nondum

243 1589 404 1639 fuerat
443 1590 780 1639 circumcisus,

871 1745 1064 1800 CAPUT
1104 1746 1300 1799 XXIV.

243 1857 319 1905 De
356 1857 730 1918 significatione
769 1857 1031 1914 sacrificii,
1072 1856 1209 1915 quod
1244 1854 1506 1903 Abraham
1545 1854 1736 1914 offerre
1770 1869 1921 1916 prae·

271 1935 444 1993 ceptus
484 1934 569 1989 est,
611 1943 724 1978 cum
757 1930 1079 1991 poposcisset,
1120 1933 1176 1976 ut
1215 1929 1276 1977 de
1315 1928 1392 1976 his
1431 1942 1563 1988 quae
1602 1929 1900 1977 crediderat

937 2003 1220 2051 doceretur.

387 2105 443 2153 ln
493 2104 666 2154 eodem
714 2106 820 2153 visu
870 2119 981 2152 cum
1029 2103 1318 2167 loqueretur
1366 2105 1411 2152 ei
1451 2102 1606 2170 DeuS,
1638 2105 1792 2161 ,etiam
1831 2104 1923 2153 hoc

242 2181 308 2227 ait
347 2178 406 2227 ad
446 2177 605 2227 illum:
661 2180 770 2239 Eyo
809 2179 966 2238 θεας,
1015 2179 1104 2238 qui
1141 2179 1301 2226 eduxi
1338 2182 1385 2227 te
1424 2179 1486 2226 de
1524 2179 1733 2238 reqione
1779 2179 1921 2228 Chal-

241 2254 506 2313 daeorum,
561 2258 617 2300 ut
664 2254 774 2301 dem
822 2252 916 2300 tibi
959 2258 1150 2299 terram
1197 2252 1353 2311 hanc,
1408 2257 1464 2300 ut
1509 2252 1656 2300 heres
1693 2254 1762 2300 sis
1802 2254 1922 2302 eius,

239 2325 333 2375 Ubi
385 2340 498 2374 cum
548 2327 905 2389 interrogasset
959 2323 1202 2372 Abraham
1255 2324 1526 2374 secundum
1584 2324 1700 2388 quid
1756 2327 1922 2391 sciret,

241 2398 371 2463 quod
397 2399 542 2448 heres
570 2400 677 2447 eius
711 2400 819 2464 erit,
860 2397 981 2446 dixit
1012 2397 1081 2446 illi
1105 2397 1259 2446 Deus:
1300 2399 1489 2460 Accipe
1514 2400 1637 2447 mihi
1659 2401 1922 2448 iuvencam

240 2476 441 2522 trimam
474 2479 523 2523 et
553 2487 764 2535 capram
797 2474 998 2520 trimam
1038 2478 1086 2520 et
1117 2474 1327 2520 arietem
1360 2474 1562 2521 trimum
1593 2478 1642 2520 et
1672 2477 1921 2522 turturem

240 2553 288 2596 et
326 2547 616 2597 columbam.
695 2546 905 2608 Accepit
951 2551 1116 2594 citatem
1165 2547 1239 2594 illi
1282 2547 1410 2595 haec
1459 2547 1626 2595 omnia
1666 2550 1715 2594 et
1753 2547 1923 2595 divisit

360 2660 430 2715 15)
463 2657 573 2703 Gen.
611 2663 681 2712 15,
714 2663 752 2702 6.

358 2825 380 2863 7
416 2820 640 2877 occultas]
673 2821 746 2864 hic
776 2819 943 2864 desinit
973 2819 1217 2864 lacunam
1241 2819 1286 2862 A
1309 2821 1324 2875 u
1351 2824 1401 2862 11
1437 2820 1483 2864 et
1515 2831 1689 2864 consor.
1723 2831 1807 2866 om.
1841 2819 1884 2864 V
1904 2819 1916 2876 Η

240 2884 293 2922 13
327 2878 576 2936 opponitur
616 2879 659 2921 V
677 2881 692 2935 ΙΙ
717 2884 770 2923 28
802 2877 1095 2922 iuuenculam
1127 2877 1173 2922 R
