2004 3140
223 147 331 200 542
895 156 929 188 S.
954 155 1230 190 AUGUs'rmI

224 273 309 336 qui
348 271 535 319 nullum
576 285 748 319 eorum
781 269 993 336 damnet,
1033 269 1118 333 sed
1159 284 1312 318 unum
1353 269 1488 335 ditet,
1528 267 1737 318 alterum
1776 269 1911 318 dam·

225 346 406 409 nificet,
445 343 613 392 ambos
653 343 843 408 probet.

375 418 426 467 Si
466 424 629 467 autem
668 419 832 482 ignem
872 416 1010 466 illum
1048 417 1154 466 loeo
1194 419 1289 466 isto
1329 417 1629 467 voluerimus
1669 419 1914 484 accipere,

225 492 284 541 de
318 507 414 556 quo
448 491 685 540 Dominus
717 492 849 540 dicet
881 492 1116 540 sinistris:
1156 492 1414 542 Discedite
1445 507 1477 541 a
1509 507 1599 558 me,
1638 493 1915 552 maledieti,

167 574 192 614 5
226 569 277 616 in
319 569 482 628 {anem
522 571 812 623 aetermam
858 572 914 614 ut
959 566 1009 614 in
1059 567 1130 614 eis
1170 566 1317 614 etiam
1357 566 1440 614 isti
1480 581 1588 615 esse
1630 565 1915 628 credantur,

227 642 311 704 qui
352 639 609 688 aedificant
648 654 799 704 super
839 639 1212 688 fundamentum
1251 638 1403 705 ligna,
1444 639 1626 706 senum,
1666 637 1914 704 stipulam,

227 729 411 778 eosque
452 729 512 762 ex
543 713 625 762 illo
656 715 768 778 igne
808 720 920 778 post
958 720 1153 778 tempus
1194 728 1284 778 pro
1325 713 1462 762 malis
1503 715 1692 762 meritis
1730 715 1909 776 imper-

225 789 370 837 titum
402 787 579 836 liberet
610 786 727 835 boni
766 789 997 836 meritum
1038 786 1364 836 fundamenti:
1405 786 1522 851 quid
1563 785 1913 836 arbitrabimur

227 861 441 910 dextros
485 860 664 925 quibus
727 861 941 911 dicetur:
1015 862 1213 921 Venite,
1277 863 1533 911 benedieti
1577 863 1746 923 patris
1800 861 1914 919 mei,

139 944 194 984 10
218 937 472 998 possidete
505 940 748 998 paratum
788 937 925 984 vobis
964 950 1192 1003 requam,
1232 936 1327 984 nisi
1367 950 1466 1001 θος,
1505 937 1590 999 qui
1629 934 1911 983 aedificave-

226 1015 345 1058 runt
391 1024 542 1074 super
589 1009 963 1058 fundamentum
1003 1025 1202 1075 aurum,
1249 1015 1530 1075 argentum,
1576 1008 1762 1074 lapides
1801 1021 1911 1077 pre-

226 1079 417 1132 tiosos?
495 1082 591 1131 Sed
646 1085 696 1131 in
751 1083 891 1132 illum
944 1085 1131 1150 ignem,
1186 1083 1245 1132 de
1293 1098 1390 1147 quo
1438 1083 1626 1132 dietum
1673 1088 1770 1131 est:
1825 1081 1913 1130 Sic

228 1162 393 1206 tamen
440 1160 590 1218 quasi
627 1172 725 1220 per
773 1160 963 1220 renem,
1012 1159 1054 1207 si
1099 1158 1193 1207 hoc
1240 1157 1384 1205 modo
1425 1163 1501 1206 est
1537 1154 1914 1220 intellegendUS,

227 1232 426 1295 utrique
475 1230 702 1280 mittendi
749 1237 886 1296 sunt,
933 1239 983 1281 et
1022 1231 1183 1281 dextri
1222 1230 1412 1280 scilicet
1450 1238 1500 1281 et
1546 1231 1748 1280 sinistri.
1825 1227 1912 1276 lllo

143 1314 194 1354 15
229 1306 410 1369 quippe
458 1307 569 1369 igne
618 1307 817 1369 utrique
863 1305 1105 1370 probandi
1151 1312 1293 1371 sunt,
1343 1305 1402 1354 de
1453 1321 1549 1370 quo
1590 1304 1777 1353 dictum
1816 1309 1914 1351 est:

229 1380 349 1428 Dies
400 1381 530 1428 enim
578 1380 891 1440 declarabit,
938 1382 1174 1441 quoniam
1223 1382 1274 1428 in
1323 1382 1439 1441 iane
1476 1379 1810 1438 revelabitur,
1866 1382 1915 1426 et

230 1455 626 1514 uniuscuiusque
680 1467 804 1515 opus
853 1457 1003 1514 quale
1048 1456 1132 1514 sit,
1189 1455 1320 1514 ionis
1361 1454 1613 1515 probabit.
1693 1451 1746 1500 Si
1795 1466 1913 1516 ergo

230 1533 498 1590 utrumque
544 1525 773 1591 probabit
817 1529 971 1593 ignis,
1017 1533 1097 1593 ut,
1145 1529 1186 1575 si
1226 1528 1368 1575 euius
1407 1542 1532 1592 opus
1571 1528 1915 1592 permanserit,

230 1599 278 1648 id
319 1606 395 1648 est
433 1615 532 1648 non
573 1601 723 1649 suerit
761 1602 872 1665 igne
922 1607 1284 1667 consumptum,
1324 1601 1454 1664 quod
1495 1601 1918 1666 superaedificavit

142 1684 197 1724 20
230 1673 511 1723 mercedem
551 1676 777 1741 accipiat3
819 1676 860 1723 si
900 1676 1042 1723 cuius
1082 1680 1245 1723 autem
1286 1689 1411 1739 opus
1451 1676 1643 1741 arserit,
1683 1675 1915 1724 damnum

230 1749 465 1811 patiatur:
520 1749 743 1812 profecto
799 1742 898 1798 non
949 1755 1025 1798 est
1074 1750 1179 1813 ipse
1232 1755 1463 1797 aeternus
1514 1748 1593 1797 ille
1641 1750 1782 1813 ignis,
1859 1747 1914 1796 In

230 1820 367 1870 illum
407 1823 538 1871 enim
578 1822 669 1871 soli
708 1824 897 1872 sinistri
936 1824 1199 1871 novissima
1239 1829 1288 1871 et
1326 1829 1566 1887 perpetua
1606 1822 1914 1871 damnatione

231 1897 515 1961 mittentur,
562 1897 654 1945 iste
703 1903 866 1945 autem
915 1896 1115 1945 dextros
1161 1896 1351 1963 probat.
1431 1895 1527 1945 Sed
1574 1896 1695 1945 alios
1743 1910 1915 1944 eorum

232 1969 302 2017 sic
335 1968 526 2035 probat,
563 1977 620 2019 ut
652 1970 944 2036 aedificium,
983 1969 1112 2034 quod
1155 1985 1306 2034 super
1338 1969 1589 2019 Christum
1629 1970 1914 2019 fundamen-

145 2051 199 2090 25
232 2049 338 2091 tum
378 2042 438 2091 ab
479 2045 549 2092 eis
588 2046 833 2092 invenerit
872 2059 981 2093 esse
1021 2050 1378 2110 constructum,
1417 2059 1516 2092 non
1556 2050 1730 2093 exurat
1768 2050 1914 2107 atque

234 2124 512 2182 consumat,
560 2117 678 2166 alios
718 2124 882 2166 autem
922 2117 1085 2183 aliter,
1134 2117 1181 2166 id
1225 2124 1321 2183 est,
1368 2125 1424 2166 ut
1463 2117 1594 2182 quod
1634 2115 1914 2182 superaedi-

233 2190 503 2238 ficaverunt
550 2191 717 2239 ardeat
767 2190 1098 2254 damnumque
1145 2190 1256 2239 inde
1305 2192 1580 2257 patiantur,
1630 2191 1749 2239 salvi
1798 2191 1916 2238 fiant

234 2270 421 2329 autem,
468 2266 698 2327 quoniam
751 2263 1000 2313 Christum
1046 2265 1096 2312 in
1149 2263 1465 2313 fundamento
1507 2263 1747 2313 stabiliter
1786 2265 1915 2329 posi-

234 2343 340 2385 tum
378 2337 696 2401 praecellenti
729 2339 930 2386 caritate
971 2344 1253 2387 tenuerunt.
1332 2337 1384 2386 Si
1423 2344 1587 2386 autem
1627 2338 1743 2386 salvi
1783 2338 1916 2402 fient,

146 2420 201 2459 30
234 2411 457 2474 profecto
506 2418 555 2460 et
605 2411 663 2459 ad
704 2411 955 2460 dexteram
997 2410 1195 2460 stabunt
1234 2418 1283 2460 et
1322 2426 1435 2460 cum
1474 2413 1654 2460 ceteris
1694 2411 1917 2461 audient:

248 2484 432 2548 Venite,
472 2486 723 2534 benedieti
746 2488 913 2547 patris
952 2488 1061 2545 mei,
1096 2487 1347 2547 possidete
1379 2491 1622 2547 paratum
1661 2487 1798 2534 vobis
1836 2500 1914 2535 re-

232 2572 414 2619 anum,
463 2573 562 2607 non
609 2558 667 2606 ad
715 2560 990 2625 sinistram,
1044 2557 1130 2607 ubi
1176 2557 1246 2607 illi
1292 2565 1462 2623 erunt,
1517 2561 1602 2623 qui
1649 2558 1766 2608 salvi
1816 2573 1916 2607 non

237 2638 384 2679 erunt
415 2638 464 2680 et
495 2631 605 2680 ideo
638 2632 859 2681 audient:
900 2634 1156 2683 Discedite
1180 2647 1212 2681 a
1236 2647 1326 2694 me,
1365 2635 1634 2694 maledieti,
1668 2635 1719 2681 in
1751 2635 1917 2693 iynem

237 2710 512 2754 aeternum.
589 2704 743 2754 Nemo
784 2708 964 2770 quippe
1005 2705 1064 2754 ab
1103 2706 1185 2754 illo
1225 2707 1336 2770 igne
1378 2704 1664 2771 salvabitur,
1714 2707 1827 2770 quia
1866 2707 1917 2753 in

147 2787 203 2825 35
237 2777 532 2843 supplicium
579 2786 835 2828 aeternum
873 2779 1016 2830 ibunt
1053 2779 1122 2828 illi
1161 2795 1353 2845 omneS,
1400 2779 1485 2828 ubi
1525 2780 1715 2828 vermis·
1745 2793 1916 2828 eorum

356 2892 400 2946 5)
431 2891 514 2936 Mt.
548 2895 618 2946 25,
651 2895 720 2936 41.
787 2893 856 2947 10)
889 2892 954 2935 lb.
988 2862 1058 2935 34..
