2004 3140
577 126 645 159 DE
670 125 908 160 crvrrA'rE
932 127 1020 159 DEI
1044 127 1086 161 L.
1109 127 1194 161 xx.
1218 127 1256 161 c.
1280 129 1334 162 13.
1686 118 1794 172 437

113 256 355 293 annorum
396 246 445 289 et
491 254 575 289 sex
615 254 842 288 mensum
880 240 1137 289 intervallo
1176 242 1315 305 prius
1356 240 1548 291 desinat
1586 242 1798 307 alligatio

112 315 290 365 diaboli
340 329 484 379 quam
531 328 741 378 regnum
788 321 1073 364 sanctorum
1125 317 1177 363 in
1216 315 1292 364 his
1333 317 1473 364 annis
1513 316 1644 366 mille
1686 333 1800 366 cum

111 385 343 439 Christo?
406 387 458 436 Si
489 394 652 436 autem
694 387 962 437 dixerimus
1002 403 1206 453 parvum
1247 391 1610 453 persecutionis
1649 390 1798 441 huius

108 463 202 512 hoc
255 463 466 526 spatium
518 477 618 510 non
670 462 1054 526 computandum
1103 465 1154 511 in
1206 463 1334 511 mille
1376 465 1544 531 anniS‚
1601 464 1685 513 sed
1729 467 1799 514 eis

110 535 324 600 impletis
376 537 542 600 potius
600 535 937 602 adiciendum,
992 544 1047 585 ut
1099 538 1299 601 proprie
1355 539 1514 602 possit
1569 538 1804 605 intellegi,

111 609 258 676 quod,
298 625 411 659 cum
451 609 677 659 dixisset:
717 610 1022 659 Sacerdotes
1061 611 1161 659 Dei
1197 616 1246 659 et
1290 612 1480 659 Christi
1516 614 1807 673 reynabzmt

109 698 222 734 cum
262 698 320 733 eo
362 687 495 733 mille
534 687 704 746 αηηῑζς,
752 684 951 733 adiecit:
999 685 1066 733 Et
1113 699 1226 733 cum
1261 687 1401 744 finiti
1432 683 1634 746 fuerint
1670 689 1805 735 mille

110 761 254 819 anni,
296 761 517 808 solvetur
555 764 765 807 satanas
806 760 869 807 de
908 761 1140 808 custodia
1178 774 1302 817 sucu
1350 760 1445 808 isto
1487 760 1618 808 enim
1657 759 1802 809 modo

113 839 163 882 et
202 847 408 897 regnum
443 838 728 881 sanctorum
767 838 818 880 et
855 832 1106 881 vinculum
1147 832 1326 881 diaboli
1366 832 1512 882 simul
1553 842 1804 883 cessatura

111 922 218 956 esse
261 906 526 972 significat,
572 912 628 954 ut
674 905 852 954 deinde
899 908 1262 971 persecutionis
1301 906 1432 955 illius
1474 914 1669 972 tempus
1709 923 1801 956 nec

113 981 172 1029 ad
212 987 496 1029 sanctorum
536 995 746 1044 regnum
784 995 876 1028 nec
917 980 974 1029 ad
1016 980 1288 1029 custodiam
1329 987 1548 1047 satanae,
1590 997 1804 1045 quorum

111 1062 379 1118 utrumque
420 1055 471 1102 in
511 1053 642 1102 mille
683 1055 823 1102 annis
865 1061 954 1120 est,
994 1056 1261 1120 pertinere7
1303 1055 1388 1103 sed
1429 1055 1803 1119 superadditum

111 1136 160 1178 et
224 1135 360 1177 extra
425 1127 809 1193 computandum
871 1143 980 1176 esse
1045 1128 1298 1177 credatur:
1362 1143 1597 1192 cogemur
1658 1129 1803 1178 fateri

110 1209 306 1252 sanctos
359 1203 409 1250 in
465 1201 545 1250 illa
606 1203 952 1266 persecutione
1022 1208 1316 1266 regnaturos
1370 1217 1470 1250 non
1526 1217 1634 1251 esse
1690 1218 1803 1251 cum

110 1277 318 1326 Christo,
414 1275 508 1324 Sed
558 1278 668 1340 quis
715 1275 884 1324 audiat
930 1283 1048 1325 tunc
1098 1291 1211 1325 cum
1256 1275 1338 1324 illo
1387 1291 1485 1324 non
1533 1283 1797 1341 regnatura

109 1366 196 1400 sua
236 1349 471 1416 membra,
514 1350 708 1414 quando
742 1351 787 1398 ei
819 1351 1029 1399 maxime
1070 1357 1216 1415 atque
1257 1351 1525 1399 fortissime
1566 1350 1796 1399 cohaere·

106 1424 254 1491 bunt,
303 1430 353 1473 et
400 1439 497 1488 quo
547 1430 796 1490 tempore,
848 1430 1032 1488 quanto
1082 1426 1176 1473 erit
1216 1426 1377 1473 acrior
1415 1425 1631 1489 impetus
1669 1424 1801 1490 belli,

108 1506 244 1549 tanto
279 1500 434 1548 maior
466 1497 620 1562 gloria
653 1513 752 1546 non
785 1498 1008 1564 cedendi,
1047 1505 1184 1548 tanto
1218 1498 1420 1548 densior
1452 1513 1634 1547 corona
1672 1513 1799 1547 mar-

108 1570 258 1639 tyrii?
327 1573 424 1621 Aut
480 1574 523 1621 si
572 1578 777 1637 propter
827 1572 1171 1622 tribulationes
1183 1613 1198 1640 ‚
1249 1588 1370 1637 quas
1420 1574 1617 1637 passuri
1670 1579 1801 1638 sunt,

110 1663 210 1696 non
266 1646 460 1695 dicendi
511 1653 628 1695 sunt
677 1648 953 1710 regnaturi:
1006 1662 1317 1711 consequens
1368 1649 1489 1713 erit,
1542 1653 1600 1696 ut
1654 1648 1799 1695 etiam

111 1719 451 1786 superioribus
504 1719 679 1769 diebus
737 1722 789 1769 in
844 1720 1030 1769 eisdem
1083 1720 1215 1769 mille
1271 1722 1436 1786 annis,
1500 1722 1799 1784 quicumque

110 1794 472 1844 tribulabantur
530 1800 837 1860 sanctorum,
901 1809 958 1843 eo
1013 1796 1120 1859 ipso
1182 1801 1405 1858 tempore
1468 1793 1800 1842 tribulationis

108 1884 227 1918 suae
277 1883 391 1917 cum
431 1867 626 1917 Christo
677 1883 777 1916 non
816 1883 1050 1932 regnasse
1097 1867 1346 1933 dicantur3
1395 1882 1449 1915 ac
1488 1883 1579 1933 per
1618 1866 1711 1915 hoc
1753 1874 1802 1916 et

108 1942 202 2009 illi,
252 1957 463 2007 quorum
512 1944 699 1990 animas
747 1948 919 1990 auctor
970 1941 1084 1990 libri
1123 1942 1272 1990 huius
1313 1941 1492 1989 vidisse
1534 1956 1586 1989 se
1627 1939 1801 1989 scribit

114 2018 394 2065 occisorum
439 2022 643 2080 propter
691 2017 1028 2064 testimonium
1075 2015 1186 2064 Iesu
1241 2022 1291 2063 et
1344 2022 1549 2079 propter
1595 2013 1799 2063 verbum

114 2089 217 2155 Dei,
257 2104 356 2138 non
396 2088 667 2153 regnabant
706 2104 819 2138 cum
852 2088 1062 2154 Christo,
1104 2089 1298 2153 quando
1338 2087 1651 2153 patiebantur
1688 2103 1800 2153 per-

115 2164 447 2230 secutionem,
509 2169 558 2211 et
617 2164 713 2227 ipsi
773 2177 980 2227 regnum
1038 2162 1222 2211 Christi
1285 2178 1382 2211 non
1445 2168 1614 2227 erant,
1677 2177 1801 2226 quos

114 2235 342 2285 Christus
389 2235 712 2285 excellentius
758 2236 1055 2300 possidebat.
1133 2235 1556 2284 Absurdissimum
1605 2235 1654 2283 id
1696 2237 1801 2299 qui-

112 2310 224 2359 dem
259 2317 308 2359 et
340 2311 474 2358 omni
505 2310 650 2358 modo
683 2310 1022 2359 aversandum.
1101 2309 1196 2358 Sed
1231 2316 1365 2359 certe
1408 2311 1596 2358 animae
1635 2310 1800 2358 victri-

113 2398 195 2432 ces
257 2383 724 2448 gloriosissimorum
796 2391 1069 2448 martyrum
1139 2383 1367 2432 omnibus
1431 2381 1684 2431 doloribus
1746 2397 1800 2430 ac

112 2456 363 2506 laboribus
415 2459 659 2520 superatis
711 2464 857 2521 atque
920 2458 1099 2523 finitis,
1150 2463 1321 2521 postea
1377 2471 1523 2520 quam
1578 2455 1801 2504 mortalia

112 2529 333 2580 membra
378 2538 680 2596 posuerunt,
735 2545 846 2579 cum
897 2529 1092 2579 Christo
1148 2532 1320 2594 utique
1372 2534 1706 2593 regnaverunt
1752 2535 1802 2577 et

114 2610 346 2669 regnant,
401 2604 557 2652 donec
608 2605 841 2653 finiantur
889 2603 1018 2651 mille
1067 2605 1207 2664 anni,
1261 2609 1317 2651 ut
1364 2609 1533 2666 postea
1586 2603 1800 2666 receptis

229 2761 251 2798 1
285 2770 529 2800 mensuum
559 2758 652 2804 ΕΑ
681 2761 785 2813 (vol.
821 2759 868 2814 I,
901 2762 1006 2813 530,
1037 2763 1123 2812 17;
1154 2759 1284 2802 Neue
1307 2759 1407 2814 Ip.
1442 2762 1560 2812 2653
1594 2757 1800 2802 Roewsch

111 2814 249 2860 Ital.2
279 2829 330 2870 p.
373 2820 490 2871 265)
534 2819 549 2872 ΙΙ
597 2822 650 2860 15
691 2818 852 2861 audiat
882 2818 1118 2862 RAParr.
1154 2816 1178 2860 .9
1211 2820 1382 2874 (proyr.
1409 2831 1460 2874 p.
1494 2821 1599 2873 10),·
1632 2817 1802 2862 audeat

110 2873 262 2917 dicere
295 2888 320 2918 v
344 2876 359 2930 ΙΙ
383 2879 437 2918 22
470 2874 757 2919 tribulantur
786 2877 879 2920 ΕΑ

1835 549 1861 589 5

1836 919 1890 960 10

1832 1288 1885 1328 15

1833 1658 1890 1698 20

1834 2026 1888 2066 25

1833 2397 1890 2436 30
