2004 3140
520 153 586 185 DE
611 151 850 185 CIVITATE
874 151 963 183 DEI
986 152 1029 184 L.
1053 152 1200 185 XVIII.
1224 152 1262 185 c.
1290 153 1343 184 29.
1671 139 1780 191 295

95 271 254 320 radix
293 271 345 318 in
377 273 520 316 terra
552 267 766 314 sitienti:
805 279 906 313 non
946 270 1020 314 est
1056 268 1248 327 speeies
1289 267 1363 314 illi
1399 280 1562 327 neque
1595 267 1781 326 oloria.

97 345 165 393 Et
192 345 405 393 vidimus
437 353 563 399 eum,
605 344 654 388 et
683 353 785 388 non
816 339 1037 388 habebat
1065 342 1280 401 speeiem
1319 354 1481 400 neque
1520 340 1753 389 decorem
1764 356 1782 395 ;

90 419 187 468 sed
235 417 427 478 speeies
482 415 590 462 eius
643 415 751 462 sine
806 414 1022 471 honore,
1078 416 1319 473 deficiens
1366 428 1499 475 prae
1554 414 1782 463 omnibus

92 491 390 541 hominibus:
468 489 626 536 Homo
659 490 710 535 in
742 490 903 548 playa
936 489 1132 549 positus
1170 493 1220 536 et
1255 490 1420 536 sciens
1454 486 1601 548 ferre
1640 489 1780 546 insir-

90 567 339 620 mitatem-;
377 564 615 623 quoniam
648 575 830 610 aversa
863 567 935 610 est
968 560 1135 622 facies
1174 564 1296 623 eius,
1337 563 1669 610 inhonoratus
1709 566 1783 610 est
1814 570 1839 608 5

91 652 186 687 nec
224 639 398 697 maqni
427 637 719 684 aestimatus
759 640 843 683 est.
922 635 1019 684 Hie
1053 641 1271 697 peccata
1310 641 1486 684 nostra
1518 640 1697 696 portat
1734 640 1783 683 et

86 725 186 775 pro
227 712 368 760 nobis
421 712 579 766 dolet;
627 714 676 758 et
714 723 803 757 nos
843 711 1239 758 existimavimus
1280 712 1417 758 illum
1457 723 1563 757 esse
1603 711 1655 756 in
1695 710 1779 757 do-

91 789 199 835 lore
238 791 287 834 et
326 787 377 833 in
410 787 570 845 playa
618 788 667 831 et
705 785 756 831 in
796 784 1103 843 adflictione.
1184 784 1300 845 Ipse
1339 789 1507 832 autem
1547 785 1780 831 vulnera-

90 866 172 908 tus
211 864 285 908 est
326 863 539 920 propter
573 859 863 918 iniquitates
901 862 1102 906 nostras
1142 863 1192 907 et
1229 860 1515 916 infirmatus
1555 862 1629 905 est
1660 871 1780 918 pro-

84 939 204 995 pter
230 938 448 994 peccata
482 937 670 980 nostra.
735 931 970 979 Eruditio
997 934 1146 993 pacis
1178 937 1383 980 nostrae
1415 933 1465 979 in
1498 945 1586 988 eo;
1625 933 1783 979 livore
1819 939 1871 978 10

90 1009 200 1056 eius
239 1020 328 1055 nos
365 1007 538 1054 sanati
565 1019 749 1054 sumus.
835 1005 1013 1053 Omnes
1051 1011 1109 1054 ut
1146 1020 1259 1055 oves
1298 1007 1595 1064 erravimus,
1636 1006 1780 1053 homo

91 1096 125 1129 a
165 1083 248 1129 via
286 1094 379 1128 sua
412 1082 634 1136 erravit,·
673 1085 722 1128 et
752 1080 993 1128 Dominus
1033 1081 1251 1128 tradidit
1290 1082 1426 1128 illum
1459 1092 1558 1140 pro
1592 1093 1779 1140 pecea-

88 1157 156 1203 tis
186 1156 372 1203 nostris
379 1170 399 1210 ,·
431 1158 480 1201 et
511 1155 628 1214 ipse,
656 1158 869 1214 propter
892 1155 1028 1213 quod
1050 1155 1288 1213 adflictus
1320 1158 1406 1212 est,
1445 1167 1546 1201 non
1579 1154 1784 1214 aperuit

90 1242 158 1277 os.
246 1228 306 1276 Ut
354 1229 457 1276 ovis
512 1228 583 1275 ad
632 1228 986 1275 immolandum
1037 1229 1217 1276 duetus
1268 1232 1342 1275 est
1391 1232 1440 1276 et
1500 1231 1557 1274 ut
1619 1240 1782 1286 aqnus

91 1307 210 1351 ante
248 1315 373 1360 eum,
413 1302 503 1361 qui
537 1315 591 1349 se
630 1302 872 1361 tonderet,
910 1303 1019 1350 sine
1059 1315 1191 1360 voee,
1231 1303 1306 1349 sie
1345 1315 1445 1350 non
1485 1302 1691 1362 aperuit
1728 1313 1782 1348 os
1818 1308 1870 1353 15

88 1390 248 1424 suum.
327 1375 388 1422 In
420 1376 700 1423 humilitate
733 1376 978 1423 iudicium
1018 1377 1126 1423 eius
1163 1376 1415 1423 sublatum
1455 1380 1540 1423 est.
1624 1374 1779 1422 Gene-

91 1451 340 1498 rationem
371 1451 479 1497 eius
511 1451 622 1510 quis
654 1450 955 1497 enarrabit?
1024 1450 1270 1508 Quoniam
1303 1451 1504 1498 tolletur
1537 1450 1599 1497 de
1639 1455 1783 1497 terra

92 1525 195 1572 vita
250 1525 372 1572 eius,
450 1523 524 1570 Ab
581 1524 932 1582 iniquitatibus
978 1525 1156 1585 populi
1207 1525 1308 1571 mei
1360 1525 1541 1571 duetus
1592 1527 1667 1571 est
1716 1523 1787 1569 ad

0 1646 9 1650 ,
90 1603 312 1646 mortem.
390 1596 457 1644 Et
487 1597 618 1645 dabo
650 1598 896 1656 malianos
929 1610 1028 1658 pro
1067 1600 1330 1658 sepultura
1371 1599 1478 1645 eius
1518 1602 1568 1645 et
1605 1598 1783 1644 divites

85 1685 185 1732 pro
224 1678 383 1720 morte
415 1673 536 1719 eius.
622 1671 866 1729 Quoniam
907 1673 1222 1731 iniquitatem
1263 1685 1361 1719 non
1397 1669 1527 1731 feeit
1563 1685 1656 1719 nee
1697 1671 1781 1717 do·
1817 1678 1874 1717 20

90 1747 193 1793 lum
235 1747 286 1793 in
317 1759 407 1793 ore
437 1758 526 1793 suo
537 1761 555 1801 ;
595 1749 644 1792 et
675 1744 916 1792 Dominus
955 1747 1059 1793 vult
1089 1759 1323 1806 puryare
1363 1758 1474 1792 eum
1514 1746 1577 1792 de
1608 1746 1783 1805 playa.

94 1819 154 1868 Si
183 1820 426 1866 dederitis
452 1832 550 1879 pro
576 1823 791 1878 peceato
825 1820 1046 1866 animam
1077 1824 1308 1883 vestram,
1348 1819 1579 1866 videbitis
1617 1831 1784 1866 semen

93 1895 418 1952 lonqaevum;
465 1896 514 1940 et
559 1892 801 1940 Dominus
849 1895 953 1940 vult
999 1890 1211 1952 auferre
1259 1906 1290 1940 a
1339 1893 1512 1940 dolore
1563 1893 1785 1939 animam

94 1968 228 2026 eius,
268 1967 533 2014 ostendere
573 1967 648 2014 illi
685 1968 846 2013 lucem
885 1970 934 2013 et
966 1964 1199 2026 formare
1239 1968 1566 2025 intellectum,
1606 1966 1782 2023 iustifi-

95 2054 220 2088 care
261 2041 442 2088 iustum
474 2040 599 2088 bene
635 2041 933 2088 servientem
965 2041 1202 2101 pluribus
1212 2057 1231 2096 ,·
1270 2044 1320 2088 et
1350 2045 1571 2101 peecata
1611 2051 1786 2087 eorum
1819 2046 1876 2086 25

96 2115 200 2175 ipse
241 2114 484 2175 portabit.
563 2114 843 2175 Propterea
895 2116 999 2176 ipse
1037 2114 1347 2162 hereditabit
1379 2115 1555 2174 plures
1595 2117 1642 2162 et
1675 2111 1784 2173 for-

95 2189 218 2236 tium
258 2189 447 2236 dividet
482 2189 665 2248 spolia,
699 2192 913 2248 propter
951 2189 1088 2248 quod
1124 2189 1319 2235 tradita
1358 2192 1433 2236 est
1471 2188 1542 2235 ad
1578 2191 1786 2235 mortem

96 2263 266 2309 anima
307 2263 435 2319 eius,
483 2266 533 2309 et
578 2262 710 2309 inter
760 2262 957 2321 iniquos
997 2264 1289 2309 aestimatus
1329 2266 1403 2309 est
1441 2266 1490 2308 et
1529 2262 1632 2321 ipse
1667 2274 1784 2321 pec-

97 2339 214 2383 cata
253 2337 520 2383 multorum
545 2337 785 2395 portavit,
826 2340 876 2383 et
906 2341 1119 2398 propter
1152 2340 1372 2396 peecata
1412 2348 1585 2382 eorum
1625 2335 1785 2382 tradi-

98 2414 177 2456 tus
216 2414 300 2457 est.
377 2407 508 2456 Haec
549 2407 607 2456 de
650 2407 860 2456 Christo,
1820 2415 1881 2454 30

244 2480 344 2530 Iam
378 2497 492 2530 vero
525 2481 585 2530 de
620 2480 841 2547 ecclesia,
882 2481 1013 2546 quod
1054 2483 1294 2547 sequitur,
1335 2480 1605 2530 audiamus,
1658 2480 1785 2528 Lae-

219 2625 292 2678 30)
328 2622 447 2667 Esai.
483 2628 553 2679 52,
590 2628 642 2666 13
676 2637 800 2679 sqq.;
835 2628 904 2677 53,
943 2628 964 2665 1
1000 2638 1098 2678 sqq.

221 2835 244 2873 7
278 2828 654 2874 exestimabimus
694 2828 786 2881 R¹,·
827 2829 1177 2873 aestimauimus
1219 2829 1317 2884 Aey
1362 2831 1377 2883 ΙΙ
1427 2834 1480 2872 14
1513 2842 1563 2872 os
1594 2841 1706 2881 mss;
1738 2840 1789 2871 os

99 2901 235 2931 suum
264 2902 290 2932 v
313 2890 328 2945 ΙΙ
355 2893 407 2931 15
438 2888 652 2933 tonderet
681 2901 792 2941 mss,·
823 2887 987 2932 tondet
1015 2901 1041 2931 v
1065 2889 1080 2943 ΙΙ
1105 2892 1160 2931 29
1193 2887 1401 2944 portabit
1430 2886 1523 2932 ΒΑ
