2044 3146
536 169 603 200 DE
628 166 867 200 CIVITATE
890 167 977 198 DEI
1002 165 1043 198 L.
1068 167 1190 198 xvn.
1216 166 1253 198 c.
1281 166 1334 197 ιε.
1668 149 1778 203 243

97 287 236 347 eepi;
273 283 559 342 exsurrexi,
598 282 834 342 quonium
867 279 1107 327 Dominus
1137 282 1358 342 suscepit
1387 281 1502 331 me?
1543 278 1617 328 An
1659 279 1785 328 sorte

100 361 356 423 quisquam
387 358 454 404 ita
486 355 679 420 desipit,
710 361 766 402 ut
798 352 966 402 credat
999 353 1131 402 velut
1160 352 1343 417 aliquid
1379 367 1612 418 magnum
1646 355 1788 404 nobis

101 433 314 482 indicare
361 429 572 478 voluisse
620 427 934 493 prophetam,
980 426 1110 491 quod
1158 427 1418 478 dormierit
1470 436 1519 478 et
1560 444 1788 479 exsurre-

99 508 240 572 xerit,
280 506 375 553 nisi
407 518 610 552 somnus
642 504 735 551 iste
769 517 902 550 mors
936 509 1067 550 esset
1099 508 1149 551 et
1182 501 1425 565 evigilatio
1468 505 1790 569 resurrectiO,

100 594 244 645 quam
278 579 338 627 de
372 576 567 626 Christo
601 578 671 626 sic
711 577 931 640 oportuit
961 572 1284 640 prophetari?
1334 576 1456 626 Nam
1496 584 1546 626 et
1583 578 1633 625 in
1674 592 1789 641 qua-

99 654 409 718 dragensimo
461 650 615 700 multo
668 649 977 698 manifestius
1017 649 1064 697 id
1107 649 1409 717 ostenditur,
1456 651 1541 700 ubi
1581 666 1640 699 ex
1680 666 1790 715 per-

100 743 219 776 sona
269 725 491 775 eiusdem
530 724 814 773 Mediatoris
861 738 999 772 more
1052 723 1196 772 solito
1236 731 1486 789 tamquam
1524 726 1792 790 praeterita

101 808 391 866 narrantur,
447 815 570 864 quae
628 799 793 847 sutura
847 796 1297 864 prophetabantur,
1352 801 1610 864 quoniam,
1665 814 1791 862 quae

101 882 307 925 ventura
347 880 503 940 erant,
541 875 636 921 iam
677 874 727 921 in
766 870 1215 937 praedestinatione
1258 879 1307 921 et
1344 874 1671 937 praescientia
1703 871 1792 920 Dei

102 949 231 998 velut
271 949 397 997 facta
437 955 599 1013 erant,
646 948 759 1010 quia
800 952 933 994 certa
974 952 1124 995 erant.
1207 947 1429 1008 Inime‘ci‚
1469 948 1656 1013 inquit,
1695 948 1795 996 mei

101 1026 344 1073 dixerunt
383 1024 516 1071 mala
556 1023 701 1070 mihi:
756 1021 968 1080 Quando
1016 1023 1263 1069 morietur
1302 1027 1351 1070 et
1382 1023 1575 1083 peribit
1613 1035 1791 1070 nomen

101 1099 242 1146 eius?
319 1097 386 1144 Et
421 1097 469 1144 si
506 1096 893 1156 inqrediebatur
932 1101 988 1143 ut
1026 1096 1245 1154 videret,
1287 1109 1419 1143 vana
1460 1099 1680 1145 locutum
1720 1100 1794 1144 est

101 1186 192 1220 cor
254 1172 382 1229 eim,
445 1171 778 1229 conyreqavit
837 1171 1153 1229 iniquitatem
1216 1171 1324 1231 ipsi.
1414 1169 1793 1230 Eqrediebutur

96 1244 244 1306 foras
289 1250 339 1293 et
384 1244 719 1304 loquebantur
768 1244 919 1290 simul
963 1244 1014 1290 in
1055 1257 1222 1290 unum.
1300 1243 1556 1292 Adversus
1596 1257 1672 1291 me
1709 1257 1790 1290 su-

100 1319 382 1367 surrabant
434 1331 601 1366 omnes
655 1318 851 1365 inimici
901 1318 1019 1377 mei,
1076 1318 1322 1365 adversus
1371 1332 1448 1366 me
1498 1317 1793 1377 coqitabcmt

101 1394 235 1441 mala
274 1393 408 1440 mihi.
499 1391 712 1440 Verbum
744 1393 971 1451 iniquum
1011 1392 1367 1453 disposuerunt
1405 1393 1650 1440 adversus
1689 1404 1792 1439 me:

103 1467 358 1527 Numquid
386 1467 475 1526 qui
505 1467 691 1514 dormit
722 1479 822 1513 non
863 1465 1057 1513 adiciet
1093 1470 1150 1512 ut
1186 1467 1463 1527 resurycec?
1524 1463 1615 1512 Hic
1657 1470 1791 1512 certe

102 1542 168 1589 ita
219 1541 377 1604 posita
432 1546 549 1588 sunt
598 1537 746 1587 verba
797 1538 942 1604 haee,
991 1545 1046 1586 ut
1097 1537 1217 1586 nihil
1257 1538 1389 1587 aliud
1429 1538 1610 1587 dixisse
1651 1537 1792 1586 intel-

104 1614 307 1678 legatur,
332 1627 476 1676 quam
503 1614 545 1660 si
569 1611 779 1662 diceret:
802 1611 1082 1678 „Numquid
1117 1613 1201 1676 qui
1232 1614 1458 1678 moritur,
1490 1627 1589 1660 non
1615 1611 1794 1660 adiciet

106 1696 158 1736 ut
210 1681 544 1735 revivescat?“
621 1685 889 1750 Superiora
948 1687 1128 1750 quippe
1184 1685 1525 1736 demonstrant
1580 1693 1791 1734 mortem
1826 1702 1836 1711 ·

104 1762 260 1825 ipsius
292 1761 532 1824 cogitasse
566 1766 616 1808 et
648 1758 950 1824 disposuisse
982 1760 1209 1808 inimicos
1243 1762 1365 1826 eiuS,
1405 1767 1454 1808 et
1494 1760 1587 1808 hoc
1627 1767 1792 1807 actum

106 1849 215 1883 esse
254 1849 343 1898 per
384 1848 511 1898 eum,
551 1834 636 1897 qui
675 1831 1044 1897 ingrediebatur
1083 1839 1139 1881 ut
1176 1832 1380 1894 videret,
1419 1840 1470 1882 et
1509 1831 1791 1897 egredieba-

106 1916 189 1956 tur
223 1913 277 1956 ut
307 1907 554 1971 proderet.
634 1906 723 1955 Cui
755 1913 919 1955 autem
959 1905 1038 1954 hic
1080 1921 1176 1954 non
1209 1915 1411 1956 ocurrat
1450 1923 1510 1955 ex
1549 1905 1792 1971 discipulo

107 1984 214 2030 eius
255 1982 412 2029 factus
451 1980 660 2029 traditor
691 1977 871 2029 Iudas?
935 1979 1059 2037 Quia
1099 1995 1216 2045 ergo
1258 1981 1438 2030 facturi
1478 1986 1620 2029 erant
1659 1979 1791 2044 quod

107 2054 460 2120 moliebantur,
515 2054 564 2103 id
614 2063 691 2102 est
738 2055 951 2103 occisuri
1002 2062 1142 2102 erant
1182 2069 1321 2120 eum,
1376 2053 1643 2103 ostendens
1682 2052 1791 2102 illos

106 2143 226 2177 vana
277 2127 458 2176 malitia
508 2129 689 2177 frustra
742 2129 996 2176 occisuros
1048 2135 1452 2177 resurrecturum
1502 2129 1572 2176 sic
1613 2127 1794 2176 adiecit

109 2202 238 2251 bunc
264 2217 475 2262 versum,
500 2202 633 2251 velut
657 2201 868 2251 diceret:
891 2200 1051 2267 „Quid
1078 2203 1220 2266 agitis
1248 2199 1390 2251 vani?
1415 2202 1546 2266 quod
1571 2208 1791 2250 vestrum

109 2275 268 2325 scelus
309 2283 398 2341 est,
437 2291 577 2325 meus
617 2290 819 2324 somnus
859 2270 1012 2324 erit“:
1052 2276 1310 2336 Numquid
1344 2278 1434 2338 qui
1471 2278 1656 2324 dormit
1694 2270 1792 2324 nou

109 2352 297 2399 adiciet
346 2356 401 2398 ut
447 2352 720 2411 resumat?
795 2348 858 2398 Et
903 2356 1068 2397 tamen
1119 2363 1204 2398 eos
1243 2356 1343 2398 tam
1382 2364 1614 2414 magnum
1655 2348 1792 2397 nefas

230 2478 272 2533 1)
305 2477 378 2520 Ps.
412 2481 454 2532 3,
488 2482 527 2522 6.

231 2616 251 2652 1
288 2623 378 2653 exs.
411 2608 510 2661 Rv‚·
541 2611 590 2652 et
621 2622 713 2652 exe.
746 2608 818 2662 F,·
861 2610 909 2652 et
938 2621 1024 2652 reS.
1058 2610 1156 2664 Aes]
1193 2611 1209 2665 fl
1248 2607 1451 2664 suscepit
1489 2607 1564 2664 Rq
1593 2608 1789 2660 (lustin.

115 2668 283 2724 Tryph.
317 2663 640 2722 ἄντελάβετο);
680 2667 876 2724 suscipit
913 2668 1007 2712 cod.
1042 2667 1274 2724 Sanqerm.
1307 2667 1534 2720 (Sabat.)‚·
1573 2666 1795 2722 suscipiet

110 2741 135 2770 v
174 2730 190 2783 ll
230 2732 283 2770 10
316 2725 424 2782 quia
454 2727 582 2769 certa
613 2729 745 2770 erant
775 2740 859 2771 om.
890 2726 936 2770 R
970 2731 1018 2770 ut
1048 2731 1203 2780 „vetus
1234 2726 1492 2782 exempzaffl
1521 2724 1578 2769 L.
1620 2724 1748 2770 Vivis
1778 2726 1794 2782 {l

114 2790 166 2829 12
206 2785 586 2842 ingrediebantur
617 2819 626 2828 .
662 2821 671 2830 .
703 2784 916 2829 viderent
946 2821 955 2830 .
991 2819 1000 2828 .
1034 2786 1435 2842 congregauerunt
1465 2784 1510 2827 A
1554 2786 1570 2839 ΙΙ
1618 2789 1671 2827 13
1702 2783 1794 2842 ipsi

111 2843 276 2898 RAF;
308 2842 396 2888 sibi
425 2857 452 2887 v
486 2845 502 2899 ΙΙ
540 2844 898 2900 egrediebantur
929 2843 1073 2887 RAF'
1100 2846 1115 2900 Η
1147 2850 1203 2888 14
1234 2844 1543 2900 loquebantur
1573 2842 1793 2900 RAFe9‚·

112 2902 387 2958 loquebatur
418 2916 442 2946 v
466 2904 482 2958 ΙΙ
505 2907 559 2946 27
592 2902 724 2946 uelut
755 2902 793 2946 si
824 2917 848 2946 υ
873 2904 888 2959 ΙΙ
911 2907 967 2948 28
1000 2905 1072 2946 est
1102 2902 1172 2956 R.,·
1200 2902 1294 2946 erit
1322 2917 1349 2946 v

1346 2980 1404 3021 ‚16
1413 2975 1438 3000 '³‘

1827 954 1881 994 10

1826 1322 1882 1362 15

1826 2061 1881 2101 25
