2038 3146
567 169 633 201 DE
658 167 897 201 CIVITATE
921 169 1012 201 DEI
1035 170 1076 201 L.
1100 170 1204 202 XIV.
1228 169 1266 202 c.
1289 171 1323 203 4.
1349 170 1379 203 5.
1762 161 1827 210 11

152 281 512 338 iustificabitur
536 283 693 329 omnis
717 294 856 340 caro,
898 281 998 329 sive
1031 281 1163 344 quod
1203 283 1441 346 scriptum
1481 288 1579 330 est:
1619 283 1828 344 Septua-

146 356 293 415 ,qinta
323 355 545 415 quinque
576 356 778 404 animae
821 356 1194 404 descenderunt
1234 369 1348 403 cum
1381 356 1536 404 Iacob
1576 358 1628 404 in
1668 357 1829 419 Aeqy-

140 432 299 489 ptum.
374 425 437 475 Et
485 425 554 475 ihi
594 429 725 476 enim
762 442 853 492 per
892 442 1088 476 omnem
1135 443 1334 476 earnem
1373 429 1531 476 omnis
1571 428 1742 494 home,
1783 437 1832 478 et

150 499 220 549 ibi
265 514 356 564 per
403 502 712 565 septuaginta
757 502 976 566 quinque
1023 503 1208 550 animas
1257 503 1562 565 septuaginta
1611 504 1828 566 quinque

148 573 372 622 homines
433 573 802 638 intelleguntur.
886 574 950 624 Et
1011 574 1142 639 quod
1205 574 1389 623 dietum
1445 581 1549 624 est:
1612 577 1722 625 Non
1778 578 1829 624 in
1862 585 1887 624 5

144 649 427 709 sapientiae
472 649 726 697 humanae
774 651 934 697 doctis
979 650 1164 709 verbis,
1220 650 1382 712 potuit
1420 647 1538 697 dici:
1597 648 1738 714 „Non
1777 650 1828 697 in

147 721 415 785 sapientiae
470 716 730 787 earnalis“;
787 723 915 771 sicut
965 721 1096 786 quod
1150 722 1336 770 dietum
1383 729 1484 771 est:
1540 722 1828 771 Secundum

144 796 390 843 hominem
444 796 736 855 ambulatis,
802 796 964 860 potuit
1016 795 1135 844 dici:
1195 794 1521 861 „Secundum
1585 790 1828 844 carnem“.

145 867 298 931 Magis
345 874 510 917 autem
555 867 649 916 hoc
697 871 924 933 apparuit
968 870 1020 917 in
1066 869 1144 917 his
1192 884 1316 933 quae
1372 868 1648 919 subiunxit:
1708 870 1828 918 Cum

145 943 276 990 enim
322 944 435 1002 quis
482 943 644 991 dicat:
690 943 798 1003 qu
849 944 1048 1004 quidem
1094 957 1202 991 sum
1243 944 1415 1002 Pauli,
1463 945 1594 991 alius
1633 948 1828 991 autem:
1862 952 1916 992 10

144 1015 254 1076 Eyo
285 1016 474 1077 Apollo,
514 1030 679 1064 nonne
708 1018 931 1066 homines
962 1019 1111 1065 estis?
1189 1015 1330 1073 Quod
1370 1015 1584 1065 dicebat:
1623 1018 1826 1065 Anima·

143 1091 216 1138 les
270 1091 407 1148 estis‘,
463 1094 534 1137 et:
594 1089 838 1138 Carnales
884 1093 1021 1150 estis,
1071 1091 1353 1154 expressius
1393 1089 1536 1138 dixit:
1592 1090 1828 1139 Homines

144 1164 284 1220 estis,
333 1162 464 1226 quod
504 1168 600 1211 est:
645 1161 973 1227 „Secundum
1011 1163 1260 1211 hominem
1300 1164 1474 1228 vivitiS‚
1512 1177 1612 1211 non
1652 1177 1825 1211 secun-

143 1234 260 1283 dum
298 1233 475 1300 Deum,
515 1235 786 1284 seeundum
828 1251 974 1300 quem
1016 1238 1057 1285 si
1096 1237 1348 1301 viveretiS‚
1388 1235 1456 1284 dii
1496 1231 1718 1284 essetiS.“

837 1407 1031 1462 CAPUT
1070 1408 1136 1461 V.
1860 1423 1912 1462 15

148 1515 295 1573 Quod
330 1517 393 1564 a⁷e
437 1519 668 1578 corporis
707 1519 1006 1578 animaeque
1044 1521 1234 1564 natura
1274 1516 1587 1564 tolerabilior
1626 1518 1824 1577 quidem

238 1590 615 1639 Platonicorum
655 1605 806 1651 quam
845 1589 1269 1639 Manichaeorum
1307 1591 1373 1636 sit
1410 1591 1599 1652 opinio,
1639 1592 1732 1638 sed

289 1668 337 1711 et
379 1665 487 1726 ipsa
527 1665 869 1726 reprobanda,
909 1666 1146 1724 quoniam
1185 1665 1420 1711 vitiorum
1459 1666 1677 1712 omnium

524 1751 709 1786 causas
746 1743 967 1786 naturae
1003 1739 1180 1785 carnis
1219 1737 1446 1784 ascribit.

285 1837 394 1887 Non
439 1840 590 1903 igitur
637 1854 761 1903 opus
809 1845 884 1887 est
922 1840 972 1886 in
1011 1839 1227 1902 peccatis
1267 1839 1493 1901 vitiisque
1534 1840 1718 1887 nostris
1758 1838 1817 1887 ad
1850 1849 1906 1889 20

141 1912 389 1962 Creatoris
434 1913 666 1961 iniuriam
712 1913 874 1960 earnis
921 1926 1152 1960 accusare
1194 1918 1444 1976 naturam,
1485 1926 1608 1975 quae
1649 1913 1700 1959 in
1739 1927 1820 1975 ge-

142 2001 261 2035 nere
317 1991 462 2050 atque
518 1985 690 2034 ordine
739 1999 828 2034 suo
875 1984 1004 2033 bona
1058 1992 1154 2050 est3
1210 1984 1295 2033 sed
1343 1984 1539 2032 deserto
1589 1983 1822 2033 Creatore

140 2060 270 2108 bono
319 2060 482 2108 vivere
530 2058 803 2108 seeundum
850 2065 1071 2107 creatum
1121 2057 1307 2106 bonum
1354 2073 1452 2106 non
1500 2064 1575 2106 est
1621 2057 1822 2123 bonum,

142 2135 242 2182 sive
291 2134 500 2198 quisque
559 2132 833 2181 secundum
884 2146 1084 2180 carnem
1134 2133 1235 2180 sive
1291 2130 1565 2180 seeundum
1612 2133 1823 2180 animam

142 2208 243 2255 sive
284 2206 558 2256 secundum
596 2212 757 2255 totum
794 2205 1066 2271 hominem,
1118 2206 1203 2270 qui
1242 2220 1301 2253 ex
1342 2206 1503 2253 anima
1541 2211 1734 2253 constat
1774 2210 1822 2253 et
1855 2214 1910 2254 25

142 2295 289 2328 carne
338 2273 494 2346 (unde
540 2285 590 2328 et
635 2280 833 2327 nomine
881 2277 1034 2327 solius
1081 2280 1270 2327 animae
1320 2284 1368 2326 et
1418 2279 1615 2326 nomine
1669 2277 1821 2326 solius

142 2354 304 2402 carnis
359 2353 624 2418 significari
672 2346 860 2417 potest)
915 2351 1061 2416 eligat
1115 2353 1294 2400 vivere.
1378 2350 1501 2399 Nam
1551 2352 1636 2414 qui
1690 2350 1823 2399 velut

143 2441 390 2475 summum
430 2425 615 2475 bonum
646 2424 816 2474 1audat
855 2425 1042 2473 animae
1083 2431 1308 2474 naturam
1348 2431 1398 2473 et
1435 2431 1682 2488 tamquam
1723 2438 1821 2471 rna-

139 2498 243 2547 lum
274 2506 499 2548 naturam
529 2499 691 2548 carnis
724 2504 935 2563 accusat,
974 2498 1196 2562 profecto
1230 2504 1279 2546 et
1310 2499 1521 2546 animam
1561 2496 1821 2546 carnaliter

259 2612 303 2666 1)
334 2611 466 2656 Rom.
500 2617 541 2667 3,
573 2615 643 2656 20.
706 2613 751 2666 3)
784 2609 896 2653 Gen.
929 2613 1003 2664 46,
1033 2613 1105 2653 27.
1169 2611 1242 2665 11)
1276 2614 1312 2653 1.
1347 2608 1446 2653 Gor.
1481 2614 1524 2664 3,
1555 2613 1596 2651 4.

262 2775 284 2814 1
316 2770 592 2815 iustificatur
632 2771 718 2823 Ve;
749 2772 806 2825 cf.
839 2775 882 2825 4,
913 2775 976 2816 29
1000 2772 1015 2827 ΙΙ
1044 2776 1096 2814 10
1128 2769 1317 2825 quidem
1357 2769 1495 2812 VAF
1521 2783 1602 2812 sec.
1635 2768 1821 2821 Graec.,·

140 2842 222 2873 om.
254 2842 280 2872 v
304 2831 320 2885 ΙΙ
346 2835 399 2874 18
429 2829 533 2886 ipsa
562 2830 855 2886 reprobanda
888 2830 946 2882 V3
980 2829 1070 2885 ipsi
1101 2827 1409 2884 reprobantur
1430 2841 1456 2871 v
1480 2830 1494 2882 ΙΙ
1519 2827 1724 2871 omnium
1759 2827 1821 2880 V;

141 2901 222 2931 om.
255 2901 280 2932 v
304 2891 319 2944 ss
346 2893 398 2932 19
432 2888 621 2932 ascribit
650 2889 815 2945 scripsi
823 2905 840 2942 ;
871 2888 1061 2945 ascripti
1102 2887 1166 2940 V,·
1195 2886 1432 2930 ascribunt
1461 2900 1486 2930 v
