2044 3146
579 161 644 193 nn
669 158 909 194 c1v1‘rA‘rE
931 160 1020 194 nm
1044 160 1086 192 L.
1111 160 1212 193 XVI.
1238 161 1275 194 c.
1300 161 1354 194 35,
1377 163 1431 194 36.
1737 149 1836 201 181

160 274 372 326 stiehant
418 274 600 338 gemini
647 272 804 322 adhuc
856 274 909 322 in
948 280 1091 323 utero
1134 274 1239 322 eius
1278 273 1470 322 inclusi.
1549 271 1655 331 Qua
1695 273 1843 322 mole-

161 351 252 399 stia
314 361 426 397 cum
486 353 782 413 angeretur,
843 346 1105 397 Dominum
1173 349 1495 412 interrogavit
1557 349 1844 412 accepitque

160 435 476 486 responsum:
515 422 662 471 Duae
690 427 865 483 qentes
897 424 949 470 in
988 428 1132 471 utero
1174 428 1258 471 tuo
1297 429 1413 470 sunt
1452 428 1500 472 et
1538 423 1637 471 duo
1671 423 1848 484 populi

166 499 228 551 de
266 500 440 545 ventre
486 502 569 544 tuo
609 497 988 558 separabuntur
1028 503 1077 544 et
1107 498 1324 558 populus
1358 499 1596 558 populum
1634 510 1844 558 supera-

160 571 233 619 bit
284 575 333 618 et
385 571 548 618 maior
610 571 795 619 serviet
854 572 1050 620 minori.
1152 567 1303 627 Quod.
1354 567 1536 618 Paulus
1597 569 1846 634 apostolus
1879 577 1905 618 5

162 657 393 708 magnum
430 642 535 691 vult
572 642 793 708 intellegi
830 644 1013 708 gratiae
1054 642 1429 710 documentum,
1476 644 1588 707 quia
1627 643 1847 692 nondum

162 715 258 767 illis
304 718 431 765 natis
478 731 570 766 nec
618 716 799 782 aliquid
847 716 1106 782 agentibus
1152 716 1269 766 boni
1309 732 1397 766 seu
1436 717 1550 766 mali
1590 719 1695 766 sine
1734 716 1847 766 ullis

161 789 305 840 bonis
361 791 551 840 meritis
606 791 803 856 eligitur
857 793 1020 840 minor
1078 793 1261 840 maiore
1310 790 1596 856 reprobat03
1651 789 1846 855 quando

159 863 334 930 procul
359 863 524 932 dubio,
557 871 792 930 quantum
827 865 1012 914 adtinet
1043 865 1101 914 ad
1134 865 1370 929 originale
1402 873 1674 932 peccatum,
1705 863 1848 914 ambo

152 954 301 1005 pares
349 947 510 1004 erant3
558 946 795 1004 quantum
846 946 1008 989 autem
1049 939 1108 988 ad
1147 941 1429 1006 proprium,
1479 939 1628 989 ullius
1669 954 1843 988 eorum
1875 948 1932 991 10

155 1012 344 1062 nullum
395 1020 513 1064 erat.
593 1011 688 1062 Sed
737 1029 870 1063 nunc
918 1014 977 1062 de
1025 1013 1114 1062 hac
1162 1028 1216 1062 re
1264 1013 1429 1062 dicere
1477 1012 1661 1078 aliquid
1701 1012 1847 1063 latius

155 1088 371 1136 instituti
420 1088 586 1151 operis
632 1089 757 1135 ratio
806 1101 905 1136 non
954 1088 1093 1153 sinit,
1141 1086 1270 1136 unde
1318 1089 1368 1135 in
1410 1086 1516 1136 aliis
1556 1089 1653 1136 iam
1691 1087 1848 1137 multa

158 1159 383 1209 diximus,
463 1159 604 1218 Quod
645 1167 808 1210 autem
849 1160 1036 1210 dictum
1075 1167 1172 1210 est:
1211 1161 1386 1211 Maior
1424 1164 1610 1211 serviet
1647 1164 1847 1228 minori,

155 1248 300 1283 nemo
332 1233 436 1282 fere
462 1240 749 1283 nostrorum
781 1233 923 1284 aliter
954 1234 1210 1301 intellexit,
1244 1249 1391 1300 quam
1422 1237 1659 1284 maiorem
1689 1250 1845 1301 popu-

155 1307 256 1356 lum
294 1306 589 1356 Iudaeorum
628 1309 810 1356 minori
851 1307 1128 1358 Christiano
1168 1308 1350 1374 populo
1392 1310 1706 1359 serviturum.
1782 1308 1845 1359 Et
1878 1317 1933 1359 15

158 1396 213 1430 re
254 1396 367 1430 vera
406 1383 626 1445 quamvis
665 1383 716 1431 in
756 1390 901 1447 gente
941 1382 1311 1450 Idumaeorum,
1351 1398 1477 1447 quae
1517 1390 1629 1432 nata
1669 1391 1745 1433 est
1784 1382 1844 1432 de

158 1457 358 1522 maiore,
399 1456 479 1504 cui
511 1455 608 1504 duo
642 1458 839 1505 nomina
881 1464 1022 1505 erant
1061 1451 1198 1523 (nam
1240 1464 1290 1506 et
1319 1454 1451 1506 Esau
1490 1455 1756 1507 vocabatur
1796 1465 1846 1507 et

154 1527 335 1595 Edom‚
378 1528 510 1578 unde
558 1524 829 1598 Idumaei),
874 1530 968 1580 hoc
1014 1529 1171 1580 videri
1209 1532 1366 1596 possit
1404 1530 1684 1598 impletum,
1731 1533 1846 1596 quia

156 1611 328 1668 postea
361 1603 636 1668 superanda
668 1604 831 1654 fuerat
861 1619 887 1652 a
919 1604 1116 1670 populo,
1149 1606 1233 1669 qui
1266 1612 1405 1654 ortus
1438 1611 1515 1654 est
1548 1620 1606 1653 ex
1638 1606 1844 1672 minore,

157 1676 206 1725 id
255 1682 330 1725 est
367 1675 660 1744 Israelitic0,
708 1680 850 1742 eique
899 1678 1061 1727 fuerat
1099 1679 1265 1728 sutura
1307 1678 1549 1728 subiecta:
1589 1686 1753 1728 tamen
1791 1680 1843 1728 in
1877 1687 1932 1729 20

162 1749 345 1814 aliquid
407 1751 564 1799 maius
625 1753 864 1800 intentam
927 1752 1080 1805 fuisse
1144 1754 1286 1802 istam
1347 1752 1688 1820 prophetiam,
1748 1767 1845 1817 qua

157 1823 344 1875 dictum
384 1831 479 1872 est:
529 1825 749 1887 Populus
790 1829 1032 1889 populum
1070 1827 1335 1888 superabit
1373 1833 1422 1876 et
1457 1829 1623 1876 maior
1661 1829 1847 1876 serviet

158 1899 371 1957 minori,
427 1900 802 1947 convenientius
857 1899 1090 1948 creditur.
1167 1898 1229 1949 Et
1284 1899 1402 1964 quid
1457 1907 1533 1950 est
1578 1899 1693 1966 hoc,
1747 1901 1844 1949 nisi

162 1970 292 2035 quod
331 1972 381 2019 in
422 1970 615 2020 Iudaeis
656 1979 704 2021 et
745 1971 1036 2022 Christianis
1076 1973 1328 2023 evidenter
1367 1970 1637 2039 impletur?

754 2129 952 2186 CAPUT
993 2130 1238 2185 XXXVI.
1874 2145 1928 2186 25

160 2236 238 2286 De
275 2240 485 2287 oraculo
527 2243 576 2287 et
614 2239 974 2300 benedictione,
1014 2253 1164 2300 quam
1191 2239 1345 2288 Isaac·
1371 2253 1470 2288 non
1503 2243 1654 2290 aliter
1692 2255 1843 2301 quam

318 2316 472 2373 pater
510 2314 681 2374 ἱρείας,
721 2315 900 2362 merito
940 2315 1159 2362 eiusdem
1201 2315 1426 2374 dilectuS,
1467 2316 1679 2378 accepit.

309 2414 511 2478 Accepit
550 2416 698 2464 etiam
736 2415 869 2465 Isaac
910 2415 1004 2465 tale
1046 2415 1323 2482 oraculum,
1365 2416 1506 2481 quale
1546 2416 1841 2481 aliquotiens

158 2492 297 2550 pater
344 2489 451 2536 eius
499 2495 771 2554 acceperat.
847 2487 916 2539 De
964 2504 1065 2554 quo
1113 2489 1311 2539 oraculo
1353 2491 1423 2539 sic
1465 2492 1701 2555 scriptum
1744 2498 1841 2540 est:

158 2560 319 2609 Facta
375 2566 449 2610 est
502 2568 666 2611 autem
712 2561 876 2624 sames
930 2578 1083 2626 super
1137 2570 1328 2615 terram
1377 2570 1590 2626 praeter
1638 2563 1839 2627 famem,
1872 2573 1929 2614 30

278 2673 321 2727 5)
353 2671 465 2717 Gen.
498 2678 570 2730 25,
601 2679 671 2719 23.
734 2676 780 2730 8)
810 2674 941 2719 Rom.
975 2679 1015 2730 9,
1049 2680 1102 2719 11
1138 2689 1234 2731 sqq.

181 2891 256 2934 tm
283 2834 488 2934 12Aunde
521 2836 569 2878 et:
598 2835 646 2879 in
676 2849 702 2879 v
732 2837 749 2892 ss
789 2841 841 2881 13
875 2837 947 2880 est,
976 2850 1059 2881 om.
1102 2836 1145 2880 V
1180 2839 1195 2893 ΙΙ
1234 2842 1286 2881 14
1318 2838 1579 2882 nostrorum
1620 2837 1728 2893 VR·
1759 2851 1841 2883 no-

159 2904 180 2933 s
257 2905 305 2933 m
382 2905 407 2936 v
