2044 3146
218 160 252 212 2
263 160 326 212 18
899 166 934 201 s.
956 166 1232 202 AUGUS'HNI

217 284 549 334 sacerdotium
596 284 748 333 fuisse
795 287 1059 348 mutatum,
1109 289 1157 331 et
1206 282 1336 347 quod
1383 281 1453 330 illi
1492 280 1659 330 domui
1698 282 1904 346 promis-

217 373 327 407 sum
375 364 471 424 est,
519 373 610 408 nec
658 358 848 422 sperari
896 355 1155 421 aliquando
1197 355 1566 422 complendum,
1617 356 1731 420 quia
1769 354 1904 422 illud,

218 432 350 496 quod
390 433 436 481 ei
474 431 737 497 reprobato
778 436 1064 495 mutatoque
1104 430 1339 495 succedit,
1378 429 1471 479 hoc
1510 431 1675 495 potius
1715 429 1906 494 praedi-

218 512 357 555 catur
412 512 682 555 aeternum.
759 503 863 553 Hoc
919 506 1004 569 qui
1058 503 1201 570 dicit,
1256 503 1476 553 nondum
1529 503 1769 568 intellegit
1823 509 1907 553 aut

159 586 185 627 5
219 595 317 629 non
357 579 531 630 recolit
571 581 718 629 etiam
765 581 930 644 ipsum
969 578 1242 628 secundum
1282 577 1506 627 ordinem
1546 578 1706 627 Aaron
1747 592 1906 626 sacer-

218 653 406 702 dotium
447 659 694 719 tamquam
734 653 961 703 umbram
1002 652 1157 702 futuri
1196 653 1386 702 aeterni
1425 651 1687 701 sacerdotii
1726 653 1906 701 consti-

217 734 403 794 tutum3
457 742 512 777 ac
559 743 649 792 per
695 727 812 794 hoc,
869 726 1062 792 quando
1113 727 1377 776 aeternitas
1431 727 1477 774 ei
1525 727 1766 791 promissa
1816 731 1907 792 est,

218 816 317 850 non
348 803 444 867 ipsi
475 802 678 851 umbrae
713 817 767 851 ac
801 802 1001 867 figurae,
1041 800 1127 850 sed
1161 802 1220 866 ei,
1260 799 1392 864 quod
1424 814 1514 864 per
1544 801 1700 864 ipsam
1739 798 1907 849 adum-

215 874 453 924 brabatur
486 875 903 942 figurabaturque,
935 876 1235 940 promissum
1268 880 1358 937 est.
1423 872 1519 922 Sed
1553 888 1613 923 ne
1646 879 1906 938 putaretur

128 956 184 996 10
215 950 322 1014 ipsa
362 948 536 998 umbra
577 965 683 999 esse
717 964 963 1016 mansura,
1002 948 1112 997 ideo
1153 949 1302 997 etiam
1343 949 1547 997 mutatio
1589 949 1694 996 eius
1735 947 1906 997 debuit

214 1023 515 1088 prophetari.

365 1097 591 1162 Regnum
639 1112 836 1162 quoque
886 1099 982 1146 isto
1023 1095 1167 1145 modo
1209 1097 1357 1145 etiam
1398 1095 1556 1145 Saulis
1596 1097 1773 1162 ipsiuS,
1822 1097 1908 1160 qui

217 1178 352 1220 certe
387 1171 681 1236 reprobatus
714 1178 860 1236 atque
893 1172 1108 1220 reiectus
1149 1176 1240 1236 est,
1281 1170 1436 1219 futuri
1476 1171 1615 1234 regni
1655 1176 1760 1219 erat
1799 1184 1905 1219 um-

215 1243 305 1293 bra
359 1247 409 1294 in
465 1247 753 1295 aeternitate
810 1246 1044 1294 mansuri.
1137 1242 1312 1292 Oleum
1368 1245 1549 1308 quippe
1604 1242 1750 1310 illud,
1806 1258 1903 1307 quo

130 1321 184 1362 15
218 1325 399 1368 unctus
434 1325 509 1368 est
541 1326 590 1368 et
622 1319 681 1368 ab
716 1335 773 1368 eo
814 1319 1077 1368 chrismate
1112 1317 1327 1367 christus
1369 1323 1444 1366 est
1483 1316 1661 1383 dictuS,
1701 1318 1904 1381 mystice

217 1392 558 1458 accipiendum
607 1400 655 1442 et
703 1408 934 1458 magnum
982 1398 1346 1441 sacramentum
1383 1390 1768 1455 intellegendum
1807 1396 1904 1456 est3

218 1467 350 1530 quod
389 1468 439 1515 in
480 1482 537 1515 eo
579 1473 769 1516 tantum
809 1472 1070 1516 veneratus
1112 1471 1186 1514 est
1225 1467 1330 1530 ipse
1371 1464 1534 1531 David,
1573 1471 1629 1514 ut
1667 1479 1905 1530 percusso

216 1540 365 1589 corde
412 1543 724 1607 pavitaverit,
773 1540 966 1606 quando
1014 1542 1065 1588 in
1113 1538 1377 1589 tenebroso
1427 1538 1701 1588 occultatus
1749 1545 1904 1606 antro,

218 1629 314 1678 quo
366 1617 514 1663 etiam
578 1614 694 1664 Saul
749 1621 957 1679 urgente
1017 1616 1284 1663 intraverat
1342 1614 1635 1662 necessitate
1686 1619 1906 1679 naturae,

127 1695 183 1736 20
216 1690 443 1752 exiguam
467 1689 758 1753 particulam
789 1690 939 1738 vestis
973 1690 1078 1737 eius
1119 1694 1395 1736 retrorsum
1435 1687 1645 1736 latenter
1684 1685 1906 1754 abscidit,

215 1769 270 1811 ut
324 1762 529 1812 haberet
582 1763 713 1812 unde
769 1768 1094 1828 monstraret,
1158 1777 1255 1826 quo
1311 1761 1456 1810 modo
1511 1762 1557 1810 ei
1611 1762 1905 1827 pepercerit,

215 1851 327 1885 cum
360 1843 530 1901 posset
562 1836 804 1904 occidere,
845 1843 989 1901 atque
1024 1838 1090 1885 ita
1123 1837 1456 1900 suspicionem
1488 1834 1547 1884 de
1581 1836 1742 1884 animo
1783 1836 1905 1900 eiuS,

215 1925 310 1974 qua
367 1917 591 1960 sanctum
639 1910 787 1959 David
843 1917 1022 1975 putans
1079 1911 1331 1958 inimicum
1388 1924 1533 1958 suum
1587 1908 1906 1958 vehementer

213 1983 621 2050 persequebatur,
662 1985 895 2034 auferret.
959 1984 1030 2032 Ne
1064 1985 1227 2047 itaque
1262 1998 1378 2031 reus
1412 1989 1544 2031 esset
1585 1984 1704 2030 tanti
1744 1997 1903 2030 sacra-

125 2061 181 2102 25
215 2060 369 2107 menti
408 2059 459 2106 in
501 2057 644 2107 Saule
685 2058 873 2123 violati,
914 2060 1027 2121 quia
1067 2057 1142 2105 vel
1180 2056 1525 2105 indumentum
1565 2057 1671 2104 eius
1713 2058 1782 2104 sic
1823 2055 1903 2104 ad-

213 2133 463 2196 trectavit,
510 2133 748 2181 extimuit.
826 2131 900 2180 lta
948 2133 1078 2180 enim
1126 2131 1366 2194 scriptum
1406 2135 1503 2178 est:
1550 2129 1617 2177 Et
1650 2132 1906 2191 percussit

213 2218 306 2254 cor
346 2206 517 2254 David
552 2221 705 2267 super
745 2219 878 2265 eum,
920 2207 1039 2266 quia
1081 2205 1287 2252 abstulit
1317 2205 1583 2265 pinnulam
1623 2205 1903 2266 chlamydis

215 2281 336 2327 eius.
416 2278 543 2327 Viris
585 2285 770 2345 autem,
819 2280 903 2342 qui
950 2293 1062 2327 cum
1102 2276 1183 2325 illo
1227 2283 1364 2326 erant
1404 2283 1478 2343 et,
1518 2283 1574 2326 ut
1615 2275 1812 2326 Saulem
1851 2279 1902 2325 in

214 2366 389 2401 manus
436 2367 549 2401 suas
599 2352 835 2401 traditum
881 2353 1211 2416 interimeret,
1260 2350 1554 2400 suadebant:
1611 2352 1720 2400 Non
1766 2353 1901 2411 milii,

123 2430 182 2470 30
214 2426 389 2492 inquit,
429 2429 691 2487 continyat
722 2441 753 2475 α
787 2427 1011 2485 Domino,
1052 2428 1097 2474 si
1122 2423 1297 2486 fecero
1330 2427 1425 2474 hoc
1457 2425 1662 2474 verbum
1702 2426 1900 2473 domino

211 2514 318 2549 meo
366 2501 555 2549 christo
602 2501 822 2565 Domini,
871 2499 1066 2561 inferre
1111 2513 1313 2547 manum
1359 2513 1520 2548 meam
1567 2513 1720 2560 super
1759 2512 1901 2555 eum;

211 2576 333 2634 quia
373 2575 594 2624 christus
631 2575 835 2623 Domini
880 2579 952 2622 est
1002 2575 1098 2622 hic.
1177 2572 1302 2621 Huic
1343 2587 1460 2636 ergo
1499 2570 1703 2620 umbrae
1745 2571 1900 2620 futuri

212 2662 311 2696 non
348 2654 554 2712 propter
591 2649 762 2712 ipsam,
803 2647 889 2696 sed
927 2653 1132 2711 propter
1171 2645 1314 2711 illud,
1353 2645 1484 2709 quod
1523 2643 1899 2710 praefigurabat,

212 2726 345 2769 tanta
377 2722 625 2770 veneratio
658 2720 994 2770 exhibebatur.
1058 2719 1196 2768 Unde
1238 2725 1286 2768 et
1317 2718 1452 2784 illud,
1492 2718 1622 2783 quod
1663 2720 1729 2767 ait
1764 2717 1898 2766 Sauli

121 2798 179 2838 35
214 2793 432 2844 Samuel:
495 2796 741 2854 Quoniam
789 2809 886 2844 non
932 2796 1149 2843 servasti
1199 2795 1490 2842 mandatum
1530 2806 1712 2858 meum,
1767 2793 1905 2853 quod

332 2906 408 2962 32)
443 2910 479 2951 1.
516 2905 636 2951 Sam.
671 2911 742 2962 24,
777 2912 801 2952 6
835 2921 902 2962 sq.
