2044 3146
590 167 657 199 DE
683 165 920 199 CIVITATE
942 166 1032 198 Dm
1055 166 1099 199 L.
1125 165 1249 201 xvn.
1274 167 1311 201 c.
1335 169 1368 200 6.
1726 152 1836 206 219

141 282 411 330 mandavit
440 280 534 329 tibi
562 279 817 339 Dominus,
857 294 1001 341 quem
1041 282 1113 329 ad
1149 282 1347 330 modum
1387 293 1522 328 nune
1550 283 1844 342 paraverat

151 356 394 404 Dominus
432 366 646 414 reanum
687 359 825 402 tuum
864 369 1022 415 usque
1061 356 1113 403 in
1154 359 1417 403 aeternum
1454 367 1610 416 super
1651 352 1840 401 Israel:

149 435 199 479 et
229 443 365 477 nune
396 441 609 489 requam
642 431 781 476 tuum
813 441 913 476 non
944 428 1098 476 stabit
1129 429 1233 489 tibi,
1274 433 1323 477 et
1351 431 1566 489 quaeret
1598 426 1842 475 Dominus

150 503 250 551 sibe·
285 503 531 551 hominem
562 503 839 550 seeundum
879 516 970 551 cor
1008 516 1166 562 suum,
1206 507 1256 551 et
1293 502 1556 550 mandabit
1594 502 1644 549 εἰ
1673 500 1839 549 Domi-

148 590 244 625 nus
290 590 398 625 esse
445 577 496 624 in
537 576 824 638 principem
869 589 1024 637 super
1065 578 1307 637 populum
1353 589 1526 632 summ·
1572 576 1693 635 quia
1740 587 1840 622 non
1873 582 1901 622 5

143 650 415 699 custodisti
450 663 582 710 quae
619 650 881 698 mandavit
917 650 1011 698 tibi
1048 650 1305 710 DominuS,
1347 663 1447 697 non
1487 650 1557 697 sie
1598 649 1839 712 aecipien-

139 721 266 771 dum
321 728 422 790 est,
476 737 531 771 ao
582 724 624 771 si
670 723 835 788 ipsum
883 721 1080 771 Saulem
1128 722 1259 771 Deus
1305 724 1357 771 in
1405 728 1660 771 aeternum
1699 734 1839 786 prae-

146 797 392 862 paraverit
423 802 762 862 regnaturum‚
802 802 851 846 et
889 796 983 845 hoo
1022 803 1192 862 postea
1233 795 1449 846 noluerit
1489 810 1684 845 servare
1725 809 1839 859 pec·

141 872 280 919 canti
327 865 512 938 (neque
562 872 693 919 enim
742 885 854 920 eum
901 877 1222 935 peccaturum
1263 885 1371 920 esse
1412 863 1711 935 nesciebat);
1753 867 1838 917 sed

147 950 522 1009 praeparaverat
561 959 769 1008 regnum
809 946 941 1010 eiuS‚
981 947 1031 993 in
1072 959 1170 1008 quo
1210 945 1367 1009 figura
1406 945 1547 1008 regni
1586 949 1718 992 esset
1758 957 1834 990 ae·
1871 951 1927 991 10

144 1020 292 1067 terni.
369 1017 484 1066 Ideo
532 1017 737 1067 addidit:
793 1019 859 1066 Et
904 1033 1040 1068 mmo
1088 1033 1300 1080 requam
1348 1025 1486 1067 taum
1534 1032 1633 1066 non
1685 1017 1840 1065 stabit

142 1093 253 1141 tibi.
333 1091 479 1140 Stetit
519 1107 636 1157 ergo
677 1098 728 1141 et
766 1091 934 1157 stabit,
987 1092 1118 1156 quod
1158 1094 1210 1141 iu
1250 1092 1332 1140 illo
1373 1092 1700 1156 significatum
1741 1095 1837 1155 est;

144 1164 235 1213 sed
282 1180 381 1214 non
427 1165 543 1215 huic
592 1164 764 1226 stabit,
822 1167 936 1229 quia
982 1181 1082 1215 non
1130 1168 1180 1215 in
1234 1172 1489 1214 aeternum
1529 1166 1635 1229 ipse
1677 1165 1838 1212 fuerat

146 1245 468 1304 regnaturuS,
524 1255 615 1288 nec
662 1241 924 1304 progenies
973 1242 1106 1306 eius7
1160 1245 1216 1289 ut
1264 1239 1435 1288 saltem
1482 1253 1572 1304 per
1610 1243 1837 1303 posteros

143 1311 356 1362 alterum
396 1312 537 1362 alteri
577 1314 901 1363 succedentes
951 1313 1205 1363 videretur
1243 1313 1439 1378 impleri
1479 1312 1610 1377 quod
1651 1311 1837 1360 dictum
1871 1319 1926 1360 15

140 1392 245 1436 est:
307 1387 369 1435 In
425 1393 701 1437 aeternum.
787 1389 854 1437 Et
905 1394 1143 1455 quaeret,
1198 1389 1388 1454 inquit,
1443 1388 1686 1436 Dominus
1740 1386 1840 1434 sibi

145 1462 419 1519 homirnam
466 1462 566 1510 sive
615 1461 765 1510 David
813 1463 913 1511 sive
962 1463 1143 1527 ipsum'
1179 1461 1498 1510 Mediatorem
1554 1459 1836 1524 significans

145 1536 427 1584 testamenti
466 1537 606 1602 novi,
653 1537 737 1599 qui
778 1535 1081 1600 figurabatur
1120 1538 1171 1585 in
1211 1535 1474 1585 chrismate
1517 1535 1689 1599 etiam,
1739 1547 1835 1597 quo

147 1616 327 1657 unctus
382 1614 458 1657 est
511 1610 618 1674 ipse
672 1609 821 1658 David
878 1616 927 1659 et
979 1612 1243 1675 progenies
1298 1611 1419 1658 eius
1507 1608 1617 1656 Non
1673 1612 1837 1656 autem

148 1683 288 1744 quasi
327 1684 515 1731 nesciat
553 1682 638 1732 ubi
678 1685 755 1749 sit,
794 1685 861 1732 ita
900 1683 995 1733 sibi
1031 1683 1284 1732 hominem
1323 1682 1455 1732 Deus
1495 1682 1709 1747 quaerit3
1750 1680 1836 1729 sed
1868 1690 1926 1730 20

146 1769 238 1819 per
292 1755 540 1804 hominem
590 1771 726 1805 more
778 1757 1035 1806 hominum
1085 1757 1327 1822 loquitur,
1382 1758 1496 1821 quia
1548 1763 1597 1804 et
1644 1757 1714 1804 sic
1766 1754 1834 1802 lo-

147 1829 344 1892 quendo
384 1844 474 1878 nos
514 1832 721 1893 quaerit.
797 1830 906 1879 Non
947 1831 1106 1880 solum
1147 1833 1279 1879 enim
1319 1829 1418 1878 Deo
1459 1829 1614 1894 Patri,
1662 1842 1836 1876 verum

147 1903 244 1966 ipsi
298 1917 494 1968 quoque
550 1903 812 1968 Unigenito
869 1906 1004 1971 eius,
1072 1906 1157 1968 qui
1210 1905 1345 1953 venit
1400 1918 1639 1967 quaerere
1703 1901 1834 1966 quod

147 1977 378 2044 perierat,
417 1992 575 2041 usque
608 1977 728 2027 adeo
761 1980 856 2027 iam
889 1993 1085 2028 eramus
1125 1980 1244 2039 noti,
1283 1984 1339 2026 ut
1377 1979 1428 2026 in
1466 1979 1574 2042 ipso
1615 1990 1836 2025 essemus

145 2048 292 2099 electi
354 2056 466 2099 ante
529 2053 931 2101 constitutionem
994 2052 1178 2101 mundi.
1278 2053 1502 2110 Quaeret
1560 2052 1659 2100 sibi
1717 2064 1834 2114 ergo
1868 2057 1924 2097 25

144 2121 269 2172 dixit
306 2139 484 2190 „suum
514 2121 757 2175 habebit“.
833 2125 972 2175 Unde
1005 2128 1056 2175 in
1088 2125 1260 2175 Latina
1291 2125 1456 2190 lingua
1495 2124 1587 2173 hoe
1627 2122 1835 2172 verbum

145 2199 324 2262 accipit
373 2201 790 2264 praepositionem
841 2207 891 2249 et
938 2195 1238 2268 „adquirit“
1285 2199 1492 2265 dicitur3
1543 2198 1673 2263 quod
1715 2199 1832 2246 satis

146 2279 372 2336 apertum
419 2279 495 2321 est
542 2273 659 2338 quid
708 2274 964 2339 significet.
1043 2273 1351 2338 Quamquam
1397 2279 1446 2322 et
1493 2274 1598 2321 sine
1651 2271 1833 2320 addita-

147 2351 313 2395 mento
360 2348 739 2411 praepositionis
787 2362 1025 2413 quaerere
1073 2347 1388 2413 intellegatur
1434 2346 1718 2411 adquirere3
1774 2360 1834 2394 ex

144 2432 245 2482 quo
283 2418 419 2469 lucra
458 2427 697 2470 vocantur
737 2428 786 2471 et
825 2428 1074 2486 quaestus.
1865 2428 1923 2468 30

268 2547 311 2602 6)
345 2551 382 2592 1.
418 2546 538 2591 Sam.
575 2553 643 2604 13,
679 2553 731 2592 13
768 2564 833 2605 sq.
897 2551 972 2606 24)
1004 2550 1080 2595 Lo.
1117 2554 1186 2607 19,
1221 2554 1287 2594 10.
1352 2550 1426 2603 25)
1460 2547 1575 2604 Eph.
1614 2553 1650 2602 1,
1684 2551 1724 2590 4.

267 2713 321 2751 22
353 2723 514 2752 uerum
545 2710 710 2764 RAF,·
740 2724 902 2755 verum
934 2711 1076 2757 etiam
1107 2726 1133 2756 v
