2044 3146
559 139 627 170 DE
650 135 890 170 enarum
913 137 1003 169 Dm
1025 137 1070 169 L.
1094 136 1218 169 xv11.
1250 137 1287 170 c.
1311 138 1343 170 it
1694 125 1802 178 209

116 260 196 303 est
234 255 363 303 dans
401 255 565 300 votum
603 252 818 311 voventi,
868 255 917 299 et
964 250 1226 299 benedixit
1263 264 1422 300 annos
1461 252 1600 311 iusti,
1646 265 1803 300 unum

117 333 195 376 est
233 324 364 391 quod
404 324 635 388 facimuS,
675 323 884 373 alterum
925 323 1056 388 quod
1096 325 1351 373 sumimus.
1414 323 1512 373 Sed
1551 324 1645 374 hoc
1685 324 1801 374 alte·

115 415 226 450 rum
265 399 366 448 Deo
414 397 647 462 largitore
695 412 795 446 non
846 399 1080 462 sumitur,
1135 399 1230 446 nisi
1277 412 1394 447 cum
1429 399 1538 463 ipso
1578 398 1800 448 adiutore

117 475 330 540 primum
377 470 497 521 illud
546 471 786 520 efficitur:
847 473 978 530 Quia
1033 485 1132 520 non
1181 474 1232 521 in
1279 474 1467 522 virtute
1506 478 1686 534 potens
1730 479 1804 522 est

109 550 202 596 vir.
279 547 523 597 Dominus
563 547 817 605 infirmum
851 544 1016 606 faciet
1064 548 1419 595 adversarium
1467 549 1606 605 eius;
1660 546 1800 596 illum
1833 555 1859 596 5

106 620 319 687 scilicet,
368 621 452 684 qui
498 619 686 668 homini
732 621 929 668 voventi
968 618 1153 668 invidet
1194 626 1242 668 et
1281 621 1494 686 resistit,
1539 635 1602 669 ne
1642 620 1799 670 valeat

109 694 314 760 implere
363 693 495 759 quod
541 695 685 742 vovit.
762 692 933 742 Potest
980 708 1040 741 ex
1079 692 1309 758 ambiguo
1349 692 1537 743 Graeco
1577 693 1798 759 intellegi

108 775 159 819 et
198 770 552 819 adversarium
590 782 748 817 suum.
813 766 935 816 Cum
968 768 1101 816 enim
1132 766 1371 818 Dominus
1410 768 1666 832 possidere
1707 783 1798 817 nos

106 845 343 909 coeperit,
380 842 605 907 profecto
644 841 970 908 adversariUS,
1010 843 1095 906 qui
1127 848 1299 891 noster
1330 842 1506 908 fuerat,
1546 844 1703 907 ipsius
1742 843 1829 905 fit·-

105 924 157 967 et
195 918 407 967 vincitur
447 931 474 965 a
511 915 670 983 nobis,
709 915 795 965 sed
836 930 934 964 non
973 915 1160 965 viribus
1199 918 1399 983 nostriS,
1438 918 1559 977 quia
1598 931 1697 966 non
1739 920 1790 966 in
1826 926 1880 966 10

107 994 295 1041 virtute
336 996 518 1054 potens
568 996 642 1040 est
690 993 783 1039 vir.
872 990 1115 1039 Dominus
1164 1004 1282 1054 ergo
1334 993 1590 1050 infirmum
1635 990 1798 1052 faciet

107 1067 465 1118 adversarium
488 1079 647 1124 suum,
674 1065 916 1114 Dominus
939 1069 1174 1120 sanctus;
1213 1071 1268 1113 ut
1291 1066 1517 1113 vincatur
1542 1079 1568 1113 a
1594 1067 1794 1131 sanctiS,

106 1155 232 1204 quos
271 1138 509 1188 Dominus
548 1144 750 1188 sanctus
790 1144 1076 1187 sanctorum
1117 1138 1266 1187 efficit
1307 1145 1518 1187 sanctos

254 1212 321 1262 Ac
345 1227 435 1278 per
459 1213 553 1261 hoc
592 1227 694 1262 uon
729 1215 982 1273 morietur
1015 1213 1245 1274 prudens
1285 1215 1336 1260 in
1374 1227 1470 1260 sua
1497 1214 1795 1274 prudentia,

105 1293 156 1337 et
193 1302 292 1338 uon
327 1289 579 1349 ylorietur
612 1291 790 1348 potens
829 1288 879 1335 in
920 1300 1014 1335 sua
1047 1288 1290 1347 potentia,
1332 1292 1380 1335 et
1418 1300 1518 1335 non
1540 1288 1794 1347 ylorietur
1829 1294 1883 1335 15

107 1364 244 1412 dives
291 1364 343 1411 in
390 1363 580 1411 divitiis
616 1363 722 1410 suis
734 1378 753 1418 ;
799 1362 891 1409 sed
935 1362 987 1408 in
1027 1361 1123 1409 hoc
1158 1362 1432 1421 morietur,
1481 1362 1571 1421 qui
1602 1363 1794 1422 aloria-

105 1443 216 1498 tur,
256 1438 547 1497 intelleqere
598 1440 647 1485 et
674 1436 819 1485 iscire
858 1435 1124 1483 Dominum
1163 1440 1214 1483 et
1244 1433 1426 1495 facere
1465 1436 1709 1484 iudicium
1748 1440 1798 1484 et

104 1513 350 1560 iustitiam
390 1512 442 1558 in
481 1510 644 1559 medio
676 1513 862 1558 terrae.
940 1507 1050 1556 Non
1089 1522 1237 1572 parva
1277 1523 1338 1556 ex
1376 1515 1515 1572 parte
1555 1507 1797 1573 intellegit

105 1590 155 1633 et
187 1586 283 1633 scit
311 1582 590 1649 Dominum,
629 1583 714 1646 qui
743 1581 985 1646 intellegit
1016 1588 1066 1631 et
1098 1583 1191 1631 scit
1223 1583 1370 1631 etiam
1401 1582 1494 1631 hoc
1528 1597 1554 1630 a
1586 1581 1794 1631 Domino

106 1657 202 1707 sibi
251 1657 385 1720 dari,
435 1663 491 1706 ut
539 1656 790 1720 intellegat
836 1662 886 1705 et
936 1657 1058 1705 sciat
1109 1655 1385 1706 Dominum.
1477 1657 1614 1716 Quid
1668 1659 1799 1706 enim
1830 1664 1887 1706 20

106 1733 282 1794 habeS,
330 1733 397 1780 ait
451 1729 726 1795 apostolus,
771 1732 909 1791 quod
951 1744 1051 1779 non
1099 1732 1376 1792 accepisti?
1433 1731 1492 1779 Si
1535 1736 1705 1780 autem
1751 1736 1801 1780 et

106 1808 374 1868 accepisti,
426 1806 551 1866 quid
593 1806 863 1869 yloriaris,
914 1806 1065 1864 quasi
1108 1818 1208 1852 uon
1255 1806 1552 1866 acceperis?
1605 1804 1656 1853 id
1708 1811 1799 1869 est,

106 1881 248 1942 quasi
287 1894 315 1927 a
352 1887 401 1928 te
440 1880 548 1942 ipso
587 1877 680 1927 tibi
719 1879 805 1943 sit,
856 1876 986 1926 unde
1027 1877 1266 1942 gloriaris,
1342 1876 1480 1926 Facit
1519 1884 1684 1927 autem
1723 1879 1795 1927 iu-

107 1952 292 2002 dicium
340 1959 390 2001 et
433 1953 695 2017 iustitiam,
742 1953 827 2015 qui
873 1957 1009 2000 recte
1058 1952 1190 1999 vivit.
1265 1950 1416 2000 Recte
1459 1959 1623 2000 autem
1663 1953 1796 2017 vivit,

107 2028 193 2091 qui
224 2025 531 2090 obtemperat
561 2026 885 2090 praecipienti
915 2024 1039 2091 De03
1078 2032 1125 2074 et
1154 2027 1274 2085 finis
1300 2028 1582 2091 praecepti,
1620 2025 1669 2073 id
1704 2031 1794 2091 est,
1828 2033 1886 2074 25

107 2100 167 2149 ad
206 2099 336 2165 quod
377 2100 594 2149 refertur
632 2106 974 2164 praeceptum,
1023 2101 1219 2149 caritas
1258 2105 1333 2148 est
1370 2102 1432 2148 de
1476 2101 1632 2148 corde
1664 2114 1799 2162 puro

52 2227 56 2229 ,
106 2180 158 2224 et
202 2177 512 2224 conscientia
552 2175 683 2223 bona
730 2179 780 2223 et
819 2175 925 2233 fide
970 2187 1070 2223 non
1115 2176 1254 2233 ficta.
1331 2172 1488 2221 Porro
1529 2175 1622 2222 ista
1663 2176 1798 2222 cari-

112 2254 204 2308 taS,
244 2249 373 2298 sicut
403 2247 648 2297 Iohannes
679 2246 931 2312 apostolus
963 2253 1190 2313 testatur,
1230 2262 1298 2296 ex
1330 2248 1436 2296 Deo
1469 2253 1554 2297 est.
1615 2246 1798 2296 Facere

108 2322 260 2385 igitur
305 2321 542 2371 iudicium
590 2328 639 2371 et
685 2322 924 2371 iustitiam
971 2336 1031 2370 ex
1069 2320 1171 2370 Deo
1221 2327 1310 2370 est.
1389 2320 1486 2370 Sed
1535 2320 1653 2385 quid
1702 2327 1801 2370 est:

112 2395 173 2444 In
220 2398 382 2445 medio
430 2398 634 2445 terrae?
696 2395 867 2459 Neque
917 2396 1049 2444 enim
1097 2410 1195 2444 non
1243 2394 1425 2444 debent
1472 2395 1633 2444 facere
1672 2394 1798 2443 iudi·
1831 2403 1891 2444 3ο

111 2470 244 2518 cium
282 2476 331 2518 et
376 2471 614 2519 iustitiam
662 2471 747 2534 qui
794 2469 1014 2518 habitant
1052 2471 1103 2517 in
1143 2471 1379 2518 extremis
1418 2474 1596 2518 terrae.
1676 2467 1797 2525 Quis

109 2541 202 2591 hoe
249 2540 462 2592 dixerit?
524 2542 624 2593 Cur
675 2558 794 2608 ergo
842 2542 1062 2592 additum
1109 2549 1210 2592 est:
1270 2544 1331 2591 In
1378 2544 1540 2591 medio
1590 2544 1799 2590 terrae?

112 2614 254 2672 Quod
293 2618 336 2665 si
374 2631 473 2666 non
519 2617 784 2667 adderetur
824 2623 873 2666 et
911 2617 1250 2666 tantummodo
1290 2616 1562 2665 diceretur:
1603 2616 1800 2664 Facere

231 2730 304 2781 22)
339 2731 376 2772 1.
412 2728 512 2773 Cor.
548 2733 589 2784 4,
624 2734 662 2773 7.
725 2731 799 2784 27)
835 2735 872 2773 1.
904 2729 1024 2773 Tim.
1059 2734 1098 2784 1,
1132 2733 1171 2772 5.
1235 2731 1308 2783 28>
1345 2735 1382 2771 1.
1415 2728 1479 2772 10.
1512 2732 1555 2784 4,
1587 2732 1626 2772 7.

235 2879 260 2917 9
292 2874 374 2917 fiet
404 2876 451 2918 et
479 2875 693 2920 uincetur
724 2877 796 2931 Μ’,-
826 2877 881 2920 fit
912 2878 958 2920 et
989 2876 1204 2921 uincetur
1234 2876 1301 2920 R¹
1325 2877 1340 2933 u
1367 2881 1418 2920 13
1454 2874 1607 2919 effecit
1638 2887 1664 2919 v

202 2963 298 2988 Aue.
321 2964 373 2987 nn
398 2963 475 2988 cxv.
499 2965 579 2990 met.
611 2958 662 2990 11.
1391 2953 1446 2993 14
