2004 3140
111 915 165 955 10

110 1285 162 1323 15

108 1655 163 1694 20

109 2020 162 2059 25

107 2388 163 2426 30

197 118 308 170 482
881 128 915 161 S.
940 128 1214 163 AUGUSTINI

199 244 333 292 mino
396 243 732 307 omnipotente
785 257 837 290 se
900 243 1120 291 missum.
1221 241 1341 300 Quis
1390 241 1471 291 hic
1519 241 1696 291 audeat
1743 243 1889 293 intel·

198 316 362 381 legere
403 317 499 364 nisi
539 315 788 364 Christum
829 314 1128 379 loquentem,
1168 315 1355 365 seilicet
1395 315 1570 365 ovibus
1609 331 1734 380 quae
1773 332 1885 382 per·

197 391 357 439 ierant
395 389 570 438 domus
601 386 788 438 Israel?
849 388 928 438 Ait
962 403 1173 452 namque
1212 391 1264 438 in
1304 389 1577 454 evangelio:
1627 391 1738 440 Non
1775 405 1888 440 sum

197 466 376 512 missus
422 466 523 512 nisi
567 465 639 512 ad
681 478 795 513 oves
833 477 965 524 quae
997 465 1267 525 perierunt
1306 465 1479 513 domus
1520 465 1688 514 Israel
1692 481 1712 522 ;
1763 479 1889 528 quas

198 536 278 586 hic
319 539 619 601 comparavit
655 536 868 602 pupillae
895 536 1025 586 oculi
1049 536 1138 585 Dei
1176 543 1380 602 propter
1421 537 1888 587 excellentissimum

198 610 474 659 dilectionis
537 611 788 676 affectum3
851 626 910 660 ex
972 625 1070 675 quo
1125 625 1308 675 genere
1370 612 1532 660 ovium
1589 613 1737 660 etiam
1789 612 1886 676 ipsi

197 683 407 750 apostoli
446 685 662 733 fuerunt.
741 684 839 734 Sed
885 691 998 750 post
1045 683 1249 748 gloriam
1288 686 1670 734 resurrectionis
1709 686 1886 749 utique

198 773 315 807 suae
370 753 520 823 (quae
569 765 830 822 antequam
877 759 1044 824 fieret,
1092 760 1159 807 ait
1205 757 1526 822 evangelista:
1582 759 1724 808 Iesus
1763 773 1886 808 non·

198 834 317 881 dum
341 838 472 895 ,erat
504 827 849 900 qlorificatus)
898 834 1045 881 etiam
1098 847 1248 896 super
1287 838 1460 896 gentes
1499 833 1680 881 missus
1721 838 1796 881 est
1834 833 1886 880 in

198 905 433 970 apostolis
473 907 598 971 suiS,
645 921 700 954 ac
748 907 819 954 sio
867 905 1124 970 impletum
1164 911 1240 954 est
1279 905 1410 970 quod
1451 907 1503 954 in
1540 904 1728 970 psalmo
1767 904 1886 969 legi-

197 986 301 1029 tur:
340 980 506 1029 Erues
545 994 622 1028 me
654 981 717 1029 de
747 981 1239 1029 contradictionibus
1271 982 1461 1042 populi,
1502 982 1772 1029 constitues
1810 993 1891 1028 me

197 1056 249 1102 in
289 1059 446 1116 caput
478 1056 727 1114 centium,
779 1059 856 1119 ut,
904 1055 990 1118 qui
1030 1053 1358 1118 spoliaverant
1394 1052 1641 1102 Israelitas
1681 1051 1884 1117 quihus-

198 1142 292 1191 que
341 1127 591 1176 Israelitae
639 1129 936 1194 servierant,
964 1127 1186 1192 *quando
1235 1133 1351 1176 sunt
1405 1126 1635 1192 gentibus
1684 1125 1887 1191 subditi,

197 1216 295 1249 non
350 1201 567 1250 vicissim
614 1201 788 1250 eodem
835 1201 981 1250 modo
1031 1200 1392 1267 spoliarentur,
1447 1201 1533 1249 sed
1584 1201 1680 1265 ipsi
1731 1198 1885 1264 spolia

195 1274 372 1324 fierent
404 1274 738 1324 Israelitarum
770 1271 886 1341 (hoc
920 1276 1050 1324 enim
1082 1274 1316 1339 apostolis
1355 1276 1651 1339 promiserat
1687 1273 1887 1323 dicens:

196 1350 408 1398 Faciam
449 1363 533 1398 vos
565 1351 852 1410 piscatores
891 1350 1166 1410 hominum,
1208 1355 1257 1397 et
1294 1350 1383 1397 uni
1422 1362 1617 1396 eorum:
1667 1347 1751 1396 Ex
1789 1349 1886 1397 hoc

197 1425 318 1482 iam,
372 1423 554 1486 inquit,
609 1424 832 1472 homines
881 1425 984 1471 eris
1031 1417 1262 1489 capiens)
1272 1440 1291 1480 ;
1346 1421 1499 1486 spolia
1539 1436 1655 1485 ergo
1695 1421 1888 1488 fierent,

196 1495 282 1544 sed
321 1497 372 1544 in
412 1495 612 1562 bonum,
651 1502 900 1560 tamquam
941 1502 1109 1560 erepta
1149 1510 1260 1544 vasa
1298 1495 1368 1544 illi
1408 1496 1540 1561 forti,
1579 1494 1667 1543 sed
1705 1495 1886 1543 fortius

196 1568 405 1634 alligatO.

343 1642 467 1691 Item
514 1658 604 1707 per
652 1642 873 1692 eundem·
910 1643 1201 1708 prophetam
1254 1641 1493 1692 Dominus
1543 1642 1773 1707 loquens:
1821 1642 1890 1690 Et

196 1720 315 1782 erit,
361 1718 548 1782 inquit,
597 1719 649 1766 in
699 1719 781 1766 die
833 1720 920 1766 illa
967 1731 1214 1779 quaeram
1253 1715 1467 1778 auferre
1506 1730 1673 1766 omnes
1708 1721 1886 1777 qentes

195 1805 328 1851 quae
365 1793 572 1839 veniunt
610 1796 793 1840 contra
831 1791 1173 1851 Hierusalem,
1222 1796 1272 1839 et
1309 1791 1570 1851 effundam
1606 1804 1761 1852 super
1801 1792 1885 1839 do-

196 1879 328 1913 mum
381 1865 553 1913 David
604 1870 654 1913 et
703 1879 859 1926 super
913 1866 1225 1913 habitatores
1278 1864 1598 1913 Hierusalem
1652 1865 1887 1926 spiritum

192 1940 400 1998 cratiae
454 1943 504 1987 et
555 1939 968 1996 misericordiae;
1030 1944 1078 1987 et
1130 1940 1381 2000 aspicient
1433 1939 1505 1986 ad
1554 1951 1631 1986 me
1678 1952 1776 1999 pro
1828 1951 1886 1986 eo

196 2013 333 2073 quod
369 2014 752 2072 insultaverunt,
793 2018 842 2061 et
872 2014 1120 2074 planqent
1154 2026 1309 2073 super
1349 2025 1405 2060 eo
1438 2013 1702 2073 planctum
1739 2012 1899 2072 quasi

195 2100 350 2147 super
396 2087 742 2144 carissimum,
790 2091 840 2134 et
885 2086 1123 2134 dolebunt
1168 2087 1340 2134 dolore
1388 2087 1539 2146 quasi
1581 2099 1736 2146 super
1774 2087 1885 2134 uni-

193 2160 432 2219 qentium.
510 2157 760 2221 Numquid
815 2159 911 2206 nisi
961 2157 1050 2206 Dei
1105 2164 1181 2206 est
1234 2158 1431 2206 auferre
1487 2172 1659 2206 omnes
1713 2165 1886 2222 gentes

196 2233 419 2285 inimicas
460 2238 656 2280 sanctae
689 2232 898 2280 civitatis
928 2230 1252 2295 Hierusalem,
1293 2246 1418 2294 quae
1458 2234 1667 2280 veniunt
1703 2237 1886 2281 contra

198 2319 330 2371 eam,
369 2304 419 2353 id
459 2311 535 2353 est
574 2306 847 2354 contrariae
889 2310 1006 2353 sunt
1045 2306 1112 2369 ei,
1151 2303 1249 2370 vel,
1288 2305 1418 2352 sicut
1456 2303 1537 2352 alii
1577 2310 1693 2352 sunt
1731 2306 1883 2354 inter‘·

196 2379 391 2444 pretati‚
429 2380 638 2428 veniunt
673 2393 826 2440 super
866 2392 988 2444 eam,
1026 2378 1075 2426 id
1116 2384 1205 2442 est,
1248 2384 1301 2427 ut
1339 2392 1445 2426 eam
1486 2376 1580 2426 sibi
1619 2377 1884 2444 subiciant3

197 2459 278 2501 aut
305 2451 559 2501 effundere
585 2467 735 2516 super
760 2451 960 2500 domum
984 2450 1134 2500 David
1160 2458 1210 2500 et
1241 2466 1392 2515 super
1422 2450 1724 2500 habitatores
1757 2453 1885 2500 eius-

198 2525 311 2575 dem
343 2527 552 2575 civitatis
584 2527 812 2590 spiritum
844 2527 1028 2589 gratiae
1054 2531 1103 2574 et
1126 2521 1530 2574 misericordiae?
1582 2522 1687 2574 Hoc
1711 2526 1883 2589 utique

317 2641 363 2694 4)
395 2638 477 2683 Mt.
512 2642 590 2694 15,
623 2642 693 2682 24.
757 2638 803 2693 9)
835 2638 900 2681 10.
935 2643 985 2692 7,
1019 2641 1090 2681 39.
1157 2639 1228 2693 12)
1261 2637 1333 2682 Ps.
1369 2642 1446 2693 17,
1487 2642 1557 2681 44.
1624 2637 1694 2692 16)
1724 2635 1807 2680 Mt.
1842 2641 1883 2691 4,

201 2702 270 2745 19.
333 2699 407 2755 17)
441 2697 518 2741 Lc.
553 2702 593 2752 5,
626 2702 694 2743 10.
758 2699 832 2752 27)
865 2696 1001 2740 Zaeh.
1036 2701 1105 2752 12,
1139 2701 1164 2739 9
1198 2711 1263 2751 sq.

318 2863 375 2903 25
407 2863 447 2903 et
477 2875 520 2916 p.
555 2865 655 2915 483,
688 2865 716 2904 4
748 2873 887 2917 super
919 2874 974 2905 eo
1005 2859 1174 2917 RAe9;
1207 2872 1344 2915 super
1375 2871 1481 2901 eum
1510 2871 1537 2901 v
1560 2858 1576 2914 ΙΙ
1597 2857 1789 2914 planetu
1818 2869 1848 2913 9
