2004 3140
574 174 640 205 DE
665 173 905 206 GIVITATE
929 175 1018 207 DEI
1041 175 1083 207 L.
1107 177 1211 210 XXI.
1235 174 1272 208 e.
1298 177 1353 209 22.
1691 165 1798 218 527

104 284 234 347 feeit
281 288 697 336 misericordiam.
776 286 872 344 Qui
923 303 1039 352 ergo
1080 289 1222 355 fecit,
1272 290 1529 356 inquiunt,
1581 291 1800 353 quamvis

111 374 275 408 mores
314 362 362 408 in
403 359 579 408 melius
620 375 719 408 non
759 364 1040 428 mutaverit,
1080 363 1167 411 scd
1207 365 1337 412 inter
1376 364 1507 427 ipsas
1548 378 1662 412 suas
1703 363 1798 412 ele-

111 448 336 498 mosynas
391 433 574 482 nefarie
631 449 686 482 ac
738 437 967 499 nequiter
1017 438 1222 501 vixerit,
1276 436 1515 486 iudicium
1565 436 1636 485 illi
1685 452 1798 487 cum

111 506 450 556 misericordia
489 508 712 557 futurum
754 516 843 575 est,
882 515 938 558 ut
977 516 1060 559 aut
1099 509 1232 558 nulla
1270 510 1579 559 damnatione
1618 510 1798 575 plecta-

108 587 190 628 tur
237 587 321 630 aut
366 589 478 646 post
523 582 719 646 aliquod
766 589 961 647 tempus
1012 585 1114 632 sive
1167 599 1373 648 parvum
1413 586 1512 633 sive
1554 585 1797 648 prolixum
1831 593 1856 633 5

108 655 167 705 ab
218 656 297 705 illa
345 655 654 705 damnatione
704 655 959 706 liberetur.
1036 657 1151 706 Ideo
1199 657 1413 707 iudicem
1459 659 1622 721 ipsum
1669 660 1800 707 vivo·

107 746 219 780 rum
268 737 413 794 atque
461 737 772 779 mortuorum
819 730 1037 780 noluisse
1089 733 1370 781 existimant
1417 731 1547 780 aliud
1589 747 1797 781 comme-

106 812 300 853 morare
349 820 401 853 se
450 820 557 853 esse
606 803 855 853 dicturum
903 807 1003 853 sive
1055 805 1264 871 dextriS,
1317 804 1496 868 quihus
1537 811 1613 854 est
1651 808 1799 855 vitam

106 878 312 928 daturus
367 884 638 944 aeternam,
694 879 794 926 sive
844 879 1059 928 sinistris
1071 919 1085 945 ,
1133 894 1257 943 quos
1305 885 1506 927 aeterno
1556 879 1797 944 supplicio

62 965 64 967 ·
106 952 448 1023 damnaturus,
495 953 591 1000 nisi
637 951 942 1016 elemosynas
990 955 1091 1001 sive
1139 953 1292 1001 factas
1341 954 1441 1001 sive
1492 968 1590 1001 non
1630 953 1796 1002 factas
1834 963 1885 1002 10

104 1026 176 1075 Ad
223 1026 316 1074 hoc
362 1027 613 1090 pertinere
663 1027 800 1074 aiunt
848 1032 897 1075 et
946 1027 997 1074 in
1037 1028 1261 1075 oratione
1305 1026 1557 1075 Dominica
1598 1027 1797 1076 cotidia—

104 1115 217 1148 nam
254 1099 658 1164 postulationem:
698 1101 904 1149 Dimitte
943 1102 1086 1150 nobis
1128 1102 1302 1150 debita
1341 1106 1539 1162 nostra,
1579 1103 1714 1150 sicut
1751 1108 1798 1150 et

103 1189 194 1224 nos
242 1176 534 1223 dimittimus
585 1175 899 1223 debitoribus
948 1177 1146 1223 nostris.
1242 1173 1477 1237 Quisquis
1531 1175 1662 1222 enim
1712 1174 1797 1240 illi,

105 1249 189 1312 qui
227 1249 278 1296 in
319 1262 432 1296 eum
479 1249 720 1313 peccavit,
769 1247 971 1297 dimittit
1008 1247 1314 1311 ignoscendo
1353 1254 1636 1314 peccatum,
1682 1263 1794 1312 pro-

80 1321 184 1374 .cul
238 1320 386 1370 dubio
442 1321 770 1386 elemosynam
826 1322 954 1371 facit.
1034 1321 1191 1379 Quam
1246 1337 1353 1370 rem
1403 1320 1639 1370 Dominus
1687 1324 1792 1387 ipse
1830 1330 1883 1370 15

104 1397 173 1444 sic
214 1395 586 1461 commendavit,
627 1402 682 1444 ut
721 1395 931 1445 diceret:
978 1396 1038 1444 Si
1075 1399 1206 1445 enim
1246 1398 1542 1444 dimiseritis
1574 1402 1794 1458 peecata

101 1470 398 1530 hominibu8‚
439 1472 652 1519 dimittet
688 1471 826 1518 vobis
866 1477 916 1518 et
950 1475 1104 1531 pater
1143 1475 1306 1519 vester
1339 1474 1559 1532 peecata
1600 1476 1769 1519 vestra
1777 1488 1797 1528 ;

101 1546 147 1592 si
185 1548 352 1592 autem
391 1558 490 1593 non
539 1545 830 1593 dimiseritis
877 1545 1184 1604 hominibuS,
1231 1558 1393 1604 neque
1426 1548 1579 1605 pater
1618 1549 1795 1605 vester,

102 1620 192 1678 qui
228 1619 280 1666 in
320 1620 475 1666 caelis
516 1624 613 1678 est,
665 1619 879 1666 dimittet
915 1619 1065 1666 vobiS.
1144 1616 1276 1681 Ergo
1319 1623 1367 1665 et
1407 1616 1466 1665 ad
1505 1616 1598 1665 hoc
1638 1632 1794 1681 genus

103 1690 495 1755 elemosynarum
526 1692 743 1755 pertinet
776 1690 909 1754 quod
942 1693 1009 1739 ait
1042 1690 1292 1755 apostolus
1316 1689 1523 1738 Iacobus
1554 1690 1794 1739 iudicium
1827 1700 1882 1740 20

103 1765 327 1813 futurum
382 1766 487 1813 sine
543 1763 882 1813 misericordia
937 1766 1008 1831 ei,
1063 1765 1148 1828 qui
1196 1779 1295 1812 non
1343 1764 1459 1812 fecit
1510 1765 1789 1813 misericor-

102 1838 244 1887 diam.
321 1838 422 1887 Nec
475 1838 596 1887 dixit
650 1837 914 1903 DominUS,
968 1839 1226 1904 inquiunt,
1282 1852 1455 1902 magna
1502 1837 1578 1886 vel
1628 1853 1790 1903 parva,

102 1911 210 1961 sed:
250 1913 478 1962 Dimittet
507 1914 644 1962 vobis
670 1918 823 1974 pater
861 1918 1024 1961 vester
1059 1917 1277 1974 peccata
1316 1917 1498 1973 vestra,
1537 1914 1584 1960 si
1621 1917 1670 1960 et
1707 1926 1792 1960 vos

104 1988 396 2035 dimiseritis
433 1987 730 2035 hominibus,
809 1986 877 2034 Ac
920 2001 1010 2049 per
1048 1985 1142 2034 hoc
1180 1992 1356 2050 putant
1396 1986 1542 2034 etiam
1582 1987 1667 2049 eiS,
1708 1987 1793 2049 qui

102 2059 294 2124 perdite
342 2061 574 2120 vixerint,
625 2059 781 2108 donec
830 2058 1061 2107 claudant
1108 2059 1238 2107 diem
1278 2060 1402 2107 vitae
1444 2058 1591 2107 huius
1632 2065 1790 2107 extre-
1825 2066 1879 2106 25

104 2148 252 2199 mum,
291 2148 382 2198 per
413 2133 538 2181 hanc
572 2134 860 2199 orationem,
900 2132 1273 2197 qualiacumque
1308 2139 1358 2181 et
1397 2137 1790 2196 quantacumque

102 2208 316 2273 suerint,
365 2209 526 2255 omnia
574 2207 753 2256 cotidie
801 2213 1002 2271 peccata
1049 2206 1249 2272 dimitti,
1299 2208 1427 2254 sicut
1466 2207 1571 2269 ipsa
1612 2205 1790 2254 cotidie

104 2281 447 2344 frequentatur
495 2283 679 2347 oratio,
731 2282 773 2328 si
819 2280 913 2328 hoc
953 2280 1291 2329 tantummodo
1332 2278 1582 2328 custodire
1623 2281 1790 2327 memi-

102 2356 282 2420 nerint,
321 2361 391 2420 ut,
431 2355 624 2418 quando
666 2353 725 2402 ab
768 2355 838 2402 eis
879 2356 1070 2402 veniam
1108 2360 1299 2420 petunt,
1339 2354 1424 2417 qui
1463 2368 1549 2401 eos
1586 2358 1789 2417 peccato

102 2427 446 2491 qualicumque
478 2428 742 2493 laeserunt,
783 2443 842 2476 ex
880 2427 1028 2476 corde
1069 2427 1330 2476 dimittant.
1408 2425 1530 2474 Cum
1570 2426 1629 2474 ad
1667 2425 1788 2474 haec
1820 2435 1877 2474 30

102 2502 263 2558 omnia
301 2500 402 2549 Deo
442 2501 652 2550 donante
693 2501 1024 2567 respondem,
1063 2500 1188 2550 liber
1226 2503 1319 2549 iste
1360 2499 1659 2548 claudendus
1700 2505 1788 2547 est.

99 2686 151 2729 lb
201 2629 265 2730 lig)
296 2628 385 2672 Iao.
425 2633 472 2684 2,
517 2633 585 2672 13.
651 2630 721 2684 10)
765 2628 845 2672 Mt.
889 2633 968 2683 25,
1008 2632 1064 2671 34
1105 2642 1202 2682 sqq.
1269 2628 1339 2681 13)
1379 2625 1445 2669 Ib.
1489 2631 1534 2682 6,
1581 2630 1649 2670 12.
1717 2627 1787 2680 19)

157 2722 164 2731 .
291 2701 354 2742 sq.
1611 2701 1613 2705 ·

180 2853 245 2950 'bl
278 2847 393 2892 facit
429 2848 642 2904 R¹Af¹9;
680 2849 757 2893 sed
788 2848 843 2903 cf.
877 2862 911 2892 c.
946 2852 1009 2893 27
1039 2849 1105 2891 in.
1138 2851 1178 2891 et
1208 2849 1319 2892 med.
1366 2849 1381 2904 ΙΙ
1426 2846 1539 2891 fecit
1569 2845 1688 2899 RA,·
1721 2846 1784 2889 fe-

100 2919 193 2950 cen
246 2920 271 2951 v
