<?xml version="1.0" encoding="UTF-8"?>
<!DOCTYPE html PUBLIC "-//W3C//DTD XHTML 1.0 Transitional//EN"
    "http://www.w3.org/TR/xhtml1/DTD/xhtml1-transitional.dtd">
<html xmlns="http://www.w3.org/1999/xhtml" xml:lang="en" lang="en">
 <head>
  <title>
</title>
<meta http-equiv="Content-Type" content="text/html;charset=utf-8" />
  <meta name='ocr-system' content='tesseract 3.04.00' />
  <meta name='ocr-capabilities' content='ocr_page ocr_carea ocr_par ocr_line ocrx_word'/>
</head>
<body>
  <div class='ocr_page' id='page_1' title='image "./decivitatedeilib02auguuoft_0013.png"; bbox 0 0 2038 3146; ppageno 0'>
   <div class='ocr_carea' id='block_1_1' title="bbox 589 171 1834 223">
    <p class='ocr_par' dir='ltr' id='par_1_1' title="bbox 589 171 1834 223">
     <span class='ocr_line' id='line_1_1' title="bbox 589 171 1834 223; baseline 0 -10"><span class='ocrx_word' id='word_1_1' title='bbox 589 182 656 213; x_wconf 80' lang='lat' dir='ltr'>DE</span> <span class='ocrx_word' id='word_1_2' title='bbox 682 180 922 214; x_wconf 77' lang='lat' dir='ltr'>CIVITATE</span> <span class='ocrx_word' id='word_1_3' title='bbox 946 182 1035 213; x_wconf 88' lang='lat' dir='ltr'>DEI</span> <span class='ocrx_word' id='word_1_4' title='bbox 1059 182 1100 213; x_wconf 82' lang='lat' dir='ltr'>L.</span> <span class='ocrx_word' id='word_1_5' title='bbox 1124 182 1228 213; x_wconf 77' lang='lat' dir='ltr'><strong>xlv.</strong></span> <span class='ocrx_word' id='word_1_6' title='bbox 1253 182 1289 215; x_wconf 82' lang='lat' dir='ltr'>C.</span> <span class='ocrx_word' id='word_1_7' title='bbox 1314 184 1344 215; x_wconf 86' lang='lat'>3.</span> <span class='ocrx_word' id='word_1_8' title='bbox 1369 184 1400 214; x_wconf 86' lang='lat'>4.</span> <span class='ocrx_word' id='word_1_9' title='bbox 1801 171 1834 223; x_wconf 80' lang='grc'>9</span> 
     </span>
    </p>
   </div>
   <div class='ocr_carea' id='block_1_2' title="bbox 154 292 1837 505">
    <p class='ocr_par' dir='ltr' id='par_1_2' title="bbox 154 292 1837 505">
     <span class='ocr_line' id='line_1_2' title="bbox 156 292 1837 359; baseline 0.001 -18"><span class='ocrx_word' id='word_1_10' title='bbox 156 295 240 357; x_wconf 91' lang='lat' dir='ltr'>qui</span> <span class='ocrx_word' id='word_1_11' title='bbox 279 308 378 342; x_wconf 91' lang='lat' dir='ltr'>non</span> <span class='ocrx_word' id='word_1_12' title='bbox 419 293 576 342; x_wconf 89' lang='lat' dir='ltr'>solum</span> <span class='ocrx_word' id='word_1_13' title='bbox 615 292 845 359; x_wconf 75' lang='lat' dir='ltr'>mendaX,</span> <span class='ocrx_word' id='word_1_14' title='bbox 894 308 1066 342; x_wconf 91' lang='lat' dir='ltr'>verum</span> <span class='ocrx_word' id='word_1_15' title='bbox 1106 295 1250 342; x_wconf 84' lang='lat' dir='ltr'>etiam</span> <span class='ocrx_word' id='word_1_16' title='bbox 1290 294 1531 343; x_wconf 86' lang='lat' dir='ltr'>mendacii</span> <span class='ocrx_word' id='word_1_17' title='bbox 1568 301 1708 358; x_wconf 86' lang='lat' dir='ltr'>pater</span> <span class='ocrx_word' id='word_1_18' title='bbox 1748 301 1837 344; x_wconf 90' lang='lat' dir='ltr'>est.</span> 
     </span>
     <span class='ocr_line' id='line_1_3' title="bbox 154 366 1837 433; baseline 0.001 -18"><span class='ocrx_word' id='word_1_19' title='bbox 154 366 350 415; x_wconf 86' lang='lat' dir='ltr'><strong>Primus</strong></span> <span class='ocrx_word' id='word_1_20' title='bbox 391 374 466 415; x_wconf 87' lang='lat' dir='ltr'>est</span> <span class='ocrx_word' id='word_1_21' title='bbox 504 368 685 431; x_wconf 80' lang='lat' dir='ltr'>quippe</span> <span class='ocrx_word' id='word_1_22' title='bbox 737 368 996 433; x_wconf 66' lang='lat' dir='ltr'>mentium,</span> <span class='ocrx_word' id='word_1_23' title='bbox 1042 374 1092 416; x_wconf 90' lang='lat' dir='ltr'>et</span> <span class='ocrx_word' id='word_1_24' title='bbox 1130 383 1156 415; x_wconf 89' lang='lat' dir='ltr'>a</span> <span class='ocrx_word' id='word_1_25' title='bbox 1197 383 1292 432; x_wconf 92' lang='lat' dir='ltr'>quo</span> <span class='ocrx_word' id='word_1_26' title='bbox 1332 375 1610 433; x_wconf 84' lang='lat' dir='ltr'>peccatum,</span> <span class='ocrx_word' id='word_1_27' title='bbox 1658 368 1716 416; x_wconf 88' lang='lat' dir='ltr'>ab</span> <span class='ocrx_word' id='word_1_28' title='bbox 1755 368 1837 416; x_wconf 93' lang='lat' dir='ltr'>illo</span> 
     </span>
     <span class='ocr_line' id='line_1_4' title="bbox 155 440 829 505; baseline 0.001 -17"><span class='ocrx_word' id='word_1_29' title='bbox 155 441 318 505; x_wconf 90' lang='lat' dir='ltr'>coepit</span> <span class='ocrx_word' id='word_1_30' title='bbox 358 454 466 489; x_wconf 87' lang='lat' dir='ltr'>esse</span> <span class='ocrx_word' id='word_1_31' title='bbox 506 440 829 489; x_wconf 81' lang='lat' dir='ltr'><strong>mendacium.</strong></span> 
     </span>
    </p>
   </div>
   <div class='ocr_carea' id='block_1_3' title="bbox 834 597 1162 652">
    <p class='ocr_par' dir='ltr' id='par_1_3' title="bbox 834 597 1162 652">
     <span class='ocr_line' id='line_1_5' title="bbox 834 597 1162 652; baseline -0.003 0"><span class='ocrx_word' id='word_1_32' title='bbox 834 597 1028 652; x_wconf 84' lang='lat' dir='ltr'>CAPUT</span> <span class='ocrx_word' id='word_1_33' title='bbox 1068 597 1162 651; x_wconf 90' lang='lat' dir='ltr'>IV.</span> 
     </span>
    </p>
   </div>
   <div class='ocr_carea' id='block_1_4' title="bbox 236 706 1764 828">
    <p class='ocr_par' dir='ltr' id='par_1_4' title="bbox 236 706 1764 828">
     <span class='ocr_line' id='line_1_6' title="bbox 236 706 1764 766; baseline 0.001 -12"><span class='ocrx_word' id='word_1_34' title='bbox 236 706 370 765; x_wconf 72' lang='lat' dir='ltr'>Quid</span> <span class='ocrx_word' id='word_1_35' title='bbox 404 708 470 754; x_wconf 75' lang='lat' dir='ltr'>sit</span> <span class='ocrx_word' id='word_1_36' title='bbox 507 707 783 755; x_wconf 80' lang='lat' dir='ltr'>secundum</span> <span class='ocrx_word' id='word_1_37' title='bbox 823 707 1084 766; x_wconf 80' lang='lat' dir='ltr'>hominem,</span> <span class='ocrx_word' id='word_1_38' title='bbox 1125 707 1250 766; x_wconf 77' lang='lat' dir='ltr'>quid</span> <span class='ocrx_word' id='word_1_39' title='bbox 1285 711 1451 755; x_wconf 81' lang='lat' dir='ltr'>autem</span> <span class='ocrx_word' id='word_1_40' title='bbox 1489 709 1764 756; x_wconf 79' lang='lat' dir='ltr'>secundum</span> 
     </span>
     <span class='ocr_line' id='line_1_7' title="bbox 804 780 1184 828; baseline 0 0"><span class='ocrx_word' id='word_1_41' title='bbox 804 780 964 828; x_wconf 84' lang='lat' dir='ltr'>Deum</span> <span class='ocrx_word' id='word_1_42' title='bbox 1002 781 1184 828; x_wconf 77' lang='lat' dir='ltr'>vivere.</span> 
     </span>
    </p>
   </div>
   <div class='ocr_carea' id='block_1_5' title="bbox 152 881 1844 2550">
    <p class='ocr_par' dir='ltr' id='par_1_5' title="bbox 152 881 1844 2550">
     <span class='ocr_line' id='line_1_8' title="bbox 302 881 1837 949; baseline 0.001 -19"><span class='ocrx_word' id='word_1_43' title='bbox 302 881 425 931; x_wconf 90' lang='lat' dir='ltr'>Cum</span> <span class='ocrx_word' id='word_1_44' title='bbox 472 897 589 946; x_wconf 85' lang='lat' dir='ltr'>ergo</span> <span class='ocrx_word' id='word_1_45' title='bbox 636 884 754 931; x_wconf 88' lang='lat' dir='ltr'>vivit</span> <span class='ocrx_word' id='word_1_46' title='bbox 799 882 946 931; x_wconf 92' lang='lat' dir='ltr'>homo</span> <span class='ocrx_word' id='word_1_47' title='bbox 994 881 1267 932; x_wconf 88' lang='lat' dir='ltr'>secundum</span> <span class='ocrx_word' id='word_1_48' title='bbox 1306 881 1578 949; x_wconf 86' lang='lat' dir='ltr'>hominem,</span> <span class='ocrx_word' id='word_1_49' title='bbox 1624 898 1723 932; x_wconf 92' lang='lat' dir='ltr'>non</span> <span class='ocrx_word' id='word_1_50' title='bbox 1764 899 1837 932; x_wconf 88' lang='lat' dir='ltr'>se·</span> 
     </span>
     <span class='ocr_line' id='line_1_9' title="bbox 152 954 1837 1021; baseline 0.001 -17"><span class='ocrx_word' id='word_1_51' title='bbox 152 955 370 1005; x_wconf 91' lang='lat' dir='ltr'>cundum</span> <span class='ocrx_word' id='word_1_52' title='bbox 415 954 598 1021; x_wconf 86' lang='lat' dir='ltr'>Deum,</span> <span class='ocrx_word' id='word_1_53' title='bbox 650 955 822 1004; x_wconf 89' lang='lat' dir='ltr'>similis</span> <span class='ocrx_word' id='word_1_54' title='bbox 872 962 949 1005; x_wconf 88' lang='lat' dir='ltr'>est</span> <span class='ocrx_word' id='word_1_55' title='bbox 994 955 1208 1021; x_wconf 81' lang='lat' dir='ltr'>diabolo;</span> <span class='ocrx_word' id='word_1_56' title='bbox 1264 957 1378 1020; x_wconf 88' lang='lat' dir='ltr'>quia</span> <span class='ocrx_word' id='word_1_57' title='bbox 1417 971 1509 1005; x_wconf 92' lang='lat' dir='ltr'>nec</span> <span class='ocrx_word' id='word_1_58' title='bbox 1550 956 1720 1021; x_wconf 88' lang='lat' dir='ltr'>angelo</span> <span class='ocrx_word' id='word_1_59' title='bbox 1760 972 1837 1006; x_wconf 88' lang='lat' dir='ltr'>se—</span> 
     </span>
     <span class='ocr_line' id='line_1_10' title="bbox 152 1028 1839 1096; baseline 0 -17"><span class='ocrx_word' id='word_1_60' title='bbox 152 1028 370 1079; x_wconf 91' lang='lat' dir='ltr'>cundum</span> <span class='ocrx_word' id='word_1_61' title='bbox 410 1028 660 1095; x_wconf 83' lang='lat' dir='ltr'>angelum,</span> <span class='ocrx_word' id='word_1_62' title='bbox 701 1029 787 1078; x_wconf 87' lang='lat' dir='ltr'>sed</span> <span class='ocrx_word' id='word_1_63' title='bbox 828 1029 1102 1078; x_wconf 88' lang='lat' dir='ltr'>secundum</span> <span class='ocrx_word' id='word_1_64' title='bbox 1141 1028 1298 1078; x_wconf 91' lang='lat' dir='ltr'>Deum</span> <span class='ocrx_word' id='word_1_65' title='bbox 1337 1030 1598 1079; x_wconf 86' lang='lat' dir='ltr'>vivendum</span> <span class='ocrx_word' id='word_1_66' title='bbox 1636 1031 1743 1096; x_wconf 89' lang='lat' dir='ltr'>fuit,</span> <span class='ocrx_word' id='word_1_67' title='bbox 1782 1037 1839 1079; x_wconf 93' lang='lat' dir='ltr'>ut</span> 
     </span>
     <span class='ocr_line' id='line_1_11' title="bbox 153 1102 1838 1168; baseline 0 -16"><span class='ocrx_word' id='word_1_68' title='bbox 153 1109 307 1152; x_wconf 87' lang='lat' dir='ltr'>staret</span> <span class='ocrx_word' id='word_1_69' title='bbox 336 1104 388 1151; x_wconf 92' lang='lat' dir='ltr'>in</span> <span class='ocrx_word' id='word_1_70' title='bbox 419 1104 624 1152; x_wconf 86' lang='lat' dir='ltr'>veritate</span> <span class='ocrx_word' id='word_1_71' title='bbox 665 1109 716 1152; x_wconf 91' lang='lat' dir='ltr'>et</span> <span class='ocrx_word' id='word_1_72' title='bbox 753 1105 1012 1152; x_wconf 84' lang='lat' dir='ltr'>veritatem</span> <span class='ocrx_word' id='word_1_73' title='bbox 1050 1102 1110 1151; x_wconf 91' lang='lat' dir='ltr'>de</span> <span class='ocrx_word' id='word_1_74' title='bbox 1150 1102 1296 1168; x_wconf 86' lang='lat' dir='ltr'>illius,</span> <span class='ocrx_word' id='word_1_75' title='bbox 1335 1118 1434 1152; x_wconf 92' lang='lat' dir='ltr'>non</span> <span class='ocrx_word' id='word_1_76' title='bbox 1474 1103 1534 1152; x_wconf 92' lang='lat' dir='ltr'>de</span> <span class='ocrx_word' id='word_1_77' title='bbox 1575 1119 1664 1152; x_wconf 85' lang='lat' dir='ltr'>suo</span> <span class='ocrx_word' id='word_1_78' title='bbox 1704 1119 1838 1152; x_wconf 90' lang='lat' dir='ltr'>men·</span> 
     </span>
     <span class='ocr_line' id='line_1_12' title="bbox 152 1175 1839 1240; baseline 0.001 -15"><span class='ocrx_word' id='word_1_79' title='bbox 152 1176 346 1225; x_wconf 90' lang='lat' dir='ltr'>dacium</span> <span class='ocrx_word' id='word_1_80' title='bbox 399 1175 702 1240; x_wconf 88' lang='lat' dir='ltr'>loqueretur.</span> <span class='ocrx_word' id='word_1_81' title='bbox 778 1176 901 1225; x_wconf 91' lang='lat' dir='ltr'>Nam</span> <span class='ocrx_word' id='word_1_82' title='bbox 956 1182 1006 1224; x_wconf 89' lang='lat' dir='ltr'>et</span> <span class='ocrx_word' id='word_1_83' title='bbox 1059 1176 1119 1225; x_wconf 92' lang='lat' dir='ltr'>de</span> <span class='ocrx_word' id='word_1_84' title='bbox 1166 1176 1362 1225; x_wconf 91' lang='lat' dir='ltr'>homine</span> <span class='ocrx_word' id='word_1_85' title='bbox 1410 1175 1502 1225; x_wconf 93' lang='lat' dir='ltr'>alio</span> <span class='ocrx_word' id='word_1_86' title='bbox 1551 1176 1658 1226; x_wconf 91' lang='lat' dir='ltr'>loco</span> <span class='ocrx_word' id='word_1_87' title='bbox 1709 1178 1839 1226; x_wconf 89' lang='lat' dir='ltr'>idem</span> 
     </span>
     <span class='ocr_line' id='line_1_13' title="bbox 152 1249 1837 1315; baseline 0.001 -17"><span class='ocrx_word' id='word_1_88' title='bbox 152 1249 403 1315; x_wconf 87' lang='lat' dir='ltr'>apostolus</span> <span class='ocrx_word' id='word_1_89' title='bbox 458 1251 546 1299; x_wconf 91' lang='lat' dir='ltr'>ait:</span> <span class='ocrx_word' id='word_1_90' title='bbox 601 1251 659 1299; x_wconf 78' lang='lat' dir='ltr'>Sz·</span> <span class='ocrx_word' id='word_1_91' title='bbox 711 1256 879 1299; x_wconf 81' lang='lat' dir='ltr'>autem</span> <span class='ocrx_word' id='word_1_92' title='bbox 933 1252 1123 1299; x_wconf 76' lang='lat' dir='ltr'>veritas</span> <span class='ocrx_word' id='word_1_93' title='bbox 1170 1251 1269 1298; x_wconf 77' lang='lat' dir='ltr'>Dei</span> <span class='ocrx_word' id='word_1_94' title='bbox 1320 1253 1374 1298; x_wconf 78' lang='lat' dir='ltr'>in</span> <span class='ocrx_word' id='word_1_95' title='bbox 1418 1264 1526 1299; x_wconf 83' lang='lat' dir='ltr'>meo</span> <span class='ocrx_word' id='word_1_96' title='bbox 1573 1253 1837 1300; x_wconf 79' lang='lat' dir='ltr'>mendacio</span> 
     </span>
     <span class='ocr_line' id='line_1_14' title="bbox 153 1322 1836 1389; baseline -0.001 -16"><span class='ocrx_word' id='word_1_97' title='bbox 153 1325 444 1374; x_wconf 79' lang='lat' dir='ltr'>abundavit.</span> <span class='ocrx_word' id='word_1_98' title='bbox 535 1322 773 1373; x_wconf 89' lang='lat' dir='ltr'>Nostrum</span> <span class='ocrx_word' id='word_1_99' title='bbox 834 1323 956 1372; x_wconf 86' lang='lat' dir='ltr'>dixit</span> <span class='ocrx_word' id='word_1_100' title='bbox 1014 1322 1355 1389; x_wconf 81' lang='lat' dir='ltr'>mendacium,</span> <span class='ocrx_word' id='word_1_101' title='bbox 1417 1325 1675 1373; x_wconf 88' lang='lat' dir='ltr'>veritatem</span> <span class='ocrx_word' id='word_1_102' title='bbox 1735 1324 1836 1373; x_wconf 89' lang='lat' dir='ltr'>Dei.</span> 
     </span>
     <span class='ocr_line' id='line_1_15' title="bbox 153 1397 1838 1462; baseline 0 -16"><span class='ocrx_word' id='word_1_103' title='bbox 153 1397 278 1447; x_wconf 88' lang='lat' dir='ltr'>Cum</span> <span class='ocrx_word' id='word_1_104' title='bbox 331 1399 496 1462; x_wconf 91' lang='lat' dir='ltr'>itaque</span> <span class='ocrx_word' id='word_1_105' title='bbox 551 1398 669 1447; x_wconf 86' lang='lat' dir='ltr'>vivit</span> <span class='ocrx_word' id='word_1_106' title='bbox 721 1397 868 1446; x_wconf 92' lang='lat' dir='ltr'>homo</span> <span class='ocrx_word' id='word_1_107' title='bbox 917 1397 1192 1446; x_wconf 91' lang='lat' dir='ltr'>secundum</span> <span class='ocrx_word' id='word_1_108' title='bbox 1241 1398 1520 1458; x_wconf 88' lang='lat' dir='ltr'>veritatem,</span> <span class='ocrx_word' id='word_1_109' title='bbox 1575 1413 1674 1446; x_wconf 92' lang='lat' dir='ltr'>non</span> <span class='ocrx_word' id='word_1_110' title='bbox 1721 1399 1838 1446; x_wconf 86' lang='lat' dir='ltr'>vivit</span> 
     </span>
     <span class='ocr_line' id='line_1_16' title="bbox 153 1470 1839 1537; baseline 0 -17"><span class='ocrx_word' id='word_1_111' title='bbox 153 1470 427 1521; x_wconf 90' lang='lat' dir='ltr'>secundum</span> <span class='ocrx_word' id='word_1_112' title='bbox 460 1486 512 1520; x_wconf 90' lang='lat' dir='ltr'>se</span> <span class='ocrx_word' id='word_1_113' title='bbox 544 1473 724 1537; x_wconf 85' lang='lat' dir='ltr'>ipsum,</span> <span class='ocrx_word' id='word_1_114' title='bbox 763 1471 849 1521; x_wconf 88' lang='lat' dir='ltr'>sed</span> <span class='ocrx_word' id='word_1_115' title='bbox 883 1470 1157 1520; x_wconf 87' lang='lat' dir='ltr'>secundum</span> <span class='ocrx_word' id='word_1_116' title='bbox 1187 1470 1358 1520; x_wconf 89' lang='lat' dir='ltr'>Deum.</span> <span class='ocrx_word' id='word_1_117' title='bbox 1434 1470 1568 1520; x_wconf 88' lang='lat' dir='ltr'>Deus</span> <span class='ocrx_word' id='word_1_118' title='bbox 1600 1479 1676 1520; x_wconf 90' lang='lat' dir='ltr'>est</span> <span class='ocrx_word' id='word_1_119' title='bbox 1707 1473 1839 1520; x_wconf 90' lang='lat' dir='ltr'>enim</span> 
     </span>
     <span class='ocr_line' id='line_1_17' title="bbox 153 1543 1839 1610; baseline 0 -16"><span class='ocrx_word' id='word_1_120' title='bbox 153 1547 238 1610; x_wconf 91' lang='lat' dir='ltr'>qui</span> <span class='ocrx_word' id='word_1_121' title='bbox 284 1544 428 1594; x_wconf 86' lang='lat' dir='ltr'>dixit:</span> <span class='ocrx_word' id='word_1_122' title='bbox 483 1546 592 1606; x_wconf 70' lang='lat' dir='ltr'>qu</span> <span class='ocrx_word' id='word_1_123' title='bbox 638 1560 747 1594; x_wconf 83' lang='lat' dir='ltr'>sum</span> <span class='ocrx_word' id='word_1_124' title='bbox 795 1548 996 1594; x_wconf 77' lang='lat' dir='ltr'>veritas.</span> <span class='ocrx_word' id='word_1_125' title='bbox 1075 1543 1198 1594; x_wconf 88' lang='lat' dir='ltr'>Cum</span> <span class='ocrx_word' id='word_1_126' title='bbox 1244 1560 1361 1593; x_wconf 85' lang='lat' dir='ltr'>vero</span> <span class='ocrx_word' id='word_1_127' title='bbox 1411 1546 1528 1593; x_wconf 91' lang='lat' dir='ltr'>vivit</span> <span class='ocrx_word' id='word_1_128' title='bbox 1567 1545 1839 1595; x_wconf 90' lang='lat' dir='ltr'>secundum</span> 
     </span>
     <span class='ocr_line' id='line_1_18' title="bbox 154 1618 1840 1685; baseline 0 -18"><span class='ocrx_word' id='word_1_129' title='bbox 154 1634 206 1667; x_wconf 87' lang='lat' dir='ltr'>se</span> <span class='ocrx_word' id='word_1_130' title='bbox 261 1620 447 1685; x_wconf 87' lang='lat' dir='ltr'>ipsum,</span> <span class='ocrx_word' id='word_1_131' title='bbox 500 1618 594 1668; x_wconf 91' lang='lat' dir='ltr'>hoc</span> <span class='ocrx_word' id='word_1_132' title='bbox 649 1625 724 1668; x_wconf 89' lang='lat' dir='ltr'>est</span> <span class='ocrx_word' id='word_1_133' title='bbox 772 1619 1056 1668; x_wconf 89' lang='lat' dir='ltr'>secundum·</span> <span class='ocrx_word' id='word_1_134' title='bbox 1091 1618 1364 1684; x_wconf 88' lang='lat' dir='ltr'>hominem,</span> <span class='ocrx_word' id='word_1_135' title='bbox 1418 1633 1518 1666; x_wconf 92' lang='lat' dir='ltr'>non</span> <span class='ocrx_word' id='word_1_136' title='bbox 1566 1618 1840 1668; x_wconf 89' lang='lat' dir='ltr'>secundum</span> 
     </span>
     <span class='ocr_line' id='line_1_19' title="bbox 153 1691 1840 1758; baseline -0.001 -17"><span class='ocrx_word' id='word_1_137' title='bbox 153 1692 336 1758; x_wconf 87' lang='lat' dir='ltr'>Deum,</span> <span class='ocrx_word' id='word_1_138' title='bbox 388 1693 612 1757; x_wconf 85' lang='lat' dir='ltr'>profecto</span> <span class='ocrx_word' id='word_1_139' title='bbox 677 1693 949 1742; x_wconf 90' lang='lat' dir='ltr'>secundum</span> <span class='ocrx_word' id='word_1_140' title='bbox 1011 1691 1322 1741; x_wconf 83' lang='lat' dir='ltr'>mendacium</span> <span class='ocrx_word' id='word_1_141' title='bbox 1375 1693 1513 1757; x_wconf 80' lang='lat' dir='ltr'>vivit3</span> <span class='ocrx_word' id='word_1_142' title='bbox 1574 1708 1672 1741; x_wconf 93' lang='lat' dir='ltr'>non</span> <span class='ocrx_word' id='word_1_143' title='bbox 1726 1694 1840 1757; x_wconf 88' lang='lat' dir='ltr'>quia</span> 
     </span>
     <span class='ocr_line' id='line_1_20' title="bbox 153 1766 1840 1832; baseline 0 -18"><span class='ocrx_word' id='word_1_144' title='bbox 153 1766 300 1814; x_wconf 91' lang='lat' dir='ltr'>homo</span> <span class='ocrx_word' id='word_1_145' title='bbox 333 1767 439 1830; x_wconf 89' lang='lat' dir='ltr'>ipse</span> <span class='ocrx_word' id='word_1_146' title='bbox 471 1766 782 1815; x_wconf 88' lang='lat' dir='ltr'>mendacium</span> <span class='ocrx_word' id='word_1_147' title='bbox 815 1773 904 1832; x_wconf 85' lang='lat' dir='ltr'>est,</span> <span class='ocrx_word' id='word_1_148' title='bbox 944 1781 1058 1814; x_wconf 90' lang='lat' dir='ltr'>cum</span> <span class='ocrx_word' id='word_1_149' title='bbox 1097 1767 1161 1814; x_wconf 90' lang='lat' dir='ltr'>sit</span> <span class='ocrx_word' id='word_1_150' title='bbox 1200 1767 1307 1814; x_wconf 90' lang='lat' dir='ltr'>eius</span> <span class='ocrx_word' id='word_1_151' title='bbox 1346 1772 1518 1814; x_wconf 87' lang='lat' dir='ltr'>auctor</span> <span class='ocrx_word' id='word_1_152' title='bbox 1558 1773 1605 1815; x_wconf 91' lang='lat' dir='ltr'>et</span> <span class='ocrx_word' id='word_1_153' title='bbox 1647 1772 1840 1815; x_wconf 89' lang='lat' dir='ltr'>creator</span> 
     </span>
     <span class='ocr_line' id='line_1_21' title="bbox 154 1838 1840 1906; baseline 0.001 -18"><span class='ocrx_word' id='word_1_154' title='bbox 154 1838 301 1906; x_wconf 71' lang='lat' dir='ltr'>Dotis,</span> <span class='ocrx_word' id='word_1_155' title='bbox 342 1840 427 1903; x_wconf 89' lang='lat' dir='ltr'>qui</span> <span class='ocrx_word' id='word_1_156' title='bbox 458 1854 558 1887; x_wconf 92' lang='lat' dir='ltr'>non</span> <span class='ocrx_word' id='word_1_157' title='bbox 591 1845 666 1888; x_wconf 88' lang='lat' dir='ltr'>est</span> <span class='ocrx_word' id='word_1_158' title='bbox 704 1840 875 1903; x_wconf 89' lang='lat' dir='ltr'>utique</span> <span class='ocrx_word' id='word_1_159' title='bbox 916 1846 1088 1888; x_wconf 87' lang='lat' dir='ltr'>auctor</span> <span class='ocrx_word' id='word_1_160' title='bbox 1127 1845 1419 1902; x_wconf 86' lang='lat' dir='ltr'>creatorque</span> <span class='ocrx_word' id='word_1_161' title='bbox 1458 1839 1715 1906; x_wconf 88' lang='lat' dir='ltr'>mendacii,</span> <span class='ocrx_word' id='word_1_162' title='bbox 1754 1839 1840 1889; x_wconf 89' lang='lat' dir='ltr'>sed</span> 
     </span>
     <span class='ocr_line' id='line_1_22' title="bbox 154 1911 1838 1978; baseline 0.001 -17"><span class='ocrx_word' id='word_1_163' title='bbox 154 1915 269 1977; x_wconf 90' lang='lat' dir='ltr'>quia</span> <span class='ocrx_word' id='word_1_164' title='bbox 321 1911 467 1961; x_wconf 92' lang='lat' dir='ltr'>homo</span> <span class='ocrx_word' id='word_1_165' title='bbox 527 1914 594 1961; x_wconf 88' lang='lat' dir='ltr'>ita</span> <span class='ocrx_word' id='word_1_166' title='bbox 641 1913 800 1961; x_wconf 86' lang='lat' dir='ltr'>factus</span> <span class='ocrx_word' id='word_1_167' title='bbox 853 1919 930 1961; x_wconf 89' lang='lat' dir='ltr'>est</span> <span class='ocrx_word' id='word_1_168' title='bbox 976 1918 1170 1978; x_wconf 77' lang='lat' dir='ltr'>rectus,</span> <span class='ocrx_word' id='word_1_169' title='bbox 1226 1919 1281 1961; x_wconf 91' lang='lat' dir='ltr'>ut</span> <span class='ocrx_word' id='word_1_170' title='bbox 1326 1927 1426 1961; x_wconf 91' lang='lat' dir='ltr'>non</span> <span class='ocrx_word' id='word_1_171' title='bbox 1472 1913 1745 1962; x_wconf 91' lang='lat' dir='ltr'>secundum</span> <span class='ocrx_word' id='word_1_172' title='bbox 1785 1928 1838 1962; x_wconf 92' lang='lat' dir='ltr'>se</span> 
     </span>
     <span class='ocr_line' id='line_1_23' title="bbox 153 1985 1841 2052; baseline -0.001 -17"><span class='ocrx_word' id='word_1_173' title='bbox 153 1988 341 2052; x_wconf 83' lang='lat' dir='ltr'>ipsum,</span> <span class='ocrx_word' id='word_1_174' title='bbox 388 1986 475 2035; x_wconf 90' lang='lat' dir='ltr'>sed</span> <span class='ocrx_word' id='word_1_175' title='bbox 515 1986 789 2035; x_wconf 88' lang='lat' dir='ltr'>secundum</span> <span class='ocrx_word' id='word_1_176' title='bbox 830 2001 965 2052; x_wconf 81' lang='lat' dir='ltr'>eum,</span> <span class='ocrx_word' id='word_1_177' title='bbox 1004 2001 1030 2035; x_wconf 87' lang='lat' dir='ltr'>a</span> <span class='ocrx_word' id='word_1_178' title='bbox 1070 2001 1167 2050; x_wconf 90' lang='lat' dir='ltr'>quo</span> <span class='ocrx_word' id='word_1_179' title='bbox 1208 1986 1366 2035; x_wconf 89' lang='lat' dir='ltr'>factus</span> <span class='ocrx_word' id='word_1_180' title='bbox 1407 1992 1505 2052; x_wconf 89' lang='lat' dir='ltr'>est,</span> <span class='ocrx_word' id='word_1_181' title='bbox 1543 1987 1751 2048; x_wconf 84' lang='lat' dir='ltr'>viveret,</span> <span class='ocrx_word' id='word_1_182' title='bbox 1791 1985 1841 2034; x_wconf 89' lang='lat' dir='ltr'>id</span> 
     </span>
     <span class='ocr_line' id='line_1_24' title="bbox 155 2058 1841 2126; baseline 0 -18"><span class='ocrx_word' id='word_1_183' title='bbox 155 2066 232 2109; x_wconf 89' lang='lat' dir='ltr'>est</span> <span class='ocrx_word' id='word_1_184' title='bbox 268 2058 401 2108; x_wconf 90' lang='lat' dir='ltr'>illius</span> <span class='ocrx_word' id='word_1_185' title='bbox 446 2062 613 2125; x_wconf 87' lang='lat' dir='ltr'>potius</span> <span class='ocrx_word' id='word_1_186' title='bbox 661 2075 809 2126; x_wconf 88' lang='lat' dir='ltr'>quam</span> <span class='ocrx_word' id='word_1_187' title='bbox 859 2075 999 2110; x_wconf 89' lang='lat' dir='ltr'>suam</span> <span class='ocrx_word' id='word_1_188' title='bbox 1049 2060 1235 2109; x_wconf 89' lang='lat' dir='ltr'>faceret</span> <span class='ocrx_word' id='word_1_189' title='bbox 1273 2059 1597 2109; x_wconf 86' lang='lat' dir='ltr'>voluntatem:</span> <span class='ocrx_word' id='word_1_190' title='bbox 1636 2075 1736 2109; x_wconf 91' lang='lat' dir='ltr'>non</span> <span class='ocrx_word' id='word_1_191' title='bbox 1774 2061 1841 2109; x_wconf 90' lang='lat' dir='ltr'>ita</span> 
     </span>
     <span class='ocr_line' id='line_1_25' title="bbox 155 2133 1844 2201; baseline -0.001 -18"><span class='ocrx_word' id='word_1_192' title='bbox 155 2135 343 2201; x_wconf 84' lang='lat' dir='ltr'>vivere,</span> <span class='ocrx_word' id='word_1_193' title='bbox 397 2149 545 2199; x_wconf 90' lang='lat' dir='ltr'>quem</span> <span class='ocrx_word' id='word_1_194' title='bbox 599 2134 658 2183; x_wconf 86' lang='lat' dir='ltr'>ad</span> <span class='ocrx_word' id='word_1_195' title='bbox 706 2135 906 2184; x_wconf 92' lang='lat' dir='ltr'>modum</span> <span class='ocrx_word' id='word_1_196' title='bbox 952 2140 1028 2183; x_wconf 90' lang='lat' dir='ltr'>est</span> <span class='ocrx_word' id='word_1_197' title='bbox 1073 2134 1232 2183; x_wconf 88' lang='lat' dir='ltr'>factus</span> <span class='ocrx_word' id='word_1_198' title='bbox 1278 2140 1335 2182; x_wconf 92' lang='lat' dir='ltr'>ut</span> <span class='ocrx_word' id='word_1_199' title='bbox 1372 2134 1579 2199; x_wconf 83' lang='lat' dir='ltr'>viveret,</span> <span class='ocrx_word' id='word_1_200' title='bbox 1631 2133 1726 2182; x_wconf 93' lang='lat' dir='ltr'>hoc</span> <span class='ocrx_word' id='word_1_201' title='bbox 1766 2139 1844 2182; x_wconf 87' lang='lat' dir='ltr'>est</span> 
     </span>
     <span class='ocr_line' id='line_1_26' title="bbox 155 2207 1840 2272; baseline -0.001 -16"><span class='ocrx_word' id='word_1_202' title='bbox 155 2208 482 2258; x_wconf 88' lang='lat' dir='ltr'>mendacium.</span> <span class='ocrx_word' id='word_1_203' title='bbox 556 2207 737 2258; x_wconf 88' lang='lat' dir='ltr'>Beatus</span> <span class='ocrx_word' id='word_1_204' title='bbox 787 2210 970 2272; x_wconf 90' lang='lat' dir='ltr'>quippe</span> <span class='ocrx_word' id='word_1_205' title='bbox 1016 2207 1120 2256; x_wconf 89' lang='lat' dir='ltr'>vult</span> <span class='ocrx_word' id='word_1_206' title='bbox 1166 2222 1275 2255; x_wconf 90' lang='lat' dir='ltr'>esse</span> <span class='ocrx_word' id='word_1_207' title='bbox 1322 2208 1469 2255; x_wconf 91' lang='lat' dir='ltr'>etiam</span> <span class='ocrx_word' id='word_1_208' title='bbox 1517 2222 1616 2255; x_wconf 91' lang='lat' dir='ltr'>non</span> <span class='ocrx_word' id='word_1_209' title='bbox 1664 2208 1734 2256; x_wconf 89' lang='lat' dir='ltr'>sic</span> <span class='ocrx_word' id='word_1_210' title='bbox 1772 2208 1840 2254; x_wconf 88' lang='lat' dir='ltr'>vi·</span> 
     </span>
     <span class='ocr_line' id='line_1_27' title="bbox 155 2276 1842 2346; baseline -0.001 -17"><span class='ocrx_word' id='word_1_211' title='bbox 155 2281 313 2330; x_wconf 89' lang='lat' dir='ltr'>vendo</span> <span class='ocrx_word' id='word_1_212' title='bbox 345 2288 402 2330; x_wconf 86' lang='lat' dir='ltr'>ut</span> <span class='ocrx_word' id='word_1_213' title='bbox 432 2283 589 2346; x_wconf 88' lang='lat' dir='ltr'>possit</span> <span class='ocrx_word' id='word_1_214' title='bbox 620 2297 744 2331; x_wconf 90' lang='lat' dir='ltr'>esse.</span> <span class='ocrx_word' id='word_1_215' title='bbox 823 2280 951 2339; x_wconf 88' lang='lat' dir='ltr'>Quid</span> <span class='ocrx_word' id='word_1_216' title='bbox 984 2287 1062 2330; x_wconf 91' lang='lat' dir='ltr'>est</span> <span class='ocrx_word' id='word_1_217' title='bbox 1098 2282 1192 2329; x_wconf 91' lang='lat' dir='ltr'>ista</span> <span class='ocrx_word' id='word_1_218' title='bbox 1231 2279 1480 2329; x_wconf 88' lang='lat' dir='ltr'>voluntate</span> <span class='ocrx_word' id='word_1_219' title='bbox 1521 2276 1842 2329; x_wconf 74' lang='lat' dir='ltr'>mendacius?</span> 
     </span>
     <span class='ocr_line' id='line_1_28' title="bbox 155 2353 1840 2418; baseline -0.001 -15"><span class='ocrx_word' id='word_1_220' title='bbox 155 2353 296 2404; x_wconf 92' lang='lat' dir='ltr'>Unde</span> <span class='ocrx_word' id='word_1_221' title='bbox 342 2369 442 2403; x_wconf 91' lang='lat' dir='ltr'>non</span> <span class='ocrx_word' id='word_1_222' title='bbox 488 2355 674 2404; x_wconf 86' lang='lat' dir='ltr'>frustra</span> <span class='ocrx_word' id='word_1_223' title='bbox 721 2353 818 2403; x_wconf 91' lang='lat' dir='ltr'>dici</span> <span class='ocrx_word' id='word_1_224' title='bbox 866 2360 1032 2418; x_wconf 87' lang='lat' dir='ltr'>potest</span> <span class='ocrx_word' id='word_1_225' title='bbox 1070 2369 1214 2402; x_wconf 92' lang='lat' dir='ltr'>omne</span> <span class='ocrx_word' id='word_1_226' title='bbox 1252 2359 1510 2418; x_wconf 89' lang='lat' dir='ltr'>peccatum</span> <span class='ocrx_word' id='word_1_227' title='bbox 1558 2369 1666 2402; x_wconf 88' lang='lat' dir='ltr'>esse</span> <span class='ocrx_word' id='word_1_228' title='bbox 1706 2368 1840 2402; x_wconf 91' lang='lat' dir='ltr'>men·</span> 
     </span>
     <span class='ocr_line' id='line_1_29' title="bbox 157 2425 1839 2492; baseline -0.001 -16"><span class='ocrx_word' id='word_1_229' title='bbox 157 2428 364 2477; x_wconf 91' lang='lat' dir='ltr'>dacium.</span> <span class='ocrx_word' id='word_1_230' title='bbox 440 2427 550 2476; x_wconf 92' lang='lat' dir='ltr'>Non</span> <span class='ocrx_word' id='word_1_231' title='bbox 597 2430 727 2476; x_wconf 90' lang='lat' dir='ltr'>enim</span> <span class='ocrx_word' id='word_1_232' title='bbox 778 2428 834 2476; x_wconf 88' lang='lat' dir='ltr'>fit</span> <span class='ocrx_word' id='word_1_233' title='bbox 878 2434 1137 2492; x_wconf 88' lang='lat' dir='ltr'>peccatum</span> <span class='ocrx_word' id='word_1_234' title='bbox 1183 2428 1281 2476; x_wconf 88' lang='lat' dir='ltr'>nisi</span> <span class='ocrx_word' id='word_1_235' title='bbox 1329 2442 1384 2476; x_wconf 91' lang='lat' dir='ltr'>ea</span> <span class='ocrx_word' id='word_1_236' title='bbox 1423 2425 1695 2492; x_wconf 87' lang='lat' dir='ltr'>voluntate,</span> <span class='ocrx_word' id='word_1_237' title='bbox 1746 2441 1839 2490; x_wconf 89' lang='lat' dir='ltr'>qua</span> 
     </span>
     <span class='ocr_line' id='line_1_30' title="bbox 157 2499 1839 2550; baseline -0.001 0"><span class='ocrx_word' id='word_1_238' title='bbox 157 2501 381 2550; x_wconf 86' lang='lat' dir='ltr'>volumus</span> <span class='ocrx_word' id='word_1_239' title='bbox 412 2507 470 2550; x_wconf 90' lang='lat' dir='ltr'>ut</span> <span class='ocrx_word' id='word_1_240' title='bbox 499 2500 626 2550; x_wconf 88' lang='lat' dir='ltr'>bene</span> <span class='ocrx_word' id='word_1_241' title='bbox 667 2502 731 2550; x_wconf 93' lang='lat' dir='ltr'>sit</span> <span class='ocrx_word' id='word_1_242' title='bbox 767 2499 909 2549; x_wconf 91' lang='lat' dir='ltr'>nobis</span> <span class='ocrx_word' id='word_1_243' title='bbox 947 2500 1024 2549; x_wconf 81' lang='lat' dir='ltr'>vel</span> <span class='ocrx_word' id='word_1_244' title='bbox 1055 2500 1285 2549; x_wconf 86' lang='lat' dir='ltr'>nolumus</span> <span class='ocrx_word' id='word_1_245' title='bbox 1323 2507 1380 2549; x_wconf 93' lang='lat' dir='ltr'>ut</span> <span class='ocrx_word' id='word_1_246' title='bbox 1418 2499 1542 2548; x_wconf 88' lang='lat' dir='ltr'>male</span> <span class='ocrx_word' id='word_1_247' title='bbox 1583 2502 1647 2548; x_wconf 91' lang='lat' dir='ltr'>sit</span> <span class='ocrx_word' id='word_1_248' title='bbox 1684 2499 1839 2549; x_wconf 85' lang='lat' dir='ltr'>nohiS.</span> 
     </span>
    </p>
   </div>
   <div class='ocr_carea' id='block_1_6' title="bbox 1874 1113 1928 1152">
    <p class='ocr_par' dir='ltr' id='par_1_6' title="bbox 1874 1113 1928 1152">
     <span class='ocr_line' id='line_1_31' title="bbox 1874 1113 1928 1152; baseline 0.019 -1"><span class='ocrx_word' id='word_1_249' title='bbox 1874 1113 1928 1152; x_wconf 90' lang='lat'>10</span> 
     </span>
    </p>
   </div>
   <div class='ocr_carea' id='block_1_7' title="bbox 1872 1480 1926 1520">
    <p class='ocr_par' dir='ltr' id='par_1_7' title="bbox 1872 1480 1926 1520">
     <span class='ocr_line' id='line_1_32' title="bbox 1872 1480 1926 1520; baseline 0.019 -1"><span class='ocrx_word' id='word_1_250' title='bbox 1872 1480 1926 1520; x_wconf 86' lang='lat'>15</span> 
     </span>
    </p>
   </div>
   <div class='ocr_carea' id='block_1_8' title="bbox 1874 1849 1928 1889">
    <p class='ocr_par' dir='ltr' id='par_1_8' title="bbox 1874 1849 1928 1889">
     <span class='ocr_line' id='line_1_33' title="bbox 1874 1849 1928 1889; baseline 0.037 -2"><span class='ocrx_word' id='word_1_251' title='bbox 1874 1849 1928 1889; x_wconf 86' lang='lat'>20</span> 
     </span>
    </p>
   </div>
   <div class='ocr_carea' id='block_1_9' title="bbox 1873 2215 1928 2255">
    <p class='ocr_par' dir='ltr' id='par_1_9' title="bbox 1873 2215 1928 2255">
     <span class='ocr_line' id='line_1_34' title="bbox 1873 2215 1928 2255; baseline 0.018 -1"><span class='ocrx_word' id='word_1_252' title='bbox 1873 2215 1928 2255; x_wconf 84' lang='lat'>25</span> 
     </span>
    </p>
   </div>
   <div class='ocr_carea' id='block_1_10' title="bbox 157 2572 1929 2640">
    <p class='ocr_par' dir='ltr' id='par_1_10' title="bbox 157 2572 1929 2640">
     <span class='ocr_line' id='line_1_35' title="bbox 157 2572 1929 2640; baseline -0.002 -17"><span class='ocrx_word' id='word_1_253' title='bbox 157 2573 288 2638; x_wconf 85' lang='lat' dir='ltr'>Ergo</span> <span class='ocrx_word' id='word_1_254' title='bbox 335 2574 646 2623; x_wconf 89' lang='lat' dir='ltr'>mendacium</span> <span class='ocrx_word' id='word_1_255' title='bbox 698 2580 794 2640; x_wconf 86' lang='lat' dir='ltr'>est,</span> <span class='ocrx_word' id='word_1_256' title='bbox 841 2573 995 2639; x_wconf 89' lang='lat' dir='ltr'>quod,</span> <span class='ocrx_word' id='word_1_257' title='bbox 1043 2589 1155 2623; x_wconf 91' lang='lat' dir='ltr'>cum</span> <span class='ocrx_word' id='word_1_258' title='bbox 1202 2574 1285 2622; x_wconf 84' lang='lat' dir='ltr'>fiat</span> <span class='ocrx_word' id='word_1_259' title='bbox 1322 2580 1378 2622; x_wconf 88' lang='lat' dir='ltr'>ut</span> <span class='ocrx_word' id='word_1_260' title='bbox 1415 2572 1540 2622; x_wconf 91' lang='lat' dir='ltr'>bene</span> <span class='ocrx_word' id='word_1_261' title='bbox 1583 2575 1646 2622; x_wconf 90' lang='lat' dir='ltr'>sit</span> <span class='ocrx_word' id='word_1_262' title='bbox 1685 2572 1841 2638; x_wconf 83' lang='lat' dir='ltr'>nohiS‚</span> <span class='ocrx_word' id='word_1_263' title='bbox 1873 2581 1929 2620; x_wconf 87' lang='lat'>30</span> 
     </span>
    </p>
   </div>
   <div class='ocr_carea' id='block_1_11' title="bbox 279 2686 1072 2742">
    <p class='ocr_par' dir='ltr' id='par_1_11' title="bbox 279 2686 1072 2742">
     <span class='ocr_line' id='line_1_36' title="bbox 279 2686 1072 2742; baseline -0.001 -13"><span class='ocrx_word' id='word_1_264' title='bbox 279 2687 350 2742; x_wconf 88' lang='lat'>13)</span> <span class='ocrx_word' id='word_1_265' title='bbox 382 2686 514 2730; x_wconf 86' lang='lat' dir='ltr'>Rom.</span> <span class='ocrx_word' id='word_1_266' title='bbox 547 2691 588 2741; x_wconf 90' lang='lat'>3,</span> <span class='ocrx_word' id='word_1_267' title='bbox 624 2691 663 2730; x_wconf 83' lang='lat'>7.</span> <span class='ocrx_word' id='word_1_268' title='bbox 728 2687 798 2741; x_wconf 89' lang='grc'>16)</span> <span class='ocrx_word' id='word_1_269' title='bbox 830 2686 894 2731; x_wconf 92' lang='grc' dir='ltr'>Ιο.</span> <span class='ocrx_word' id='word_1_270' title='bbox 932 2690 999 2740; x_wconf 83' lang='grc'>14,</span> <span class='ocrx_word' id='word_1_271' title='bbox 1032 2691 1072 2729; x_wconf 88' lang='grc'>6.</span> 
     </span>
    </p>
   </div>
   <div class='ocr_carea' id='block_1_12' title="bbox 161 2845 1838 2959">
    <p class='ocr_par' dir='ltr' id='par_1_12' title="bbox 161 2845 1838 2959">
     <span class='ocr_line' id='line_1_37' title="bbox 279 2845 1838 2902; baseline -0.001 -12"><span class='ocrx_word' id='word_1_272' title='bbox 279 2851 305 2890; x_wconf 85' lang='grc'>5</span> <span class='ocrx_word' id='word_1_273' title='bbox 338 2847 451 2902; x_wconf 86' lang='lat' dir='ltr'>quid</span> <span class='ocrx_word' id='word_1_274' title='bbox 483 2849 639 2891; x_wconf 86' lang='lat' dir='ltr'>autem</span> <span class='ocrx_word' id='word_1_275' title='bbox 681 2847 745 2900; x_wconf 88' lang='lat' dir='ltr'>V;</span> <span class='ocrx_word' id='word_1_276' title='bbox 786 2846 954 2902; x_wconf 86' lang='lat' dir='ltr'>quidve</span> <span class='ocrx_word' id='word_1_277' title='bbox 985 2860 1011 2890; x_wconf 83' lang='lat' dir='ltr'><em>v</em></span> <span class='ocrx_word' id='word_1_278' title='bbox 1050 2848 1066 2902; x_wconf 80' lang='grc' dir='ltr'>ΙΙ</span> <span class='ocrx_word' id='word_1_279' title='bbox 1107 2850 1158 2890; x_wconf 87' lang='grc'>13</span> <span class='ocrx_word' id='word_1_280' title='bbox 1192 2847 1401 2889; x_wconf 77' lang='lat' dir='ltr'>nostrum</span> <span class='ocrx_word' id='word_1_281' title='bbox 1433 2858 1545 2898; x_wconf 82' lang='lat' dir='ltr'>mss,·</span> <span class='ocrx_word' id='word_1_282' title='bbox 1583 2845 1738 2888; x_wconf 87' lang='lat' dir='ltr'>Meum</span> <span class='ocrx_word' id='word_1_283' title='bbox 1768 2858 1795 2888; x_wconf 82' lang='lat' dir='ltr'><em>v</em></span> <span class='ocrx_word' id='word_1_284' title='bbox 1827 2846 1838 2901; x_wconf 77' lang='grc' dir='ltr'>Η</span> 
     </span>
     <span class='ocr_line' id='line_1_38' title="bbox 161 2905 864 2959; baseline 0.001 -10"><span class='ocrx_word' id='word_1_285' title='bbox 161 2911 215 2949; x_wconf 79' lang='grc'>23</span> <span class='ocrx_word' id='word_1_286' title='bbox 247 2919 341 2949; x_wconf 90' lang='lat' dir='ltr'>non</span> <span class='ocrx_word' id='word_1_287' title='bbox 382 2905 496 2959; x_wconf 84' lang='lat' dir='ltr'>VA;</span> <span class='ocrx_word' id='word_1_288' title='bbox 528 2920 621 2950; x_wconf 86' lang='lat' dir='ltr'>non</span> <span class='ocrx_word' id='word_1_289' title='bbox 653 2907 808 2949; x_wconf 74' lang='lat' dir='ltr'>autem</span> <span class='ocrx_word' id='word_1_290' title='bbox 838 2919 864 2950; x_wconf 90' lang='lat' dir='ltr'><strong><em>v</em></strong></span> 
     </span>
    </p>
   </div>
  </div>
 </body>
</html>
