2004 3140
153 967 206 1006 10

151 1334 205 1374 15

149 1703 204 1742 20

149 2261 204 2300 25

152 2628 207 2668 30

238 168 348 221 314
909 177 944 211 s,
968 177 1245 212 AUGUS'HNI

238 291 413 358 Israel,
463 307 584 356 quae
634 307 713 340 res
763 298 925 356 gestas
974 292 1216 358 continet,
1273 293 1332 341 de
1383 292 1563 357 quibus
1603 293 1762 342 eidem
1801 293 1921 342 scri-

237 373 412 431 pturae
446 362 706 415 canonicae
741 365 1004 430 credimuS,
1045 372 1493 416 commemorantur
1532 365 1758 433 plurima,
1797 381 1920 431 quae

238 439 306 488 ibi
339 455 437 488 non
464 439 853 504 explicantur-et
882 440 933 488 in
966 437 1106 487 libris
1138 438 1371 490 dicuntur
1403 439 1509 489 aliis
1540 441 1765 502 inveniri,
1797 455 1922 504 quos

236 513 506 578 prophetae
555 515 884 580 scripserunt,
932 519 981 562 et
1028 511 1206 562 alicubi
1253 528 1426 563 eorum
1474 529 1671 579 quoque
1710 513 1921 579 prophe-

239 594 402 636 tarum
456 589 654 636 nomina
701 602 799 635 non
847 593 1096 653 tacentur3
1152 602 1244 635 nec
1290 594 1455 636 tamen
1501 590 1821 638 inveniuntur
1871 589 1922 636 in

240 675 457 728 canone,
513 677 658 726 quem
713 663 903 726 recepit
956 660 1168 725 populus
1223 659 1324 710 Dei.
1403 660 1554 711 Cuius
1609 663 1704 728 rei,
1753 661 1924 728 fateor,

239 750 384 784 causa
417 750 494 784 me
527 735 660 801 latet,
700 735 796 783 nisi
827 734 958 799 quod
991 736 1216 783 existimo
1257 736 1406 784 etiam
1443 737 1593 802 ipsoS,
1633 734 1812 800 quibus
1853 750 1924 801 ea,

239 823 362 872 quae
402 810 453 857 in
495 810 784 858 auctoritate
833 808 1086 873 religionis
1134 823 1242 857 esse
1282 807 1542 875 deberent,
1590 814 1790 858 sanctus
1829 810 1922 858 uti-

240 896 335 945 que
385 882 599 947 Spiritus
645 881 914 948 revelabat,
963 882 1054 930 alia
1101 884 1230 931 sicut
1275 882 1499 932 homines
1545 882 1780 931 historica
1818 881 1923 930 dili-

239 957 428 1020 gentia,
484 955 575 1005 alia
625 958 754 1005 sicut
807 955 1073 1020 prophetas
1120 957 1441 1020 inspiratione
1497 956 1658 1005 divina
1690 954 1922 1005 scribere

234 1031 479 1096 potuisse,
519 1037 664 1094 atque
704 1029 825 1079 haec
863 1031 932 1079 ita
970 1030 1123 1079 fuisse
1165 1029 1417 1096 distincta,
1465 1037 1520 1079 ut
1559 1029 1638 1079 illa
1675 1034 1924 1094 tamquam

235 1104 370 1170 ipsiS‚
410 1105 500 1153 ista
534 1119 650 1152 vero
682 1110 931 1168 tamquam
963 1102 1063 1152 Deo
1096 1118 1187 1168 per
1216 1105 1350 1168 ipsos
1389 1103 1612 1168 loquenti
1648 1102 1922 1153 iudicaren-

237 1183 320 1225 tur
368 1192 476 1226 esse
524 1177 809 1244 tribuenda,
858 1192 914 1226 ac
962 1178 1032 1226 sic
1080 1177 1160 1226 illa
1198 1178 1509 1241 pertinerent
1548 1177 1609 1227 ad
1647 1176 1924 1227 ubertatem

238 1252 550 1318 cognitioniS‚
588 1251 709 1301 haec
743 1251 802 1300 ad
842 1251 1095 1315 religionis
1135 1246 1492 1318 anctoritatem,
1531 1253 1582 1300 in
1624 1266 1719 1315 qua
1758 1257 1922 1299 aucto·

237 1325 381 1373 ritate
431 1325 710 1374 custoditur
759 1340 938 1391 canon,
984 1331 1181 1389 praeter
1232 1340 1380 1389 quem
1425 1327 1522 1374 iam
1562 1326 1603 1373 si
1643 1339 1739 1388 qua
1778 1325 1925 1373 etiam

237 1397 328 1446 sub
385 1400 582 1447 nomine
640 1409 870 1448 verorum
930 1398 1286 1463 prophetarum
1347 1400 1530 1463 scripta
1583 1399 1924 1463 proferuntur,

235 1486 328 1520 nec
383 1471 443 1520 ad
497 1475 653 1536 ipsam
701 1474 892 1538 copiam
941 1472 1174 1522 scientiae
1231 1471 1413 1534 valent,
1469 1474 1699 1537 quoniam
1753 1479 1925 1520 utrum

236 1559 411 1594 eorum
457 1547 579 1609 sint,
628 1561 840 1610 quorum
888 1560 996 1595 esse
1037 1545 1291 1611 dicuntur,
1345 1547 1592 1595 incertum
1631 1551 1732 1611 est3
1773 1551 1822 1594 et
1861 1543 1922 1592 ob

234 1617 328 1667 hoc
371 1620 441 1668 eis
481 1635 580 1669 non
602 1619 829 1669 rhabetur
876 1619 1021 1684 fideS‚
1069 1621 1275 1668 maxime
1315 1619 1415 1687 his,
1465 1621 1516 1668 in
1557 1618 1737 1684 quibus
1778 1619 1923 1668 etiam

238 1699 407 1742 contra
468 1693 616 1742 fidem
680 1693 920 1743 librorum
977 1694 1328 1742 canonicorum
1385 1693 1622 1758 quaedam
1674 1692 1922 1758 leguntur,

235 1771 439 1831 propter
479 1767 611 1831 quod
652 1782 707 1816 ea
745 1782 954 1832 prorsus
994 1781 1094 1816 non
1134 1762 1259 1816 esse
1284 1773 1488 1832 apparet
1525 1766 1735 1816 illorum.

836 1968 1030 2023 CAPUT
1071 1969 1317 2024 XXXIX.

273 2075 348 2124 De
386 2076 656 2125 Hebraicis
696 2078 902 2136 litterae,
944 2091 1075 2137 quae
1113 2091 1385 2138 numquam
1425 2079 1476 2125 in
1514 2091 1640 2125 suae
1678 2079 1884 2137 linquae

726 2152 1043 2211 proprietate
1081 2164 1180 2199 non
1214 2149 1426 2211 fuerint.

385 2249 494 2298 Non
540 2252 705 2314 itaque
747 2251 1050 2300 credendum
1101 2257 1197 2318 est,
1246 2251 1376 2316 quod
1417 2251 1642 2300 nonnulli
1680 2251 1918 2301 arbitran-
1971 2290 1975 2293 .

236 2329 340 2388 tur,
388 2322 660 2372 Hebraeam
706 2331 898 2373 tantum
945 2324 1159 2389 linguam
1198 2340 1289 2389 per
1327 2325 1485 2391 illum,
1534 2327 1618 2389 qui
1656 2324 1921 2375 vocabatur

236 2395 416 2462 Heber‚
454 2396 586 2446 unde
625 2396 965 2447 Hebraeorum
1003 2397 1295 2447 vocabulum
1336 2405 1431 2465 est,
1473 2399 1625 2447 fuisse
1665 2405 1920 2465 servatam,

237 2475 382 2533 atque
422 2470 535 2519 inde
575 2472 858 2535 pervenisse
899 2471 956 2519 ad
996 2470 1262 2539 Abraham,
1302 2471 1550 2521 Hebraeas
1590 2478 1753 2521 autem
1791 2471 1919 2522 litte-

237 2558 317 2591 ras
351 2542 513 2608 alege
547 2546 785 2611 coepisse,
826 2559 950 2609 quae
991 2544 1102 2594 data
1141 2551 1217 2594 est
1255 2560 1345 2609 per
1375 2545 1591 2611 Moysen,
1631 2544 1717 2594 sed
1757 2546 1919 2610 potius

240 2631 329 2680 per
368 2617 500 2665 illam
547 2619 912 2667 successionem
960 2625 1155 2682 patrum
1196 2625 1514 2667 memoratam
1553 2618 1767 2682 linguam
1809 2633 1922 2668 cum

357 2745 400 2799 5)
436 2749 473 2787 1.
508 2743 672 2790 chron.
706 2749 775 2800 29,
809 2749 884 2798 293
911 2749 951 2788 2.
987 2743 1151 2789 chron.
1186 2750 1225 2800 9,
1259 2750 1327 2790 29.

359 2910 413 2948 16
444 2918 659 2949 uei-orum
690 2919 802 2959 mss,·
834 2907 1043 2950 veterum
1074 2920 1099 2951 v
1123 2908 1138 2962 ΙΙ
1165 2911 1218 2950 19
1252 2906 1394 2951 etiam
1425 2920 1505 2952 om.
1539 2906 1585 2958 R
