2054 3152
615 164 681 196 DE
705 162 943 196 om’rA'rE
966 163 1056 195 Dm
1079 163 1121 195 L.
1145 164 1230 196 xv.
1256 164 1292 196 c.
1319 165 1371 196 ιε.
1766 151 1835 204 93

154 278 319 342 rumpi
370 278 546 325 merito
593 291 701 324 esse
750 276 994 325 nefarium
1031 275 1292 326 iudicatur.
1371 275 1423 325 Si
1463 277 1593 324 enim
1634 283 1709 325 est
1747 277 1837 324 ini-

152 366 309 414 quum
363 349 591 399 aviditate
653 349 939 414 possidendi
1001 349 1280 414 transgredi
1332 350 1538 398 limitem
1592 364 1838 414 agrorum,

150 430 338 488 quanto
379 429 455 472 est
485 424 704 487 iniquius
744 422 945 471 libidine
987 423 1347 472 concumbendi
1387 422 1674 473 subvertere
1714 422 1837 471 limi·

151 504 255 547 tem
293 495 510 546 morum!
572 495 778 562 Experti
817 503 980 546 autem
1021 512 1192 546 sumus
1230 499 1282 545 in
1323 496 1548 546 conubiis
1587 495 1838 545 consobri-

154 586 331 621 narum
377 573 524 620 etiam
571 572 754 619 nostris
799 569 1107 635 temporibus
1153 578 1358 635 propter
1397 570 1602 634 gradum
1640 571 1838 635 propin·
1873 578 1899 618 5

150 646 358 708 quitatis
405 645 623 693 fraterno
673 643 846 709 gradui
891 645 1172 708 proximum
1212 659 1358 708 quam
1398 659 1509 692 raro
1548 659 1638 708 per
1678 659 1841 692 mores

157 718 328 784 fiebat,
382 717 513 782 quod
561 718 669 766 fieri
714 733 805 782 per
850 717 983 782 leges
1029 717 1225 783 licebat,
1281 719 1395 782 quia
1439 717 1488 766 id
1537 733 1628 766 nec
1681 717 1843 765 divina

151 791 410 857 prohibuit
467 798 516 840 et
582 792 800 840 nondum
854 790 1177 856 prohihuerat
1223 791 1302 840 lex
1356 791 1582 840 humana.
1658 790 1842 839 Verum

154 871 321 914 tamen
367 866 552 914 factum
599 867 746 914 etiam
790 865 981 914 licitum
1027 872 1233 930 propter
1272 866 1570 914 vicinitatem
1610 863 1842 913 horreba-

154 946 240 988 tur
286 939 460 988 inliciti
511 946 583 1004 et,
630 939 760 1003 quod
808 938 955 988 fiebat
1007 954 1120 988 cum
1168 938 1485 1005 consobrina,
1531 954 1687 1003 paene
1729 953 1842 987 cum
1876 948 1931 987 10

152 1028 326 1062 sorore
375 1013 483 1062 fieri
530 1012 810 1078 videbatur5
858 1015 971 1077 quia
1018 1020 1067 1061 et
1105 1014 1199 1078 ipsi
1238 1014 1368 1061 inter
1408 1028 1460 1061 se
1500 1018 1704 1077 propter
1744 1019 1843 1060 tam

157 1088 488 1151 propinquam
535 1088 1012 1150 consanguinitatem
1066 1087 1244 1135 fratres
1301 1094 1540 1135 vocantur
1591 1093 1639 1134 et
1687 1101 1843 1151 paene

156 1162 377 1224 germani
432 1166 564 1208 sunt.
648 1159 762 1209 Fuit
818 1166 983 1208 autem
1038 1162 1253 1223 antiquis
1307 1159 1530 1224 patribus
1586 1159 1843 1223 religiosae

156 1247 319 1299 curae,
358 1249 420 1282 ne
460 1235 565 1298 ipsa
604 1234 947 1298 propinquitas
987 1248 1039 1282 se
1077 1232 1312 1298 paulatim
1350 1234 1674 1298 propaginum
1715 1232 1842 1281 ordi-

156 1305 303 1355 nibus
352 1307 589 1356 dirimens
638 1307 830 1371 longius
879 1306 1037 1356 abiret
1091 1314 1140 1356 et
1200 1309 1544 1371 propinquitas
1596 1322 1704 1355 esse
1760 1306 1842 1355 de·
1878 1315 1931 1355 15

156 1381 391 1446 sisteret,
431 1396 538 1429 eam
594 1380 814 1430 nondum
859 1380 1003 1445 longe
1049 1382 1260 1446 positam
1314 1396 1490 1430 rursus
1545 1382 1845 1430 matrimonii

158 1454 352 1503 vinculo
401 1454 646 1518 conligare
711 1462 760 1504 et
814 1455 1024 1518 quodam
1080 1454 1224 1503 modo
1271 1470 1502 1504 revocare
1558 1454 1844 1519 fugientem.

154 1525 295 1576 Unde
350 1529 445 1576 iam
499 1527 646 1592 pleno
693 1528 975 1577 hominibus
1025 1528 1144 1577 orbe
1185 1535 1456 1594 terrarum,
1506 1543 1606 1577 non
1645 1528 1845 1592 quidem

154 1615 356 1650 sorores
396 1617 455 1650 ex
502 1608 642 1666 patre
682 1602 759 1650 vel
797 1608 953 1651 matre
993 1602 1069 1651 vel
1110 1617 1168 1651 ex
1208 1601 1447 1651 ambobus
1487 1604 1590 1651 suis
1629 1603 1842 1666 parenti-

157 1673 251 1723 bus
305 1681 473 1740 nataS,
527 1675 614 1724 sed
667 1683 831 1724 tamen
887 1675 1113 1725 amabant
1168 1676 1228 1724 de
1284 1691 1374 1724 suo
1425 1690 1606 1740 genere
1662 1675 1843 1724 ducere
1878 1687 1934 1726 20

158 1762 355 1796 uxores,
431 1747 615 1797 Verum
648 1751 758 1813 quis
790 1748 983 1798 dubitet
1013 1748 1271 1798 honestius
1302 1749 1396 1797 hoc
1436 1756 1659 1813 tempore
1700 1751 1845 1798 etiam

159 1820 574 1871 consobrinorum
603 1821 851 1886 prohibita
883 1837 992 1871 esse
1032 1819 1294 1886 coniugia?
1333 1837 1431 1870 non
1471 1822 1631 1870 solum
1671 1838 1845 1871 secun-

158 1894 276 1943 dum
316 1910 387 1961 ea,
425 1910 550 1959 quae
590 1895 963 1961 disputavimuS,
1000 1904 1206 1960 propter
1245 1895 1637 1960 multiplicandas
1677 1895 1844 1944 adfini-

159 1974 316 2034 tateS,
367 1984 428 2017 ne
475 1968 653 2018 habeat
699 1969 820 2018 duas
869 1969 1261 2018 necessitudines
1308 1984 1405 2017 una
1451 1984 1685 2034 persona,
1732 1984 1846 2018 cum

159 2041 282 2090 duae
314 2044 506 2106 possint
538 2057 620 2091 eas
651 2042 833 2091 hahere
868 2049 916 2092 et
955 2058 1193 2100 numerus
1232 2044 1614 2107 propinquitatis
1655 2045 1846 2108 augeri3
1878 2052 1934 2092 25

163 2114 248 2162 sed
290 2117 436 2164 etiam
477 2118 590 2180 quia
629 2119 797 2165 nescio
838 2132 936 2180 quo
976 2116 1121 2165 modo
1160 2118 1290 2165 inest
1328 2116 1569 2165 humanae
1609 2131 1845 2165 verecun-

163 2187 270 2237 diae
305 2189 537 2252 quiddam
567 2189 789 2238 naturale
823 2196 984 2254 atque.
1002 2189 1259 2255 laudabile,
1301 2196 1371 2255 ut,
1410 2192 1491 2238 cui
1523 2189 1670 2239 debet
1700 2205 1847 2239 causa

158 2263 541 2326 propinquitatis
564 2263 891 2312 reverendum
916 2263 1170 2329 honorem,
1203 2263 1263 2312 ab
1297 2278 1351 2312 ea
1384 2265 1647 2330 contineat,
1680 2279 1845 2328 quam-

158 2336 231 2383 vis
271 2337 645 2401 generatricem,
682 2343 846 2385 tamen
886 2336 1163 2396 libidinem,
1204 2337 1263 2385 de
1305 2352 1400 2400 qua
1441 2336 1739 2386 erubescere
1779 2339 1845 2385 vi-

159 2409 334 2458 demus
374 2417 423 2458 et
460 2411 617 2474 ipsam
656 2410 942 2474 pudicitiam
983 2410 1303 2475 coniugalem.
1876 2420 1935 2460 30

309 2481 563 2547 Copulatio
611 2485 763 2547 igitur
810 2485 958 2532 maris
1007 2491 1057 2533 et
1103 2484 1335 2549 feminae,
1385 2490 1620 2547 quantum
1661 2484 1847 2532 adtinet

161 2554 220 2603 ad
268 2571 425 2620 genus
471 2556 774 2622 mortalium,
830 2557 1074 2620 quoddam
1122 2559 1442 2606 seminarium
1490 2565 1565 2606 est
1611 2558 1846 2621 civitatis3

161 2627 250 2676 sed
312 2635 511 2678 terrena
579 2632 748 2679 civitas
810 2632 1125 2694 generatione
1192 2630 1557 2695 tantummodo,
1623 2630 1847 2679 caelestis

161 2707 326 2750 autem
365 2704 512 2751 etiam
549 2705 922 2768 regeneratione
963 2719 1087 2768 opus
1125 2703 1294 2770 habet,
1333 2710 1390 2752 ut
1428 2718 1604 2752 noxam
1644 2717 1846 2767 genera-

281 2889 679 2932 28·uerecundum
710 2889 874 2946 R1134
907 2890 1049 2934 etiam
1080 2903 1162 2935 om.
1206 2890 1249 2931 V
