2044 3146
526 143 594 174 DE
617 140 859 175 01v1⁷rA=rE
882 141 973 173 DEI
995 141 1038 173 L.
1061 140 1206 174 xvm.
1232 141 1270 174 c,
1294 143 1325 175 2.
1350 143 1382 176 a.
1687 130 1795 184 259

105 257 388 322 dictionem,
425 254 612 320 Assyrii
644 260 876 318 quartum
907 269 1080 318 regem
1107 253 1373 320 habebant„
1408 254 1625 320 Sicyonii
1655 256 1795 320 quin-

106 337 234 396 tum3
285 329 415 394 apud
467 328 576 378 illos
626 329 757 377 enim
802 327 1039 393 regnabat
1084 327 1215 377 silius
1260 328 1375 377 Nini
1423 336 1541 394 post
1586 335 1798 379 matrem

107 403 506 469 Semiramidem,
560 417 684 466 quae
740 401 800 451 ab
854 401 936 451 illo
990 403 1252 452 interfecta
1305 402 1625 470 perhibetur,
1678 418 1798 452 ausa

106 478 263 529 filium
309 483 467 529 mater
514 478 759 526 incestare
809 475 1090 526 concubitu,
1166 475 1304 525 Hanc
1349 482 1527 542 putant
1571 477 1796 527 nonnulli

109 551 389 618 condidisse
442 549 771 617 Babylonem,
826 565 974 614 quam
1025 549 1229 615 quidem
1285 553 1449 615 potuit
1502 552 1794 601 instaurare.

107 625 313 685 Quando
354 631 519 675 autem
555 624 634 673 vel
673 640 770 689 quo
809 624 955 673 modo
996 624 1193 673 condita
1231 625 1405 691 fuerit,
1443 626 1495 674 in
1536 631 1675 675 sexto
1714 625 1796 674 de-

110 702 237 750 cimo
285 699 412 750 libro
460 699 688 749 diximus
764 697 944 748 Filium
982 713 1133 763 porro
1179 697 1295 748 Nini
1342 705 1393 747 et
1444 698 1794 766 SamiramidiS,

108 776 193 839 qui
238 775 386 823 matri
436 774 677 823 successit
714 774 767 822 in
806 788 1036 839 regnum,
1089 772 1288 837 quidam
1327 774 1475 822 etiam
1511 774 1676 838 ipsum
1714 772 1797 821 Ni-

106 863 249 916 num,
297 847 495 912 quidam
546 862 664 896 vero
704 846 922 896 derivato
964 862 990 896 a
1028 853 1168 912 patre
1208 846 1446 897 vocabulo
1484 846 1676 912 Ninyan
1715 861 1795 895 vo-

106 930 232 972 cant.
311 921 656 986 Sicyoniorum
703 926 868 970 autem
914 936 1123 986 regnum
1170 927 1290 970 tunc
1338 920 1539 971 tenebat
1576 920 1796 971 Telxion.

107 995 215 1054 Quo
255 1001 492 1060 regnante
531 1010 691 1060 usque
732 994 853 1044 adeo
892 994 962 1044 ibi
999 996 1137 1044 mitia
1177 1002 1226 1044 et
1263 995 1390 1044 laeta
1428 1002 1652 1060 tempora
1691 996 1795 1044 fue-

105 1076 238 1136 runt,
276 1076 332 1119 ut
371 1084 488 1123 eum
525 1069 815 1119 defunctum
854 1068 987 1118 velut
1026 1069 1175 1118 deum
1214 1069 1436 1119 colerent
1475 1068 1795 1119 sacrificando

106 1150 156 1193 et
193 1143 336 1193 ludos
377 1142 686 1209 celebrandO,
725 1157 850 1207 quos
890 1144 936 1192 ei
973 1144 1209 1208 primitus
1243 1145 1500 1193 institutos
1539 1143 1720 1193 ferunt.

788 1343 982 1399 CAPUT
1021 1344 1118 1399 III.
1140 1330 1141 1333 ¹

113 1455 302 1513 Quibus
332 1454 668 1515 reynantibus
699 1454 841 1515 apud
869 1452 1105 1515 Assyrios
1145 1459 1296 1514 atque
1336 1454 1601 1517 Sicyonios
1635 1452 1797 1503 Abra-

104 1529 203 1578 hae
248 1530 542 1577 centenario
583 1527 739 1576 Isaac
787 1528 850 1576 de
893 1529 1227 1588 promissione
1264 1530 1332 1577 sit
1368 1533 1539 1589 natuS,
1587 1530 1671 1577 vel‘
1703 1529 1801 1591 ipsi

293 1602 447 1651 Isaac
483 1604 827 1662 sexayenario
867 1602 1007 1650 Esau
1046 1607 1097 1650 et
1134 1602 1290 1651 Iacob
1327 1604 1520 1663 qemini
1552 1604 1620 1651 'de

675 1675 912 1725 Rebecca
950 1677 1053 1724 sint
1090 1677 1225 1725 editi.

253 1778 412 1828 Huius
463 1777 771 1843 temporibus
827 1780 975 1827 etiam
1020 1777 1154 1826 Isaac
1207 1793 1266 1827 ex
1324 1780 1651 1843 promissione
1708 1776 1798 1826 Dei

107 1859 251 1902 natus
302 1859 377 1902 est
425 1853 709 1901 centenario
755 1853 886 1916 patri
932 1851 1061 1900 filius
1107 1851 1329 1901 Abrahae
1378 1853 1437 1901 de
1487 1852 1634 1901 Sarra
1682 1867 1795 1900 con-

106 1929 248 1993 iuge,
302 1941 426 1991 quae
483 1925 665 1975 sterilis
721 1932 770 1974 et
824 1941 947 1974 anus
1001 1927 1097 1974 iam
1153 1941 1292 1991 spem
1344 1925 1498 1991 prolis
1553 1927 1796 1975 amiserat.

107 2000 246 2049 Tunc
311 2006 362 2049 et
414 1999 627 2064 Assyriis
686 2001 889 2064 quintus
952 2006 1058 2048 erat
1119 2015 1208 2048 rex
1262 2000 1451 2051 Arrius.
1526 1999 1627 2066 Ipsi
1680 2014 1797 2048 vero

106 2073 241 2123 Isaac
291 2075 607 2139 sexagenario
647 2075 750 2122 nati
790 2079 906 2122 sunt
944 2074 1149 2141 gemini,
1194 2073 1325 2123 Esau
1365 2081 1414 2123 et
1452 2073 1623 2140 Iacob,
1673 2088 1798 2138 quos

107 2149 152 2198 ei
197 2146 422 2197 Rebecca
467 2163 592 2197 uxor
636 2149 853 2213 peperit,
907 2163 992 2196 avo
1035 2163 1208 2197 eorum
1246 2148 1492 2197 Abraham
1531 2147 1689 2197 adhuc
1728 2148 1796 2195 vi·

105 2228 248 2271 vente
298 2229 348 2272 et
397 2228 596 2271 centum
648 2222 899 2286 sexaginta
938 2222 1110 2270 aetatis
1151 2236 1305 2271 annos
1346 2228 1543 2288 agente,
1590 2223 1675 2286 qui
1716 2236 1795 2270 ex·

105 2295 251 2361 pletis
291 2302 492 2346 centum
530 2297 840 2361 septuaginta
880 2297 1097 2359 quinque
1138 2295 1400 2346 defunctus
1441 2303 1538 2362 est,
1587 2310 1794 2360 regnan-

107 2369 239 2419 tibus
272 2370 401 2435 apud
433 2370 659 2435 Assyrios
690 2368 847 2418 Xerse
879 2369 962 2418 illo
996 2371 1289 2437 antiquiore,
1321 2372 1406 2436 qui
1439 2372 1587 2419 etiam
1618 2369 1795 2418 Baleus

107 2443 402 2510 vocabatur,
457 2451 506 2493 et
560 2443 690 2509 apud
751 2443 1006 2508 Sicyonios
1061 2443 1337 2510 ThuriacO,
1394 2459 1542 2509 quem
1597 2443 1795 2508 quidam

109 2517 492 2568 Thurimachum
534 2516 773 2584 scribunt,
813 2518 1035 2582 septimis
1075 2517 1288 2582 regibus
1367 2517 1591 2582 Regnum
1631 2522 1794 2565 autem

228 2647 271 2701 τ)
306 2644 352 2690 c,
386 2650 427 2690 4.

230 2828 255 2866 9
286 2822 479 2879 ninyam
510 2821 555 2865 R
578 2823 593 2879 ιι
619 2827 673 2866 10
704 2822 887 2877 telsyon
919 2822 963 2865 A
987 2823 1002 2879 ss
1027 2826 1081 2865 27
1114 2795 1242 2865 xerse
1275 2820 1440 2875 ΒΑΕ·
1471 2820 1620 2865 Xerxe
1652 2833 1676 2864 v
1700 2821 1715 2877 ιι
1739 2825 1794 2863 29

111 2881 322 2938 thyriaco
358 2916 367 2926 .
402 2918 410 2926 .
443 2881 756 2937 thyrimacum
787 2880 879 2924 ΕΑ

1354 2953 1441 2998 17*

1831 931 1888 972 10

1833 1462 1887 1502 15

1832 1862 1891 1902 20

1832 2230 1887 2270 25
