2004 3140
190 139 299 191 554
863 149 897 182 s,
922 150 1196 184 Anoosrmi

188 263 386 313 oculum
434 270 654 311 creatum
702 278 756 311 ac
802 278 892 327 per
938 262 1031 312 hoc
1083 265 1229 312 etiam
1274 264 1381 328 ipso
1423 264 1538 312 vitio
1581 278 1669 312 suo
1711 263 1870 312 excel-

190 338 371 386 lentius
411 336 689 386 ostenditur
729 338 910 385 ceteris
951 335 1184 386 membris
1223 335 1501 385 membrum
1542 352 1691 402 capax
1730 337 1870 386 lumi-

189 413 266 460 nis
307 438 376 444 —-
418 426 515 459 non
557 412 687 459 enim
735 410 826 459 alia
874 425 1020 459 causa
1059 417 1192 459 esset
1231 411 1402 459 vitium
1444 413 1549 459 eius
1591 425 1759 459 carere
1799 410 1870 460 lu-

191 486 319 533 mine
379 501 468 533 —:
523 486 589 533 ita
637 491 832 550 natura,
879 499 1002 548 quae
1051 483 1308 533 fruebatur
1356 483 1456 533 Deo
1470 524 1484 550 ,
1539 487 1772 549 optimam
1821 499 1873 533 se

128 567 154 607 5
189 560 463 607 institutam
518 558 662 607 docet
717 560 863 607 etiam
909 560 1016 622 ipso
1072 560 1212 623 vitio,
1269 573 1366 622 quo
1413 558 1524 607 ideo
1572 560 1751 607 misera
1800 565 1875 607 est

189 634 302 696 quia
340 647 440 680 non
480 632 663 681 fruitur
695 627 844 698 Deo),
885 634 971 696 qui
1009 647 1177 681 casum
1218 631 1504 696 angelorum
1543 631 1873 681 voluntarium

187 707 455 755 iustissima
500 721 659 770 poena
706 708 1033 770 sempiternae
1074 705 1374 754 infelicitatis
1415 705 1678 755 obstrinxit
1724 713 1871 770 atque

188 782 237 828 in
279 795 335 828 eo
369 795 561 828 summo
594 779 722 828 bono
763 779 1168 844 permanentibus
1209 782 1403 845 ceterIS,
1443 787 1498 828 ut
1538 779 1597 828 de
1638 795 1725 828 sua
1765 781 1870 828 sine

187 854 282 902 fine
321 855 665 917 permansione
719 856 842 902 certi
882 860 1069 919 essent,
1116 861 1365 918 tamqnam
1404 855 1560 918 ipsius
1599 855 1873 918 praemium

99 938 154 978 10
186 929 544 991 permansionis
577 927 732 993 dedit3
766 930 851 991 qui
882 927 1000 976 fecit
1023 927 1274 976 hominem
1306 929 1452 976 etiam
1483 929 1649 992 ipsum
1679 934 1871 976 rectum

187 1016 299 1050 cum
339 1001 512 1050 eodem
551 1000 705 1050 libero
746 1001 972 1067 arbitrie,
1012 1009 1264 1050 terrenum
1308 1002 1507 1065 quidem
1545 1001 1747 1067 animal,
1788 1000 1873 1050 sed

186 1074 319 1123 caelo
361 1075 576 1139 dignum,
617 1077 658 1123 si
698 1091 787 1124 suo
821 1075 1109 1124 cohaereret
1148 1077 1352 1141 auctori,
1391 1077 1591 1124 miseria
1630 1075 1870 1140 similiter,

187 1151 227 1197 si
283 1164 396 1197 eum
443 1148 718 1214 desereret,
774 1155 1027 1214 secutura,
1083 1149 1240 1213 qualis
1288 1156 1492 1198 naturae
1542 1149 1690 1199 huius
1742 1148 1874 1198 modi

186 1224 472 1271 conveniret
512 1217 685 1288 (quem
734 1222 959 1272 similiter
1007 1238 1119 1272 cum
1166 1225 1583 1288 praevaricatione
1622 1223 1744 1287 legis
1785 1222 1873 1271 Dei

100 1306 152 1346 15
187 1312 274 1360 per
315 1295 403 1344 Dei
442 1297 774 1346 desertionem
812 1303 1132 1361 peccaturum
1181 1312 1289 1346 esse
1330 1298 1625 1363 praesciret,
1672 1312 1764 1346 nec
1803 1296 1873 1345 illi

187 1370 367 1418 ademit
405 1369 548 1419 liberi
587 1369 778 1419 arbitrii
827 1377 1148 1436 potestatem,
1201 1370 1346 1419 simul
1383 1370 1703 1435 praevidenS,
1756 1370 1873 1434 quid

186 1443 303 1492 boni
349 1443 408 1492 de
456 1443 581 1492 malo
631 1446 737 1492 eius
785 1451 916 1493 esset
963 1446 1068 1508 ipse
1117 1439 1388 1511 facturus);
1437 1446 1523 1508 qui
1569 1444 1629 1492 de
1677 1443 1872 1492 mortali

186 1519 421 1581 progenie
462 1519 639 1567 merito
679 1519 907 1582 iusteque
948 1517 1172 1567 damnata
1212 1525 1403 1567 tantum
1441 1517 1680 1583 populum
1718 1519 1873 1582 gratia

188 1606 273 1638 sua
322 1590 530 1656 colligit,
582 1599 637 1640 ut
682 1591 795 1640 inde
845 1591 1069 1656 suppleat
1108 1599 1157 1641 et
1196 1594 1441 1641 instauret
1479 1598 1695 1658 partem,
1748 1606 1872 1655 quae

96 1674 154 1714 20
188 1664 319 1727 lapsa
359 1671 435 1713 est
475 1664 776 1730 angelorum,
817 1680 871 1713 ae
913 1667 983 1714 sic
1023 1665 1103 1714 illa
1142 1665 1320 1715 dilecta
1359 1672 1409 1714 et
1449 1681 1663 1730 superna
1703 1667 1872 1714 civitas

186 1753 284 1785 non
335 1738 592 1788 fraudetur
643 1753 848 1787 suorum
896 1754 1103 1788 numero
1156 1740 1358 1805 civium,
1410 1741 1528 1803 quin
1579 1740 1725 1788 etiam
1775 1739 1873 1787 for-

185 1813 328 1860 tassis
369 1818 418 1860 et
458 1811 687 1861 uberiore
728 1811 952 1861 laetetur.

875 1984 1070 2038 CAPUT
1103 1985 1173 2037 II.

383 2092 458 2140 De
497 2098 709 2142 aeterna
749 2093 847 2141 Dei
884 2098 934 2141 et
971 2093 1367 2142 incommutabili
1404 2095 1668 2142 voluntate.

97 2203 152 2243 25
333 2194 484 2243 Multa
523 2196 655 2242 enim
693 2196 818 2244 fiunt
865 2195 1062 2259 quidem
1110 2210 1135 2243 a
1184 2194 1322 2244 malis
1361 2186 1532 2243 contra
1571 2194 1871 2244 voluntatem

188 2268 296 2333 Dei3
346 2267 431 2316 sed
479 2274 641 2316 tantae
690 2276 766 2316 est
815 2268 894 2316 ille
936 2270 1202 2332 sapientiae
1242 2274 1505 2331 tantaeque
1545 2269 1765 2334 virtutiS,
1816 2276 1871 2318 ut

187 2344 236 2389 in
278 2356 362 2389 eos
403 2343 563 2390 exitus
604 2343 704 2389 sive
743 2342 888 2406 fines,
940 2356 1064 2405 quos
1102 2340 1259 2390 bonos
1300 2348 1349 2389 et
1386 2343 1543 2390 iustos
1583 2343 1688 2406 ipse
1728 2357 1867 2407 prae-

187 2416 342 2475 scivit,
381 2414 582 2463 tendant
616 2417 791 2480 omnia,
825 2430 948 2478 quae
982 2414 1219 2463 voluntati
1251 2416 1358 2463 eius
1389 2414 1619 2464 videntur
1651 2416 1867 2464 adversa.

186 2488 254 2536 Ac
294 2503 382 2552 per
423 2488 515 2536 hoc
548 2503 661 2537 cum
695 2488 823 2537 Deus
866 2495 1054 2537 mutare
1096 2488 1277 2537 dicitur
1315 2487 1630 2550 voluntatem,
1669 2495 1725 2537 ut
1764 2490 1869 2552 qui·

96 2571 154 2612 30
185 2561 279 2610 bus
329 2561 453 2610 lenis
507 2569 611 2610 erat
670 2562 805 2610 verbi
857 2564 1009 2626 gratia
1060 2561 1295 2610 reddatur
1346 2564 1500 2611 iratus
1514 2602 1527 2628 ,
1583 2562 1653 2610 illi
1702 2564 1868 2627 potius

186 2650 332 2699 quam
379 2637 483 2698 ipse
532 2642 785 2685 mutantur
834 2643 882 2684 et
932 2650 1045 2684 eum
1093 2635 1303 2699 quodam
1351 2634 1495 2684 modo
1536 2642 1777 2685 mutatum
1817 2637 1867 2684 in

184 2707 260 2756 his
317 2724 440 2771 (piae
496 2711 751 2772 patiuntur
805 2711 1082 2774 inveniunt3
1138 2710 1266 2758 sicut
1317 2715 1536 2758 mutatur
1587 2709 1660 2757 sol
1711 2708 1867 2758 oculis

304 2884 360 2923 30
393 2880 463 2923 est
493 2879 538 2922 A
