2004 3140
133 960 189 1000 10

134 1329 188 1368 15

134 1786 190 1826 20

137 2213 192 2253 25

219 159 327 212 292
892 167 927 200 s⁴
952 166 1228 201 AUeUsTm

219 283 374 332 Proca
415 284 516 331 sive
558 281 813 346 superiore
854 280 1094 329 Aventino
1133 296 1291 345 usque
1333 282 1391 330 ad
1431 297 1599 347 regem
1638 281 1901 332 Romulum

219 359 315 406 iam
353 357 650 421 Romanum,
697 354 774 403 vel
821 356 967 404 etiam
1007 369 1165 419 usque
1207 355 1264 404 ad
1305 357 1445 420 regni
1482 356 1752 421 primordia
1791 371 1901 406 suc·

221 432 433 480 cessoris
482 431 588 479 eius
634 428 821 478 Numae
862 428 1089 494 Pompilii
1128 423 1385 495 (Ezechias
1439 432 1621 495 quippe
1660 445 1748 479 rex
1785 430 1904 480 Iuda

222 521 279 554 eo
310 520 470 569 usque
503 497 771 570 regnavit);
813 518 868 552 ac
907 518 997 568 per
1035 502 1128 551 hoc
1167 518 1257 567 per
1297 519 1352 552 ea
1390 510 1613 569 tempora
1651 506 1734 554 isti
1772 504 1905 554 velut

222 580 383 628 fontes
415 578 702 643 prophetiae
736 579 921 642 pariter
961 583 1250 643 eruperunt,
1291 578 1484 641 quando
1523 594 1732 644 regnum
1773 578 1903 628 defe-

222 655 289 702 cit
327 653 582 717 Assyrium
634 653 894 716 coepitque
942 651 1239 717 Romanum3
1291 658 1346 700 ut
1398 652 1607 719 scilicet,
1658 646 1808 717 quem
1847 652 1905 701 ad

220 727 419 776 modum
461 728 601 790 regni
633 725 947 790 Assyriorum
986 726 1146 789 primo
1187 731 1408 790 tempore
1450 727 1610 775 extitit
1648 726 1904 793 Abraham,

222 803 302 850 oui
331 802 686 865 promissiones
719 801 1055 865 apertissimae
1088 799 1265 848 fierent
1294 801 1346 848 in
1387 801 1492 850 eius
1533 802 1719 849 semine
1758 800 1906 850 bene-

221 875 450 923 dictionis
484 875 703 923 omnium
739 876 974 939 gentium,
1013 875 1079 922 ita
1119 872 1435 923 occidentalis
1467 873 1726 939 Babylonis
1767 889 1905 924 exor-

223 949 324 1014 dio,
373 963 468 1013 qua
508 950 669 997 suerat
708 947 934 997 Christus
975 950 1246 1012 imperante
1287 956 1551 1015 venturuS,
1590 949 1641 997 in
1681 964 1778 1013 quo
1818 950 1905 997 im-

221 1022 479 1087 plerentur
542 1022 620 1070 illa
682 1023 953 1088 promissa,
1027 1037 1111 1070 ora
1173 1021 1526 1086 prophetarum
1589 1037 1687 1070 non
1749 1022 1908 1071 solum
1955 1072 1958 1074 ,

221 1096 544 1162 loquentium,
584 1111 755 1144 verum
788 1098 934 1144 etiam
968 1095 1290 1144 scribentium
1322 1098 1373 1144 in
1407 1102 1567 1146 tantae
1600 1098 1674 1144 rei
1714 1097 1907 1145 futurae

222 1172 560 1224 testimonium
595 1169 918 1219 solverentur.
998 1168 1119 1219 Cum
1161 1171 1292 1218 enim
1330 1170 1599 1235 prophetae
1640 1185 1909 1235 numquam

223 1244 326 1292 fere
369 1244 642 1294 defuissent
680 1243 863 1309 populo
904 1243 1079 1310 Israel,
1119 1259 1177 1292 ex
1219 1258 1315 1308 quo
1356 1243 1424 1293 ibi
1463 1259 1607 1308 reges
1647 1259 1756 1293 esse
1798 1259 1906 1293 coe-

222 1325 428 1384 perunt,
484 1320 536 1366 in
590 1333 737 1366 usum
792 1317 1130 1367 tantummodo
1187 1332 1358 1367 eorum
1411 1318 1576 1384 suere,
1638 1333 1738 1367 non
1792 1333 1907 1383 gen-

224 1393 368 1458 tium3
409 1391 603 1456 quando
636 1398 800 1441 autem
833 1393 1079 1456 scriptura
1117 1391 1426 1441 manifestius
1464 1391 1755 1456 prophetica
1794 1407 1907 1441 con·

222 1465 445 1532 debatur,
478 1481 602 1530 quae
628 1465 857 1530 gentibus
883 1465 1178 1530 quandoque
1203 1465 1476 1532 prodesset,
1508 1472 1627 1515 tunc
1653 1465 1910 1531 oportebat

220 1541 485 1606 inciperet,
537 1539 730 1605 quando
772 1539 1076 1589 condebatur
1115 1539 1236 1588 haec
1276 1541 1468 1606 civitaS,
1516 1555 1639 1603 quae
1681 1539 1909 1604 gentibus

221 1614 502 1678 imperaret.

833 1771 1025 1826 CAPUT
1059 1771 1309 1825 XXVIII.

224 1881 300 1930 De
339 1882 430 1940 hig,
471 1895 602 1941 quae
635 1882 705 1930 ad
742 1883 1056 1941 evanyelz'um
1095 1880 1284 1928 Christi
1314 1882 1586 1941 pertinent,
1627 1881 1752 1941 quid
1788 1879 1911 1930 Osee

712 1959 761 2003 et
798 1955 947 2003 Amos
979 1955 1411 2016 prophetaverint.

373 2055 499 2106 Osee
539 2059 690 2121 igitur
730 2057 996 2122 propheta,
1046 2062 1229 2120 quanto
1268 2055 1564 2120 profundius
1605 2055 1803 2120 quidem
1842 2056 1910 2105 lo·

225 2132 417 2195 quitur,
462 2137 599 2179 tanto
640 2132 897 2195 operosius
936 2136 1239 2194 penetratur.
1319 2128 1415 2177 Sed
1455 2129 1638 2194 aliquid
1677 2129 1790 2178 inde
1831 2145 1911 2180 su-

226 2203 458 2252 mendum
491 2210 567 2252 est
599 2210 648 2252 et
686 2203 766 2252 hic
807 2219 865 2252 ex
905 2210 1074 2252 nostra
1111 2204 1438 2268 promissione
1478 2203 1777 2268 ponendum.
1847 2205 1914 2253 Et

226 2280 344 2339 erit,
400 2279 587 2343 inquit,
642 2280 692 2326 in
740 2281 847 2327 loeo
896 2292 992 2338 quo
1042 2279 1231 2326 dictum
1280 2282 1353 2326 est
1401 2279 1496 2325 eis:
1553 2278 1663 2327 Non
1697 2281 1913 2340 populus

225 2365 363 2400 meus
409 2366 515 2412 vos,
562 2353 880 2401 vocabuntur
929 2356 977 2400 et
1024 2353 1120 2412 ipsi
1160 2352 1261 2410 filii
1297 2350 1396 2400 Dei
1439 2353 1551 2400 vivi.
1629 2350 1734 2400 Hoc
1775 2353 1910 2401 testi-

227 2426 445 2474 monium
499 2425 845 2490 propheticum
897 2424 956 2473 de
1008 2426 1262 2472 vocatione
1311 2424 1482 2489 populi
1529 2426 1775 2490 gentium,
1828 2426 1912 2488 qui

226 2500 365 2562 prius
396 2513 495 2547 non
526 2498 806 2564 pertinebat
837 2499 895 2547 ad
920 2497 1091 2563 Deum,
1133 2499 1278 2547 etiam
1310 2497 1517 2562 apostoli
1547 2497 1910 2548 intellexerunt.

346 2627 420 2682 27)
455 2626 573 2670 Osee
606 2631 646 2678 1,
681 2631 748 2670 10.
813 2627 886 2681 29)
919 2625 1050 2669 Rom.
1085 2628 1125 2679 9,
1159 2629 1228 2669 26.

345 2793 370 2831 2
404 2788 721 2832 Romanorum
751 2801 777 2830 v
801 2789 816 2843 ΙΙ
843 2792 893 2830 11
929 2800 1011 2830 ora,
1040 2786 1155 2830 RA¹
1186 2788 1356 2844 (prom.
1386 2801 1435 2843 p.
1467 2791 1523 2841 9,·
1564 2787 1693 2844 Vera.
1718 2787 1833 2832 Aen.
1866 2789 1911 2840 3,

227 2850 318 2890 456
348 2852 456 2903 sq.);
489 2847 676 2890 oracula
707 2846 850 2890 A2Fv
888 2847 904 2902 ΙΙ
946 2851 997 2890 16
1032 2845 1190 2902 script.
1224 2845 1342 2899 RA;
1374 2860 1429 2890 ea
1461 2846 1617 2903 script.
1649 2860 1675 2891 v
1707 2847 1723 2903 ΙΙ
1756 2850 1810 2890 18
1842 2845 1911 2889 in-

230 2905 380 2961 cipere
413 2906 456 2949 A
481 2907 576 2962 1126
609 2906 733 2961 quod
764 2905 830 2949 R¹
854 2907 869 2961 ΙΙ
894 2909 948 2948 27
982 2904 1050 2948 ibi
1080 2904 1243 2950 uocab.
1276 2904 1344 2949 13²
