2004 3140
611 160 680 192 DE
703 158 942 192 cmTA-rE
966 159 1055 191 DEI
1078 159 1120 191 L.
1144 140 1310 192 xxrc.
1335 160 1369 192 9.
1721 147 1828 200 509

136 281 189 327 et
227 289 326 324 non
368 288 459 335 eqo
499 275 659 322 uror?
720 270 945 320 Eundem
985 273 1131 321 etiam
1172 287 1387 321 vermem
1427 278 1604 336 putant
1641 272 1828 322 intelle-

138 348 355 415 gendum
403 362 526 396 esse.
604 346 727 395 Nam
773 347 1015 409 scriptum
1063 353 1161 411 est,
1208 348 1461 409 inquiunt:
1509 347 1655 396 Sicut
1693 349 1830 396 tinea

140 426 482 474 vestimentum
521 425 571 470 et
607 423 789 470 vermis
828 423 1033 480 limium,
1072 423 1146 469 sic
1186 435 1390 470 maeror
1429 423 1702 470 excruciat
1739 435 1831 470 cor

139 499 252 547 viri.
331 495 427 552 Qui
471 510 589 543 vero
637 508 820 558 poenas
876 500 925 542 et
964 495 1113 542 animi
1152 500 1202 542 et
1240 495 1462 558 corporis
1502 496 1553 542 in
1592 493 1673 542 illo
1715 509 1829 559 sup-

139 570 287 636 plicio
320 569 512 618 suturas
545 583 654 617 6556
687 583 786 616 11011
826 567 1067 628 dubitant,
1106 569 1218 631 igne
1259 569 1339 616 uri
1379 582 1575 631 corpus,
1615 569 1832 617 animum
1865 576 1889 615 5

139 651 308 694 autem
369 643 479 691 rodi
541 641 753 706 quodam
814 641 959 690 modo
1031 656 1196 690 verme
1259 642 1497 690 maeroris
1560 641 1832 690 adfirmant.

143 717 286 776 Quod
333 718 427 766 etsi
473 715 759 765 credibilius
807 716 1009 781 dicitur,
1059 716 1170 779 quia
1221 716 1393 779 utique
1434 713 1702 764 absurdum
1742 721 1833 774 est,

142 791 213 841 ibi
245 790 466 844 dolorem
498 797 579 839 aut
613 791 836 854 corporis
877 795 960 838 aut
1000 790 1150 837 animi
1189 788 1497 838 defuturum:
1539 804 1628 852 ego
1668 795 1834 837 tamen

143 865 335 914 facilius
375 870 539 913 estut
570 863 629 912 ad
669 878 850 928 corpus
890 863 1049 912 dicam
1088 869 1355 926 utrumque
1395 864 1647 927 pertinere
1688 877 1834 926 quam

143 945 393 1004 neutrum,
433 944 483 987 et
514 937 624 986 ideo
658 939 861 986 tacitum
900 939 951 986 in
990 937 1085 985 illis
1125 937 1315 985 divinae
1355 938 1629 1001 scripturae
1669 935 1834 984 verbis
1869 945 1922 985 10

141 1014 294 1062 animi
356 1012 607 1076 dolorem,
677 1013 908 1076 quoniam
972 1025 1284 1075 consequens
1347 1025 1456 1059 6556
1517 1009 1836 1076 intellegitur,

144 1088 335 1136 etiamsi
382 1101 482 1134 non
530 1085 743 1150 dicatur,
792 1092 847 1134 ut
887 1099 1096 1150 corpore
1135 1086 1206 1133 sic
1246 1083 1442 1133 dolente
1483 1086 1676 1133 animus
1715 1099 1835 1148 quo-

145 1176 241 1225 que
297 1160 455 1209 sterili
509 1160 810 1223 paenitentia
865 1160 1130 1207 crucietur.
1208 1157 1412 1222 Legitur
1458 1160 1639 1222 quippe
1688 1164 1737 1206 et
1784 1159 1836 1206 in

144 1233 396 1293 veteribus
437 1234 720 1297 scripturis:
781 1233 1015 1282 Vindicta
1062 1234 1237 1281 carnis
1288 1234 1430 1294 impii
1468 1234 1600 1293 ignis
1639 1237 1688 1281 et
1725 1246 1834 1282 ver-

143 1311 250 1358 mis,
327 1306 497 1356 Potuit
543 1305 742 1355 brevius
792 1306 910 1356 dici:
961 1305 1186 1355 Vindicta
1231 1307 1382 1370 impii.
1461 1305 1560 1354 Cur
1610 1321 1728 1370 ergo
1768 1305 1836 1355 di·
1874 1314 1926 1354 15

144 1388 282 1431 ctum
330 1388 427 1430 est:
479 1383 655 1431 carnis
702 1383 862 1443 impii,
919 1381 1015 1428 nisi
1062 1381 1176 1444 quia
1222 1386 1515 1446 utrumque,
1569 1379 1619 1428 id
1666 1386 1742 1429 est
1790 1386 1838 1428 et

146 1457 275 1520 ignis
309 1461 358 1504 et
388 1456 584 1520 vermiS,
622 1469 781 1518 poena
820 1456 915 1503 erit
955 1450 1152 1502 carnis?
1214 1453 1312 1502 Aut
1351 1455 1393 1502 si
1432 1453 1694 1502 vindictam
1734 1468 1837 1502 car·
1898 1450 1901 1452 ’

147 1531 226 1578 1115
257 1535 520 1594 propterea
553 1527 718 1576 dicere
751 1528 920 1594 voluit,
961 1529 1074 1592 quia
1112 1527 1206 1576 hoc
1245 1529 1296 1576 in
1335 1527 1534 1576 homine
1574 1527 1838 1576 vindicabi-

149 1610 257 1669 tur,
309 1602 442 1666 quod
490 1601 763 1651 secundum
822 1616 1022 1650 carnem
1068 1603 1246 1650 vixerit
1292 1595 1520 1668 (propter
1565 1600 1659 1649 hoc
1708 1603 1838 1650 enim

147 1678 312 1725 veniet
357 1677 409 1724 in
460 1681 672 1724 mortem
720 1674 1008 1736 secundam,
1058 1690 1205 1739 quam
1251 1675 1542 1739 significavit
1589 1674 1840 1739 apostolus
1873 1683 1929 1723 20

148 1751 340 1800 dicens:
389 1750 448 1798 Si
485 1751 616 1798 enim
653 1751 934 1799 secundum
973 1763 1182 1798 carnem
1221 1751 1477 1807 vixeritiS,
1517 1742 1842 1815 moriemini),

149 1824 296 1888 eligat
344 1825 553 1888 quisque
606 1823 738 1887 quod
784 1822 1098 1889 placetsaut
1143 1824 1308 1887 ignem
1355 1821 1576 1871 tribuere
1629 1823 1841 1887 corpori,

149 1900 311 1946 animo
350 1912 592 1962 vermem,
638 1896 732 1946 hoc
771 1898 995 1962 proprie,
1034 1896 1156 1945 illud
1197 1898 1408 1961 tropice,
1450 1902 1534 1945 aut
1572 1902 1839 1960 utrumque

147 1972 347 2037 proprie
389 1972 600 2036 corpori.
677 1970 778 2019 Iam
811 1972 942 2019 enim
982 1971 1100 2018 satis
1141 1971 1371 2034 superius
1411 1969 1656 2034 disputavi
1694 1985 1840 2034 posse

152 2044 375 2094 animalia
415 2046 561 2093 etiam
602 2045 652 2092 in
684 2043 881 2108 ignibus
921 2045 1100 2110 vivere,
1139 2045 1191 2091 in
1232 2045 1425 2092 ustione
1467 2045 1572 2092 sine
1614 2058 1840 2092 0011511111-
1874 2050 1930 2091 25

149 2120 336 2184 ptione,
375 2120 426 2166 in
458 2117 627 2166 dolore
662 2119 768 2166 sine
802 2124 976 2183 morte,
1014 2133 1104 2182 per
1137 2117 1428 2166 miraculum
1467 2118 1840 2182 omnipotentis-

155 2193 267 2242 simi
315 2191 586 2256 Creatoris3
642 2193 722 2240 cui
767 2191 861 2240 hoc
914 2190 1147 2256 possibile
1190 2206 1297 2240 esse
1339 2193 1425 2255 qui
1464 2197 1654 2256 negat,‘
1679 2206 1706 2239 a
1745 2206 1842 2255 quo

151 2267 220 2315 sit
274 2264 513 2330 quidquid
565 2267 616 2313 in
667 2267 858 2314 naturis
914 2265 1142 2314 omnibus
1190 2267 1398 2314 miratur
1448 2266 1656 2329 ignorat.
1732 2264 1842 2329 Ipse

154 2345 232 2388 est
271 2341 402 2387 6111111
433 2338 580 2405 Deus,
619 2340 704 2403 qui
744 2341 906 2387 omnia
944 2340 997 2387 in
1035 2338 1129 2387 hoc
1169 2338 1352 2388 mundo
1393 2354 1568 2403 magna
1608 2344 1658 2387 et
1694 2353 1843 2403 parva

154 2412 405 2478 miracula,
438 2427 562 2476 quae
596 2414 1101 2478 commemoravimuS,
1134 2419 1183 2462 et
1213 2411 1663 2477 incomparabiliter
1686 2411 1844 2476 plura,
1875 2420 1932 2459 30

155 2501 280 2550 quae
328 2501 427 2534 non
475 2488 986 2552 commemoravim11S‚
1034 2487 1152 2535 fecit
1200 2485 1470 2550 eademque
1510 2488 1618 2550 ipso
1659 2484 1842 2534 mundo

153 2656 197 2699 R
279 2596 524 2699 1)82.1(330r.
559 2602 629 2652 11,
660 2603 729 2643 29.
794 2600 839 2654 4)
871 2599 1005 2642 Prov.
1041 2602 1111 2654 25,
1144 2602 1214 2643 20.
1282 2599 1352 2652 15)
1385 2596 1524 2641 Ecoli.
1561 2601 1599 2652 7,
1637 2600 1704 2641 19.
1767 2596 1842 2652 21)

201 2670 288 2700 om.
353 2691 364 2712 ‚
427 2686 465 2701 ·.

209 2893 231 2935 t
280 2838 302 2876 1
342 2847 436 2877 non
474 2847 560 2891 ego
594 2833 638 2878 R
673 2833 896 2887 Clarom.;
936 2847 1028 2877 non
1059 2847 1141 2879 om.
1175 2834 1246 2888 A,·
1287 2846 1372 2890 ego
1407 2847 1499 2878 non
1538 2847 1563 2877 v
1587 2834 1603 2889 ΙΙ
1627 2837 1681 2876 29
1722 2831 1846 2876 enim

157 2905 206 2936 es
259 2905 285 2935 v
1460 2910 1462 2912 ·
