2004 3140
527 137 594 169 DE
619 135 858 170 CIVITATE
881 135 970 168 Dm
994 136 1035 168 L.
1060 136 1164 168 xix.
1190 134 1228 170 c,
1256 137 1286 169 7.
1310 139 1342 170 8.»
1672 125 1780 178 367

101 265 247 315 quam
301 265 611 314 nequaquam
642 251 796 298 ‘sicut
848 264 929 298 res
990 249 1205 314 postulat
1258 250 1464 313 possim:
1521 251 1630 313 quis
1685 251 1780 298 erit

94 324 314 389 prolixae
347 323 691 388 disputationis
724 319 935 372 modus?
998 322 1094 372 Sed
1128 324 1336 388 sapienS,
1368 324 1613 389 inquiunt,
1651 325 1779 372 iusta

96 397 222 446 bella
268 404 500 462 gesturus
547 402 636 445 est.
714 396 864 454 Quasi
910 412 1032 463 non,
1080 398 1121 445 si
1162 412 1213 445 se
1253 396 1503 445 hominem
1543 398 1782 464 meminit,

95 471 250 520 multo
298 473 452 535 magis
499 470 682 519 dolebit
728 473 974 520 iustorum
1021 472 1367 519 necessitatem
1415 470 1508 519 sibi
1558 472 1779 520 extitisse

94 545 361 610 bellorum,
408 546 520 609 quia
568 546 663 593 nisi
709 547 837 593 iusta
885 550 1074 610 essent,
1121 546 1167 593 ei
1206 544 1420 608 gerenda
1460 560 1558 593 non
1598 551 1779 610 essent,
1812 553 1840 593 5

96 634 152 668 ac
202 634 292 684 per
338 619 431 667 hoc
483 620 692 683 sapienti
743 618 874 667 nulla
925 618 1051 667 bella
1102 626 1282 666 essent.
1359 618 1597 682 Iniquitas
1650 620 1781 667 enim

94 695 249 758 partis
289 692 520 741 adversae
567 694 696 741 iusta
734 691 861 741 bella
899 693 1080 756 ingerit
1118 691 1335 756 gerenda
1377 693 1606 758 sapienti3
1655 707 1780 756 quae

94 768 329 831 iniquitas
378 768 550 830 utique
596 766 783 815 homini
829 759 906 816 est
952 765 1181 831 dolenda,
1229 767 1343 829 quia
1388 765 1643 814 hominum
1691 773 1781 831 est,

97 842 191 890 etsi
228 840 369 889 nulla·
394 855 452 889 ex
486 855 542 889 ea
580 839 793 889 bellandi
833 842 1103 889 necessitas
1143 846 1444 888 nasceretur.
1521 839 1654 888 Haec
1692 841 1780 888 ita·

97 929 192 978 que
233 914 357 963 mala
396 922 494 963 tam
533 929 727 978 magna,
776 921 875 963 tam
915 913 1183 979 horrenda,
1233 920 1333 962 tam
1374 928 1515 962 saeva
1555 915 1780 978 quisquis
1815 924 1872 963 10

97 1003 210 1038 cum
251 988 419 1036 dolore
460 988 752 1055 considerat,
780 990 1040 1036 miseriam
1079 988 1312 1053 fateatur3
1353 989 1575 1051 quisquis
1616 995 1781 1036 autem

95 1062 172 1111 vel
210 1064 397 1127 patitur
436 1077 492 1110 ea
525 1063 628 1110 sine
670 1064 818 1110 animi
858 1062 1025 1110 dolore
1066 1061 1141 1110 vel
1181 1063 1375 1128 cogitat,
1415 1061 1568 1110 multo
1608 1063 1780 1125 utique

96 1137 327 1184 miserius
372 1135 483 1184 ideo
530 1151 583 1184 se
637 1143 778 1200 putat
830 1135 1050 1201 beatum,
1098 1137 1211 1199 quia
1266 1142 1315 1184 et
1362 1134 1630 1184 humanum
1669 1150 1780 1200 per-

95 1209 217 1259 didit
256 1224 469 1258 sensum.

744 1381 942 1437 CAPUT
981 1382 1129 1436 VIII.
1817 1396 1874 1436 15

103 1492 250 1550 Quod
294 1493 520 1541 amicitia
567 1492 810 1540 bonorum
855 1506 1040 1540 secura
1089 1505 1195 1540 esse
1233 1505 1332 1540 non
1367 1493 1546 1552 possit,
1595 1492 1711 1539 dum
1751 1505 1783 1540 a

127 1567 387 1627 periculi-9,
426 1580 558 1626 quae
597 1568 649 1614 in
687 1567 788 1615 hac
827 1567 929 1614 vita
967 1570 1097 1626 sunt,
1138 1566 1393 1636 trepidcgri
1429 1579 1631 1615 necesse
1668 1567 1747 1614 sit.

249 1667 301 1716 Si
348 1674 511 1717 autem
562 1682 661 1716 non
713 1669 964 1732 contingat
1010 1667 1249 1732 quaedam
1296 1669 1572 1732 ignorantia
1613 1666 1784 1716 similis

100 1742 397 1808 dementiae,
445 1756 569 1805 quae
615 1749 779 1790 tamen
825 1742 877 1789 in
923 1741 1071 1790 huius
1110 1743 1236 1790 vitae
1276 1744 1455 1790 misera
1495 1741 1783 1790 condicione

98 1830 243 1881 saepe
285 1817 539 1881 contingit,
577 1821 633 1864 ut
665 1815 896 1864 credatur
927 1814 1002 1863 vel
1042 1816 1228 1863 amicus
1267 1830 1391 1882 esse,
1432 1817 1517 1879 qui
1554 1815 1784 1863 inimicus
1816 1825 1876 1864 20

101 1897 191 1955 est,
231 1889 307 1937 vel
346 1890 598 1954 inimicuS,
638 1891 722 1953 qui
762 1890 949 1938 amicus
990 1896 1085 1938 est:
1126 1888 1242 1953 quid
1283 1903 1374 1938 nos
1413 1889 1694 1938 consolatur
1732 1889 1783 1936 in

102 1963 193 2011 hac
241 1962 452 2011 humana
507 1964 740 2012 societate
798 1961 1051 2011 erroribus
1101 1964 1450 2027 aerumnisque
1500 1962 1784 2027 plenissima

100 2038 196 2085 nisi
243 2036 365 2085 fides
413 2051 510 2084 non
559 2037 669 2086 ficta
719 2043 768 2085 et
814 2043 984 2085 mutua
1036 2036 1233 2085 dilectio
1272 2052 1503 2086 verorum
1545 2045 1593 2085 et
1631 2035 1783 2084 bono·

98 2125 208 2159 rum
258 2107 563 2159 amicorum?
641 2110 775 2168 Quos
823 2117 1005 2174 quanto
1052 2110 1223 2175 plures
1271 2116 1320 2159 et
1366 2112 1416 2159 in
1463 2110 1584 2159 locis
1631 2110 1782 2174 pluri-

98 2183 192 2233 bus
230 2183 492 2251 habemus,
539 2190 675 2233 tanto
716 2184 908 2249 longius
947 2183 1191 2248 latiusque
1233 2186 1522 2250 metuimuS,
1562 2199 1624 2232 ne
1666 2182 1782 2248 quid
1814 2194 1875 2234 25

100 2259 171 2306 eis
226 2260 476 2322 contingat
531 2258 644 2308 mali
699 2257 759 2307 de
820 2259 969 2307 tantis
1023 2257 1265 2306 malorum
1321 2257 1581 2323 aggeribus
1634 2256 1782 2306 huius

101 2331 296 2381 saeculi.
373 2331 481 2380 Non
526 2334 657 2380 enim
697 2331 1035 2381 tantummodo
1077 2330 1273 2380 solliciti
1313 2347 1499 2398 sunmS,
1538 2347 1600 2380 ne
1640 2331 1783 2397 fame,

101 2419 162 2454 ne
202 2404 370 2472 hellis,
416 2421 478 2454 ne
527 2405 734 2472 morbiS,
784 2421 846 2454 ne
886 2404 1249 2470 captivitatibus
1289 2405 1589 2470 affligantur,
1630 2419 1691 2452 ne
1730 2405 1783 2452 in

101 2478 270 2528 eadem
318 2481 554 2529 servitute
602 2479 714 2528 talia
762 2481 1033 2545 patiantur,
1082 2479 1242 2543 qualia
1293 2494 1385 2528 nec
1425 2481 1640 2543 cogitare
1682 2477 1781 2526 suf—

101 2552 315 2618 ficimus3
354 2567 526 2602 verum
559 2555 720 2618 etiam,
758 2552 844 2601 ubi
876 2554 1023 2601 timor
1056 2559 1131 2601 est
1169 2552 1323 2601 multo
1363 2554 1589 2617 amarior,
1630 2566 1690 2599 ne
1730 2552 1781 2599 in
1815 2561 1876 2602 30

100 2625 355 2690 perfidiam
404 2626 638 2675 malitiam
692 2627 1060 2690 nequitiamque
1115 2632 1384 2675 mutentur.
1469 2624 1532 2673 Et
1586 2623 1780 2688 quando

100 2699 194 2747 ista
219 2701 511 2764 contingunt
535 2694 696 2766 (tanto
729 2702 900 2764 utique
933 2699 1090 2766 plura,
1123 2706 1305 2763 quanto
1339 2698 1407 2747 illi
1440 2704 1556 2747 sunt
1588 2694 1780 2764 plures)

219 2875 278 2916 32
307 2871 463 2928 plures
494 2883 606 2924 mss;
637 2870 792 2927 plures
825 2872 871 2914 et
901 2870 949 2914 in
981 2870 1193 2928 pluribus
1224 2870 1339 2915 locis
1370 2883 1396 2918 v
