<?xml version="1.0" encoding="UTF-8"?>
<!DOCTYPE html PUBLIC "-//W3C//DTD XHTML 1.0 Transitional//EN"
    "http://www.w3.org/TR/xhtml1/DTD/xhtml1-transitional.dtd">
<html xmlns="http://www.w3.org/1999/xhtml" xml:lang="en" lang="en">
 <head>
  <title>
</title>
<meta http-equiv="Content-Type" content="text/html;charset=utf-8" />
  <meta name='ocr-system' content='tesseract 3.04.00' />
  <meta name='ocr-capabilities' content='ocr_page ocr_carea ocr_par ocr_line ocrx_word'/>
</head>
<body>
  <div class='ocr_page' id='page_1' title='image "./decivitatedeilib02auguuoft_0048.png"; bbox 0 0 2054 3152; ppageno 0'>
   <div class='ocr_carea' id='block_1_1' title="bbox 173 980 227 1020">
    <p class='ocr_par' dir='ltr' id='par_1_1' title="bbox 173 980 227 1020">
     <span class='ocr_line' id='line_1_1' title="bbox 173 980 227 1020; baseline 0.037 -2"><span class='ocrx_word' id='word_1_1' title='bbox 173 980 227 1020; x_wconf 92' lang='lat'><strong>10</strong></span> 
     </span>
    </p>
   </div>
   <div class='ocr_carea' id='block_1_2' title="bbox 172 1347 227 1387">
    <p class='ocr_par' dir='ltr' id='par_1_2' title="bbox 172 1347 227 1387">
     <span class='ocr_line' id='line_1_2' title="bbox 172 1347 227 1387; baseline 0.018 -1"><span class='ocrx_word' id='word_1_2' title='bbox 172 1347 227 1387; x_wconf 88' lang='lat'><strong>15</strong></span> 
     </span>
    </p>
   </div>
   <div class='ocr_carea' id='block_1_3' title="bbox 171 1714 228 1754">
    <p class='ocr_par' dir='ltr' id='par_1_3' title="bbox 171 1714 228 1754">
     <span class='ocr_line' id='line_1_3' title="bbox 171 1714 228 1754; baseline 0 0"><span class='ocrx_word' id='word_1_3' title='bbox 171 1714 228 1754; x_wconf 83' lang='lat'><strong>20</strong></span> 
     </span>
    </p>
   </div>
   <div class='ocr_carea' id='block_1_4' title="bbox 171 2166 228 2206">
    <p class='ocr_par' dir='ltr' id='par_1_4' title="bbox 171 2166 228 2206">
     <span class='ocr_line' id='line_1_4' title="bbox 171 2166 228 2206; baseline 0 0"><span class='ocrx_word' id='word_1_4' title='bbox 171 2166 228 2206; x_wconf 82' lang='lat'><strong>25</strong></span> 
     </span>
    </p>
   </div>
   <div class='ocr_carea' id='block_1_5' title="bbox 259 186 1271 238">
    <p class='ocr_par' dir='ltr' id='par_1_5' title="bbox 259 186 1271 238">
     <span class='ocr_line' id='line_1_5' title="bbox 259 186 1271 238; baseline -0.003 -7"><span class='ocrx_word' id='word_1_5' title='bbox 259 186 332 238; x_wconf 85' lang='lat'><strong>44</strong></span> <span class='ocrx_word' id='word_1_6' title='bbox 934 195 970 229; x_wconf 79' lang='lat' dir='ltr'><strong>s,</strong></span> <span class='ocrx_word' id='word_1_7' title='bbox 995 195 1271 231; x_wconf 68' lang='lat' dir='ltr'><strong>Anousrnu</strong></span> 
     </span>
    </p>
   </div>
   <div class='ocr_carea' id='block_1_6' title="bbox 257 306 1949 1914">
    <p class='ocr_par' dir='ltr' id='par_1_6' title="bbox 257 306 1949 1914">
     <span class='ocr_line' id='line_1_6' title="bbox 259 306 1947 375; baseline -0.002 -16"><span class='ocrx_word' id='word_1_8' title='bbox 259 309 466 359; x_wconf 91' lang='lat' dir='ltr'><strong>canibus</strong></span> <span class='ocrx_word' id='word_1_9' title='bbox 513 324 622 358; x_wconf 89' lang='lat' dir='ltr'><strong>esse</strong></span> <span class='ocrx_word' id='word_1_10' title='bbox 663 308 846 358; x_wconf 76' lang='lat' dir='ltr'><strong>similes</strong></span> <span class='ocrx_word' id='word_1_11' title='bbox 886 309 1186 358; x_wconf 85' lang='lat' dir='ltr'><strong>affectarent.</strong></span> <span class='ocrx_word' id='word_1_12' title='bbox 1262 307 1402 357; x_wconf 91' lang='lat' dir='ltr'><strong>Unde</strong></span> <span class='ocrx_word' id='word_1_13' title='bbox 1443 314 1493 356; x_wconf 92' lang='lat' dir='ltr'><strong>et</strong></span> <span class='ocrx_word' id='word_1_14' title='bbox 1530 306 1667 357; x_wconf 91' lang='lat' dir='ltr'><strong>illum</strong></span> <span class='ocrx_word' id='word_1_15' title='bbox 1707 306 1783 357; x_wconf 89' lang='lat' dir='ltr'><strong>vel</strong></span> <span class='ocrx_word' id='word_1_16' title='bbox 1822 307 1947 375; x_wconf 91' lang='lat' dir='ltr'><strong>illos,</strong></span> 
     </span>
     <span class='ocr_line' id='line_1_7' title="bbox 259 380 1946 449; baseline 0 -18"><span class='ocrx_word' id='word_1_17' title='bbox 259 385 345 448; x_wconf 92' lang='lat' dir='ltr'><strong>qui</strong></span> <span class='ocrx_word' id='word_1_18' title='bbox 375 383 469 431; x_wconf 93' lang='lat' dir='ltr'><strong>hoc</strong></span> <span class='ocrx_word' id='word_1_19' title='bbox 503 383 678 432; x_wconf 85' lang='lat' dir='ltr'><strong>fecisse</strong></span> <span class='ocrx_word' id='word_1_20' title='bbox 710 382 1013 449; x_wconf 83' lang='lat' dir='ltr'><strong>referuntur,</strong></span> <span class='ocrx_word' id='word_1_21' title='bbox 1051 384 1217 447; x_wconf 90' lang='lat' dir='ltr'><strong>potius</strong></span> <span class='ocrx_word' id='word_1_22' title='bbox 1256 381 1472 431; x_wconf 85' lang='lat' dir='ltr'>arbitror</span> <span class='ocrx_word' id='word_1_23' title='bbox 1511 380 1946 431; x_wconf 81' lang='lat' dir='ltr'><strong>concumbentium</strong></span> 
     </span>
     <span class='ocr_line' id='line_1_8' title="bbox 259 454 1944 520; baseline 0 -16"><span class='ocrx_word' id='word_1_24' title='bbox 259 463 423 505; x_wconf 89' lang='lat' dir='ltr'><strong>motus</strong></span> <span class='ocrx_word' id='word_1_25' title='bbox 463 455 656 505; x_wconf 83' lang='lat' dir='ltr'><strong>dedisse</strong></span> <span class='ocrx_word' id='word_1_26' title='bbox 698 455 854 505; x_wconf 91' lang='lat' dir='ltr'><strong>oculis</strong></span> <span class='ocrx_word' id='word_1_27' title='bbox 892 456 1148 506; x_wconf 89' lang='lat' dir='ltr'><strong>hominum</strong></span> <span class='ocrx_word' id='word_1_28' title='bbox 1188 456 1517 505; x_wconf 88' lang='lat' dir='ltr'><strong>nescientium</strong></span> <span class='ocrx_word' id='word_1_29' title='bbox 1557 455 1673 519; x_wconf 89' lang='lat' dir='ltr'><strong>quid</strong></span> <span class='ocrx_word' id='word_1_30' title='bbox 1714 454 1806 504; x_wconf 87' lang='lat' dir='ltr'><strong>sub</strong></span> <span class='ocrx_word' id='word_1_31' title='bbox 1845 455 1944 520; x_wconf 92' lang='lat' dir='ltr'><strong>pal-</strong></span> 
     </span>
     <span class='ocr_line' id='line_1_9' title="bbox 257 530 1946 597; baseline -0.001 -19"><span class='ocrx_word' id='word_1_32' title='bbox 257 530 323 578; x_wconf 92' lang='lat' dir='ltr'><strong>lio</strong></span> <span class='ocrx_word' id='word_1_33' title='bbox 363 534 639 597; x_wconf 83' lang='lat' dir='ltr'><strong>gereretur,</strong></span> <span class='ocrx_word' id='word_1_34' title='bbox 679 544 825 594; x_wconf 89' lang='lat' dir='ltr'><strong>quam</strong></span> <span class='ocrx_word' id='word_1_35' title='bbox 863 530 1077 579; x_wconf 85' lang='lat' dir='ltr'><strong>humano</strong></span> <span class='ocrx_word' id='word_1_36' title='bbox 1117 535 1375 594; x_wconf 85' lang='lat' dir='ltr'><strong>premente</strong></span> <span class='ocrx_word' id='word_1_37' title='bbox 1417 534 1686 593; x_wconf 85' lang='lat' dir='ltr'><strong>conspectu</strong></span> <span class='ocrx_word' id='word_1_38' title='bbox 1725 531 1946 594; x_wconf 90' lang='lat' dir='ltr'><strong>potuisse</strong></span> 
     </span>
     <span class='ocr_line' id='line_1_10' title="bbox 260 601 1942 668; baseline 0 -17"><span class='ocrx_word' id='word_1_39' title='bbox 260 602 391 652; x_wconf 88' lang='lat' dir='ltr'><strong>illam</strong></span> <span class='ocrx_word' id='word_1_40' title='bbox 430 605 600 668; x_wconf 80' lang='lat' dir='ltr'><strong>peragi</strong></span> <span class='ocrx_word' id='word_1_41' title='bbox 638 603 952 668; x_wconf 86' lang='lat' dir='ltr'><strong>voluptatem.</strong></span> <span class='ocrx_word' id='word_1_42' title='bbox 1029 602 1102 651; x_wconf 93' lang='lat' dir='ltr'><strong>Ibi</strong></span> <span class='ocrx_word' id='word_1_43' title='bbox 1141 605 1272 651; x_wconf 90' lang='lat' dir='ltr'><strong>enim</strong></span> <span class='ocrx_word' id='word_1_44' title='bbox 1310 601 1590 667; x_wconf 87' lang='lat' dir='ltr'><strong>philosophi</strong></span> <span class='ocrx_word' id='word_1_45' title='bbox 1628 617 1727 651; x_wconf 93' lang='lat' dir='ltr'><strong>non</strong></span> <span class='ocrx_word' id='word_1_46' title='bbox 1768 602 1942 651; x_wconf 89' lang='lat' dir='ltr'><strong>erube-</strong></span> 
     </span>
     <span class='ocr_line' id='line_1_11' title="bbox 262 674 1947 742; baseline -0.001 -17"><span class='ocrx_word' id='word_1_47' title='bbox 262 675 466 725; x_wconf 83' lang='lat' dir='ltr'><strong>scebant</strong></span> <span class='ocrx_word' id='word_1_48' title='bbox 504 676 661 726; x_wconf 90' lang='lat' dir='ltr'><strong>videri</strong></span> <span class='ocrx_word' id='word_1_49' title='bbox 693 692 746 726; x_wconf 90' lang='lat' dir='ltr'><strong>se</strong></span> <span class='ocrx_word' id='word_1_50' title='bbox 779 677 899 726; x_wconf 84' lang='lat' dir='ltr'><strong>velle</strong></span> <span class='ocrx_word' id='word_1_51' title='bbox 934 676 1279 742; x_wconf 83' lang='lat' dir='ltr'><strong>concumbere,</strong></span> <span class='ocrx_word' id='word_1_52' title='bbox 1319 675 1406 725; x_wconf 88' lang='lat' dir='ltr'><strong>ubi</strong></span> <span class='ocrx_word' id='word_1_53' title='bbox 1444 674 1594 724; x_wconf 91' lang='lat' dir='ltr'><strong>libido</strong></span> <span class='ocrx_word' id='word_1_54' title='bbox 1634 677 1740 741; x_wconf 91' lang='lat' dir='ltr'><strong>ipsa</strong></span> <span class='ocrx_word' id='word_1_55' title='bbox 1772 675 1947 725; x_wconf 90' lang='lat' dir='ltr'><strong>erube-</strong></span> 
     </span>
     <span class='ocr_line' id='line_1_12' title="bbox 259 749 1945 814; baseline -0.001 -15"><span class='ocrx_word' id='word_1_56' title='bbox 259 756 424 799; x_wconf 87' lang='lat' dir='ltr'><strong>sceret</strong></span> <span class='ocrx_word' id='word_1_57' title='bbox 456 765 675 814; x_wconf 86' lang='lat' dir='ltr'><strong>surgere.</strong></span> <span class='ocrx_word' id='word_1_58' title='bbox 753 750 816 799; x_wconf 92' lang='lat' dir='ltr'><strong>Et</strong></span> <span class='ocrx_word' id='word_1_59' title='bbox 846 766 978 800; x_wconf 91' lang='lat' dir='ltr'><strong>nunc</strong></span> <span class='ocrx_word' id='word_1_60' title='bbox 1018 750 1239 799; x_wconf 89' lang='lat' dir='ltr'><strong>videmus</strong></span> <span class='ocrx_word' id='word_1_61' title='bbox 1279 749 1437 798; x_wconf 89' lang='lat' dir='ltr'><strong>adhuc</strong></span> <span class='ocrx_word' id='word_1_62' title='bbox 1477 764 1586 798; x_wconf 90' lang='lat' dir='ltr'><strong>esse</strong></span> <span class='ocrx_word' id='word_1_63' title='bbox 1625 749 1945 814; x_wconf 92' lang='lat' dir='ltr'><strong>philosophos</strong></span> 
     </span>
     <span class='ocr_line' id='line_1_13' title="bbox 261 822 1948 889; baseline -0.001 -17"><span class='ocrx_word' id='word_1_64' title='bbox 261 823 492 889; x_wconf 83' lang='lat' dir='ltr'><strong>Cynicos3</strong></span> <span class='ocrx_word' id='word_1_65' title='bbox 539 823 591 872; x_wconf 91' lang='lat' dir='ltr'><strong>hi</strong></span> <span class='ocrx_word' id='word_1_66' title='bbox 630 825 761 873; x_wconf 91' lang='lat' dir='ltr'><strong>enim</strong></span> <span class='ocrx_word' id='word_1_67' title='bbox 801 831 938 885; x_wconf 87' lang='lat' dir='ltr'><strong>sunt,</strong></span> <span class='ocrx_word' id='word_1_68' title='bbox 990 825 1074 888; x_wconf 93' lang='lat' dir='ltr'><strong>qui</strong></span> <span class='ocrx_word' id='word_1_69' title='bbox 1113 838 1211 872; x_wconf 92' lang='lat' dir='ltr'><strong>non</strong></span> <span class='ocrx_word' id='word_1_70' title='bbox 1252 823 1412 872; x_wconf 92' lang='lat' dir='ltr'><strong>solum</strong></span> <span class='ocrx_word' id='word_1_71' title='bbox 1452 824 1750 872; x_wconf 88' lang='lat' dir='ltr'><strong>amiciuntur</strong></span> <span class='ocrx_word' id='word_1_72' title='bbox 1788 822 1948 889; x_wconf 88' lang='lat' dir='ltr'><strong>pallio,</strong></span> 
     </span>
     <span class='ocr_line' id='line_1_14' title="bbox 260 897 1949 963; baseline 0.001 -18"><span class='ocrx_word' id='word_1_73' title='bbox 260 911 432 946; x_wconf 91' lang='lat' dir='ltr'><strong>verum</strong></span> <span class='ocrx_word' id='word_1_74' title='bbox 483 899 629 946; x_wconf 87' lang='lat' dir='ltr'><strong>etiam</strong></span> <span class='ocrx_word' id='word_1_75' title='bbox 681 897 863 946; x_wconf 89' lang='lat' dir='ltr'><strong>clavam</strong></span> <span class='ocrx_word' id='word_1_76' title='bbox 919 898 1107 963; x_wconf 80' lang='lat' dir='ltr'><strong>ferunt3</strong></span> <span class='ocrx_word' id='word_1_77' title='bbox 1162 912 1307 946; x_wconf 90' lang='lat' dir='ltr'><strong>nemo</strong></span> <span class='ocrx_word' id='word_1_78' title='bbox 1358 903 1522 946; x_wconf 88' lang='lat' dir='ltr'><strong>tamen</strong></span> <span class='ocrx_word' id='word_1_79' title='bbox 1573 911 1747 946; x_wconf 90' lang='lat' dir='ltr'><strong>eorum</strong></span> <span class='ocrx_word' id='word_1_80' title='bbox 1801 897 1949 946; x_wconf 88' lang='lat' dir='ltr'><strong>audet</strong></span> 
     </span>
     <span class='ocr_line' id='line_1_15' title="bbox 259 969 1947 1037; baseline 0.001 -19"><span class='ocrx_word' id='word_1_81' title='bbox 259 970 354 1018; x_wconf 92' lang='lat' dir='ltr'><strong>hoc</strong></span> <span class='ocrx_word' id='word_1_82' title='bbox 392 971 571 1037; x_wconf 86' lang='lat' dir='ltr'><strong>facere,</strong></span> <span class='ocrx_word' id='word_1_83' title='bbox 610 971 741 1034; x_wconf 90' lang='lat' dir='ltr'><strong>quod</strong></span> <span class='ocrx_word' id='word_1_84' title='bbox 775 973 817 1019; x_wconf 91' lang='lat' dir='ltr'><strong>si</strong></span> <span class='ocrx_word' id='word_1_85' title='bbox 856 971 1006 1035; x_wconf 85' lang='lat' dir='ltr'><strong>aliqui</strong></span> <span class='ocrx_word' id='word_1_86' title='bbox 1045 972 1151 1020; x_wconf 89' lang='lat' dir='ltr'><strong>ausi</strong></span> <span class='ocrx_word' id='word_1_87' title='bbox 1191 977 1372 1036; x_wconf 90' lang='lat' dir='ltr'><strong>essent,</strong></span> <span class='ocrx_word' id='word_1_88' title='bbox 1411 977 1467 1019; x_wconf 87' lang='lat' dir='ltr'><strong>ut</strong></span> <span class='ocrx_word' id='word_1_89' title='bbox 1506 985 1605 1018; x_wconf 91' lang='lat' dir='ltr'><strong>non</strong></span> <span class='ocrx_word' id='word_1_90' title='bbox 1645 969 1802 1018; x_wconf 88' lang='lat' dir='ltr'><strong>dicam</strong></span> <span class='ocrx_word' id='word_1_91' title='bbox 1841 972 1947 1020; x_wconf 90' lang='lat' dir='ltr'><strong>icti·</strong></span> 
     </span>
     <span class='ocr_line' id='line_1_16' title="bbox 259 1042 1947 1110; baseline 0.001 -19"><span class='ocrx_word' id='word_1_92' title='bbox 259 1043 352 1092; x_wconf 91' lang='lat' dir='ltr'><strong>bus</strong></span> <span class='ocrx_word' id='word_1_93' title='bbox 403 1042 746 1110; x_wconf 83' lang='lat' dir='ltr'><strong>lapidantium,</strong></span> <span class='ocrx_word' id='word_1_94' title='bbox 794 1050 928 1093; x_wconf 90' lang='lat' dir='ltr'><strong>certe</strong></span> <span class='ocrx_word' id='word_1_95' title='bbox 978 1045 1358 1109; x_wconf 88' lang='lat' dir='ltr'><strong>conspuentium</strong></span> <span class='ocrx_word' id='word_1_96' title='bbox 1399 1043 1562 1092; x_wconf 90' lang='lat' dir='ltr'><strong>salivis</strong></span> <span class='ocrx_word' id='word_1_97' title='bbox 1601 1042 1947 1093; x_wconf 87' lang='lat' dir='ltr'><strong>obruerentur.</strong></span> 
     </span>
     <span class='ocr_line' id='line_1_17' title="bbox 259 1116 1946 1181; baseline 0.001 -16"><span class='ocrx_word' id='word_1_98' title='bbox 259 1116 419 1166; x_wconf 88' lang='lat' dir='ltr'><strong>Pudet</strong></span> <span class='ocrx_word' id='word_1_99' title='bbox 449 1118 601 1181; x_wconf 86' lang='lat' dir='ltr'><strong>igitur</strong></span> <span class='ocrx_word' id='word_1_100' title='bbox 632 1117 780 1166; x_wconf 89' lang='lat' dir='ltr'><strong>huius</strong></span> <span class='ocrx_word' id='word_1_101' title='bbox 812 1117 1028 1166; x_wconf 89' lang='lat' dir='ltr'><strong>libidinis</strong></span> <span class='ocrx_word' id='word_1_102' title='bbox 1059 1118 1323 1167; x_wconf 82' lang='lat' dir='ltr'><strong>humanam</strong></span> <span class='ocrx_word' id='word_1_103' title='bbox 1363 1119 1468 1166; x_wconf 88' lang='lat' dir='ltr'><strong>sine</strong></span> <span class='ocrx_word' id='word_1_104' title='bbox 1508 1116 1606 1165; x_wconf 91' lang='lat' dir='ltr'><strong>ulla</strong></span> <span class='ocrx_word' id='word_1_105' title='bbox 1644 1116 1946 1166; x_wconf 87' lang='lat' dir='ltr'><strong>dubitatione</strong></span> 
     </span>
     <span class='ocr_line' id='line_1_18' title="bbox 260 1189 1946 1256; baseline 0.001 -18"><span class='ocrx_word' id='word_1_106' title='bbox 260 1197 508 1256; x_wconf 88' lang='lat' dir='ltr'><strong>naturam,</strong></span> <span class='ocrx_word' id='word_1_107' title='bbox 556 1197 606 1239; x_wconf 87' lang='lat' dir='ltr'><strong>et</strong></span> <span class='ocrx_word' id='word_1_108' title='bbox 643 1193 820 1240; x_wconf 90' lang='lat' dir='ltr'><strong>merito</strong></span> <span class='ocrx_word' id='word_1_109' title='bbox 859 1191 1027 1256; x_wconf 91' lang='lat' dir='ltr'><strong>pudet.</strong></span> <span class='ocrx_word' id='word_1_110' title='bbox 1103 1191 1159 1240; x_wconf 89' lang='lat' dir='ltr'><strong>In</strong></span> <span class='ocrx_word' id='word_1_111' title='bbox 1199 1193 1306 1240; x_wconf 90' lang='lat' dir='ltr'><strong>eius</strong></span> <span class='ocrx_word' id='word_1_112' title='bbox 1347 1193 1527 1255; x_wconf 92' lang='lat' dir='ltr'><strong>quippe</strong></span> <span class='ocrx_word' id='word_1_113' title='bbox 1567 1189 1946 1256; x_wconf 86' lang='lat' dir='ltr'><strong>inoboedientia,</strong></span> 
     </span>
     <span class='ocr_line' id='line_1_19' title="bbox 261 1263 1946 1329; baseline 0.001 -17"><span class='ocrx_word' id='word_1_114' title='bbox 261 1278 386 1327; x_wconf 85' lang='lat' dir='ltr'><strong>quae</strong></span> <span class='ocrx_word' id='word_1_115' title='bbox 426 1264 653 1328; x_wconf 83' lang='lat' dir='ltr'><strong>genitalia</strong></span> <span class='ocrx_word' id='word_1_116' title='bbox 693 1267 917 1329; x_wconf 88' lang='lat' dir='ltr'><strong>corporis</strong></span> <span class='ocrx_word' id='word_1_117' title='bbox 967 1265 1187 1314; x_wconf 89' lang='lat' dir='ltr'><strong>membra</strong></span> <span class='ocrx_word' id='word_1_118' title='bbox 1227 1264 1343 1313; x_wconf 91' lang='lat' dir='ltr'><strong>solis</strong></span> <span class='ocrx_word' id='word_1_119' title='bbox 1383 1266 1486 1314; x_wconf 91' lang='lat' dir='ltr'><strong>suis</strong></span> <span class='ocrx_word' id='word_1_120' title='bbox 1525 1263 1741 1313; x_wconf 89' lang='lat' dir='ltr'><strong>motibus</strong></span> <span class='ocrx_word' id='word_1_121' title='bbox 1781 1263 1946 1313; x_wconf 90' lang='lat' dir='ltr'><strong>subdi·</strong></span> 
     </span>
     <span class='ocr_line' id='line_1_20' title="bbox 261 1337 1944 1404; baseline 0.001 -19"><span class='ocrx_word' id='word_1_122' title='bbox 261 1337 332 1385; x_wconf 90' lang='lat' dir='ltr'><strong>dit</strong></span> <span class='ocrx_word' id='word_1_123' title='bbox 379 1343 430 1386; x_wconf 93' lang='lat' dir='ltr'><strong>et</strong></span> <span class='ocrx_word' id='word_1_124' title='bbox 474 1339 706 1401; x_wconf 89' lang='lat' dir='ltr'><strong>potestati</strong></span> <span class='ocrx_word' id='word_1_125' title='bbox 754 1338 1017 1387; x_wconf 89' lang='lat' dir='ltr'><strong>voluntatis</strong></span> <span class='ocrx_word' id='word_1_126' title='bbox 1066 1340 1270 1404; x_wconf 90' lang='lat' dir='ltr'><strong>eripuit,</strong></span> <span class='ocrx_word' id='word_1_127' title='bbox 1321 1339 1440 1387; x_wconf 89' lang='lat' dir='ltr'><strong>satis</strong></span> <span class='ocrx_word' id='word_1_128' title='bbox 1479 1337 1780 1404; x_wconf 90' lang='lat' dir='ltr'><strong>ostenditur,</strong></span> <span class='ocrx_word' id='word_1_129' title='bbox 1828 1337 1944 1401; x_wconf 90' lang='lat' dir='ltr'><strong>quid</strong></span> 
     </span>
     <span class='ocr_line' id='line_1_21' title="bbox 261 1409 1948 1476; baseline 0.001 -19"><span class='ocrx_word' id='word_1_130' title='bbox 261 1412 326 1458; x_wconf 89' lang='lat' dir='ltr'><strong>sit</strong></span> <span class='ocrx_word' id='word_1_131' title='bbox 356 1409 568 1459; x_wconf 91' lang='lat' dir='ltr'><strong>hominis</strong></span> <span class='ocrx_word' id='word_1_132' title='bbox 601 1410 670 1459; x_wconf 94' lang='lat' dir='ltr'><strong>illi</strong></span> <span class='ocrx_word' id='word_1_133' title='bbox 701 1413 888 1475; x_wconf 87' lang='lat' dir='ltr'><strong>primae</strong></span> <span class='ocrx_word' id='word_1_134' title='bbox 929 1411 1321 1460; x_wconf 87' lang='lat' dir='ltr'><strong>inoboedientiae</strong></span> <span class='ocrx_word' id='word_1_135' title='bbox 1362 1410 1686 1476; x_wconf 84' lang='lat' dir='ltr'><strong>retributum3</strong></span> <span class='ocrx_word' id='word_1_136' title='bbox 1727 1411 1857 1475; x_wconf 91' lang='lat' dir='ltr'><strong>quod</strong></span> <span class='ocrx_word' id='word_1_137' title='bbox 1897 1413 1948 1459; x_wconf 89' lang='lat' dir='ltr'><strong>in</strong></span> 
     </span>
     <span class='ocr_line' id='line_1_22' title="bbox 260 1485 1946 1551; baseline 0.001 -21"><span class='ocrx_word' id='word_1_138' title='bbox 260 1498 316 1531; x_wconf 89' lang='lat' dir='ltr'><strong>ea</strong></span> <span class='ocrx_word' id='word_1_139' title='bbox 366 1489 504 1547; x_wconf 90' lang='lat' dir='ltr'><strong>parte</strong></span> <span class='ocrx_word' id='word_1_140' title='bbox 557 1485 765 1533; x_wconf 87' lang='lat' dir='ltr'><strong>maxime</strong></span> <span class='ocrx_word' id='word_1_141' title='bbox 817 1487 1037 1549; x_wconf 87' lang='lat' dir='ltr'><strong>oportuit</strong></span> <span class='ocrx_word' id='word_1_142' title='bbox 1087 1500 1354 1551; x_wconf 88' lang='lat' dir='ltr'><strong>apparere,</strong></span> <span class='ocrx_word' id='word_1_143' title='bbox 1402 1500 1497 1548; x_wconf 90' lang='lat' dir='ltr'><strong>qua</strong></span> <span class='ocrx_word' id='word_1_144' title='bbox 1536 1490 1801 1548; x_wconf 88' lang='lat' dir='ltr'><strong>generatur</strong></span> <span class='ocrx_word' id='word_1_145' title='bbox 1840 1485 1946 1549; x_wconf 88' lang='lat' dir='ltr'><strong>ipsa</strong></span> 
     </span>
     <span class='ocr_line' id='line_1_23' title="bbox 259 1558 1947 1623; baseline 0.001 -19"><span class='ocrx_word' id='word_1_146' title='bbox 259 1562 456 1621; x_wconf 89' lang='lat' dir='ltr'><strong>natura,</strong></span> <span class='ocrx_word' id='word_1_147' title='bbox 511 1572 634 1621; x_wconf 89' lang='lat' dir='ltr'><strong>quae</strong></span> <span class='ocrx_word' id='word_1_148' title='bbox 674 1558 756 1606; x_wconf 94' lang='lat' dir='ltr'><strong>illo</strong></span> <span class='ocrx_word' id='word_1_149' title='bbox 795 1560 955 1623; x_wconf 92' lang='lat' dir='ltr'><strong>primo</strong></span> <span class='ocrx_word' id='word_1_150' title='bbox 997 1565 1046 1607; x_wconf 86' lang='lat' dir='ltr'><strong>et</strong></span> <span class='ocrx_word' id='word_1_151' title='bbox 1083 1574 1258 1623; x_wconf 88' lang='lat' dir='ltr'><strong>magno</strong></span> <span class='ocrx_word' id='word_1_152' title='bbox 1299 1560 1350 1607; x_wconf 92' lang='lat' dir='ltr'><strong>in</strong></span> <span class='ocrx_word' id='word_1_153' title='bbox 1390 1558 1609 1607; x_wconf 90' lang='lat' dir='ltr'><strong>deterius</strong></span> <span class='ocrx_word' id='word_1_154' title='bbox 1649 1564 1725 1606; x_wconf 92' lang='lat' dir='ltr'><strong>est</strong></span> <span class='ocrx_word' id='word_1_155' title='bbox 1763 1564 1947 1606; x_wconf 83' lang='lat' dir='ltr'><strong>mutata</strong></span> 
     </span>
     <span class='ocr_line' id='line_1_24' title="bbox 258 1630 1948 1699; baseline 0.001 -21"><span class='ocrx_word' id='word_1_156' title='bbox 258 1636 484 1695; x_wconf 84' lang='lat' dir='ltr'><strong>peccat03</strong></span> <span class='ocrx_word' id='word_1_157' title='bbox 526 1646 551 1678; x_wconf 88' lang='lat' dir='ltr'><strong>a</strong></span> <span class='ocrx_word' id='word_1_158' title='bbox 592 1632 733 1680; x_wconf 90' lang='lat' dir='ltr'><strong>cuius</strong></span> <span class='ocrx_word' id='word_1_159' title='bbox 773 1647 903 1680; x_wconf 85' lang='lat' dir='ltr'><strong>nexu</strong></span> <span class='ocrx_word' id='word_1_160' title='bbox 944 1632 1107 1681; x_wconf 90' lang='lat' dir='ltr'><strong>nullus</strong></span> <span class='ocrx_word' id='word_1_161' title='bbox 1147 1634 1362 1699; x_wconf 88' lang='lat' dir='ltr'><strong>eruitur,</strong></span> <span class='ocrx_word' id='word_1_162' title='bbox 1400 1633 1496 1680; x_wconf 92' lang='lat' dir='ltr'><strong>nisi</strong></span> <span class='ocrx_word' id='word_1_163' title='bbox 1535 1630 1608 1697; x_wconf 91' lang='lat' dir='ltr'><strong>id,</strong></span> <span class='ocrx_word' id='word_1_164' title='bbox 1648 1630 1794 1696; x_wconf 88' lang='lat' dir='ltr'><strong>quod,</strong></span> <span class='ocrx_word' id='word_1_165' title='bbox 1834 1646 1948 1680; x_wconf 90' lang='lat' dir='ltr'><strong>cum</strong></span> 
     </span>
     <span class='ocr_line' id='line_1_25' title="bbox 262 1705 1947 1771; baseline 0.001 -20"><span class='ocrx_word' id='word_1_166' title='bbox 262 1718 432 1752; x_wconf 88' lang='lat' dir='ltr'><strong>omnes</strong></span> <span class='ocrx_word' id='word_1_167' title='bbox 470 1705 522 1752; x_wconf 92' lang='lat' dir='ltr'><strong>in</strong></span> <span class='ocrx_word' id='word_1_168' title='bbox 562 1719 661 1753; x_wconf 92' lang='lat' dir='ltr'><strong>uno</strong></span> <span class='ocrx_word' id='word_1_169' title='bbox 702 1712 890 1771; x_wconf 89' lang='lat' dir='ltr'><strong>essent,</strong></span> <span class='ocrx_word' id='word_1_170' title='bbox 937 1708 988 1754; x_wconf 92' lang='lat' dir='ltr'><strong>in</strong></span> <span class='ocrx_word' id='word_1_171' title='bbox 1037 1720 1347 1754; x_wconf 91' lang='lat' dir='ltr'><strong>communem</strong></span> <span class='ocrx_word' id='word_1_172' title='bbox 1387 1706 1657 1770; x_wconf 90' lang='lat' dir='ltr'><strong>perniciem</strong></span> <span class='ocrx_word' id='word_1_173' title='bbox 1696 1711 1947 1769; x_wconf 90' lang='lat' dir='ltr'><strong>perpetra-</strong></span> 
     </span>
     <span class='ocr_line' id='line_1_26' title="bbox 262 1777 1947 1845; baseline 0.001 -21"><span class='ocrx_word' id='word_1_174' title='bbox 262 1783 367 1825; x_wconf 88' lang='lat' dir='ltr'><strong>tum</strong></span> <span class='ocrx_word' id='word_1_175' title='bbox 408 1782 484 1825; x_wconf 89' lang='lat' dir='ltr'><strong>est</strong></span> <span class='ocrx_word' id='word_1_176' title='bbox 523 1784 571 1826; x_wconf 93' lang='lat' dir='ltr'><strong>et</strong></span> <span class='ocrx_word' id='word_1_177' title='bbox 611 1777 699 1826; x_wconf 90' lang='lat' dir='ltr'><strong>Dei</strong></span> <span class='ocrx_word' id='word_1_178' title='bbox 738 1780 925 1828; x_wconf 89' lang='lat' dir='ltr'><strong>iustitia</strong></span> <span class='ocrx_word' id='word_1_179' title='bbox 963 1779 1290 1845; x_wconf 89' lang='lat' dir='ltr'><strong>vindicatum,</strong></span> <span class='ocrx_word' id='word_1_180' title='bbox 1329 1778 1418 1828; x_wconf 93' lang='lat' dir='ltr'><strong>Dei</strong></span> <span class='ocrx_word' id='word_1_181' title='bbox 1456 1779 1611 1844; x_wconf 88' lang='lat' dir='ltr'><strong>gratia</strong></span> <span class='ocrx_word' id='word_1_182' title='bbox 1650 1779 1701 1826; x_wconf 93' lang='lat' dir='ltr'><strong>in</strong></span> <span class='ocrx_word' id='word_1_183' title='bbox 1741 1777 1947 1843; x_wconf 87' lang='lat' dir='ltr'><strong>singulis</strong></span> 
     </span>
     <span class='ocr_line' id='line_1_27' title="bbox 261 1851 501 1914; baseline 0.008 -17"><span class='ocrx_word' id='word_1_184' title='bbox 261 1851 501 1914; x_wconf 87' lang='lat' dir='ltr'><strong>expietur.</strong></span> 
     </span>
    </p>
   </div>
   <div class='ocr_carea' id='block_1_7' title="bbox 910 1979 1288 2034">
    <p class='ocr_par' dir='ltr' id='par_1_7' title="bbox 910 1979 1288 2034">
     <span class='ocr_line' id='line_1_28' title="bbox 910 1979 1288 2034; baseline -0.003 0"><span class='ocrx_word' id='word_1_185' title='bbox 910 1979 1104 2034; x_wconf 80' lang='lat' dir='ltr'>CAPUT</span> <span class='ocrx_word' id='word_1_186' title='bbox 1144 1981 1288 2034; x_wconf 91' lang='lat' dir='ltr'>XXI.</span> 
     </span>
    </p>
   </div>
   <div class='ocr_carea' id='block_1_8' title="bbox 255 2084 1951 2285">
    <p class='ocr_par' dir='ltr' id='par_1_8' title="bbox 255 2084 1951 2285">
     <span class='ocr_line' id='line_1_29' title="bbox 261 2084 1949 2150; baseline 0.004 -19"><span class='ocrx_word' id='word_1_187' title='bbox 261 2084 337 2132; x_wconf 85' lang='lat' dir='ltr'><strong>De</strong></span> <span class='ocrx_word' id='word_1_188' title='bbox 370 2085 716 2135; x_wconf 82' lang='lat' dir='ltr'><strong>benedictione</strong></span> <span class='ocrx_word' id='word_1_189' title='bbox 746 2089 1162 2150; x_wconf 73' lang='lat' dir='ltr'><strong>multiplicandae</strong></span> <span class='ocrx_word' id='word_1_190' title='bbox 1188 2086 1522 2148; x_wconf 71' lang='lat' dir='ltr'><strong>fecunditatis</strong></span> <span class='ocrx_word' id='word_1_191' title='bbox 1546 2088 1800 2136; x_wconf 77' lang='lat' dir='ltr'><strong>humanae</strong></span> <span class='ocrx_word' id='word_1_192' title='bbox 1832 2095 1949 2137; x_wconf 87' lang='lat' dir='ltr'><strong>ante</strong></span> 
     </span>
     <span class='ocr_line' id='line_1_30' title="bbox 255 2161 1951 2223; baseline 0.004 -19"><span class='ocrx_word' id='word_1_193' title='bbox 255 2163 524 2218; x_wconf 87' lang='lat' dir='ltr'><strong>peccatum</strong></span> <span class='ocrx_word' id='word_1_194' title='bbox 563 2161 700 2221; x_wconf 85' lang='lat' dir='ltr'><strong>data,</strong></span> <span class='ocrx_word' id='word_1_195' title='bbox 741 2175 891 2221; x_wconf 81' lang='lat' dir='ltr'><strong>quam</strong></span> <span class='ocrx_word' id='word_1_196' title='bbox 927 2163 1313 2223; x_wconf 77' lang='lat' dir='ltr'><strong>praevaricatio</strong></span> <span class='ocrx_word' id='word_1_197' title='bbox 1352 2175 1451 2209; x_wconf 85' lang='lat' dir='ltr'><strong>non</strong></span> <span class='ocrx_word' id='word_1_198' title='bbox 1492 2162 1741 2210; x_wconf 81' lang='lat' dir='ltr'><strong>ademerit</strong></span> <span class='ocrx_word' id='word_1_199' title='bbox 1778 2167 1825 2210; x_wconf 87' lang='lat' dir='ltr'><strong>et</strong></span> <span class='ocrx_word' id='word_1_200' title='bbox 1864 2164 1951 2210; x_wconf 87' lang='lat' dir='ltr'><strong>cui</strong></span> 
     </span>
     <span class='ocr_line' id='line_1_31' title="bbox 703 2235 1494 2285; baseline 0 -3"><span class='ocrx_word' id='word_1_201' title='bbox 703 2235 927 2283; x_wconf 84' lang='lat' dir='ltr'><strong>libidinis</strong></span> <span class='ocrx_word' id='word_1_202' title='bbox 965 2236 1168 2284; x_wconf 83' lang='lat' dir='ltr'><strong>morbus</strong></span> <span class='ocrx_word' id='word_1_203' title='bbox 1207 2236 1494 2285; x_wconf 80' lang='lat' dir='ltr'><strong>accesserit.</strong></span> 
     </span>
    </p>
   </div>
   <div class='ocr_carea' id='block_1_9' title="bbox 260 2331 1948 2547">
    <p class='ocr_par' dir='ltr' id='par_1_9' title="bbox 260 2331 1948 2547">
     <span class='ocr_line' id='line_1_32' title="bbox 407 2331 1944 2400; baseline 0.004 -21"><span class='ocrx_word' id='word_1_204' title='bbox 407 2331 546 2380; x_wconf 82' lang='lat' dir='ltr'><strong>Absit</strong></span> <span class='ocrx_word' id='word_1_205' title='bbox 591 2334 771 2400; x_wconf 89' lang='lat' dir='ltr'><strong>itaque,</strong></span> <span class='ocrx_word' id='word_1_206' title='bbox 812 2342 867 2384; x_wconf 91' lang='lat' dir='ltr'><strong>ut</strong></span> <span class='ocrx_word' id='word_1_207' title='bbox 914 2336 1173 2385; x_wconf 89' lang='lat' dir='ltr'><strong>credamus</strong></span> <span class='ocrx_word' id='word_1_208' title='bbox 1206 2336 1315 2384; x_wconf 89' lang='lat' dir='ltr'><strong>illos</strong></span> <span class='ocrx_word' id='word_1_209' title='bbox 1355 2337 1589 2400; x_wconf 89' lang='lat' dir='ltr'><strong>coniuges</strong></span> <span class='ocrx_word' id='word_1_210' title='bbox 1628 2338 1679 2384; x_wconf 90' lang='lat' dir='ltr'><strong>in</strong></span> <span class='ocrx_word' id='word_1_211' title='bbox 1718 2337 1944 2400; x_wconf 86' lang='lat' dir='ltr'><strong>paradiso</strong></span> 
     </span>
     <span class='ocr_line' id='line_1_33' title="bbox 260 2407 1946 2477; baseline 0.004 -25"><span class='ocrx_word' id='word_1_212' title='bbox 260 2407 555 2453; x_wconf 88' lang='lat' dir='ltr'><strong>constitutos</strong></span> <span class='ocrx_word' id='word_1_213' title='bbox 586 2421 677 2469; x_wconf 91' lang='lat' dir='ltr'><strong>per</strong></span> <span class='ocrx_word' id='word_1_214' title='bbox 708 2407 831 2456; x_wconf 90' lang='lat' dir='ltr'><strong>hanc</strong></span> <span class='ocrx_word' id='word_1_215' title='bbox 862 2409 1130 2477; x_wconf 90' lang='lat' dir='ltr'><strong>libidinem,</strong></span> <span class='ocrx_word' id='word_1_216' title='bbox 1171 2409 1229 2458; x_wconf 92' lang='lat' dir='ltr'><strong>de</strong></span> <span class='ocrx_word' id='word_1_217' title='bbox 1264 2425 1359 2474; x_wconf 89' lang='lat' dir='ltr'><strong>qua</strong></span> <span class='ocrx_word' id='word_1_218' title='bbox 1398 2408 1736 2458; x_wconf 91' lang='lat' dir='ltr'><strong>erubescendo</strong></span> <span class='ocrx_word' id='word_1_219' title='bbox 1777 2409 1946 2458; x_wconf 89' lang='lat' dir='ltr'><strong>eadem</strong></span> 
     </span>
     <span class='ocr_line' id='line_1_34' title="bbox 260 2477 1948 2547; baseline 0.003 -22"><span class='ocrx_word' id='word_1_220' title='bbox 260 2477 480 2526; x_wconf 87' lang='lat' dir='ltr'><strong>membra</strong></span> <span class='ocrx_word' id='word_1_221' title='bbox 526 2484 780 2545; x_wconf 87' lang='lat' dir='ltr'><strong>texerunt,</strong></span> <span class='ocrx_word' id='word_1_222' title='bbox 827 2482 1117 2545; x_wconf 89' lang='lat' dir='ltr'><strong>impleturos</strong></span> <span class='ocrx_word' id='word_1_223' title='bbox 1158 2484 1310 2531; x_wconf 87' lang='lat' dir='ltr'><strong>fuisse</strong></span> <span class='ocrx_word' id='word_1_224' title='bbox 1363 2482 1493 2547; x_wconf 92' lang='lat' dir='ltr'><strong>quod</strong></span> <span class='ocrx_word' id='word_1_225' title='bbox 1533 2484 1584 2530; x_wconf 92' lang='lat' dir='ltr'><strong>in</strong></span> <span class='ocrx_word' id='word_1_226' title='bbox 1625 2497 1711 2531; x_wconf 88' lang='lat' dir='ltr'><strong>sua</strong></span> <span class='ocrx_word' id='word_1_227' title='bbox 1751 2481 1948 2531; x_wconf 87' lang='lat' dir='ltr'><strong>benedi-</strong></span> 
     </span>
    </p>
   </div>
   <div class='ocr_carea' id='block_1_10' title="bbox 171 2549 1948 2618">
    <p class='ocr_par' dir='ltr' id='par_1_10' title="bbox 171 2549 1948 2618">
     <span class='ocr_line' id='line_1_35' title="bbox 171 2549 1948 2618; baseline 0.002 -17"><span class='ocrx_word' id='word_1_228' title='bbox 171 2562 228 2601; x_wconf 91' lang='lat'><strong>30</strong></span> <span class='ocrx_word' id='word_1_229' title='bbox 261 2552 423 2599; x_wconf 90' lang='lat' dir='ltr'><strong>ctione</strong></span> <span class='ocrx_word' id='word_1_230' title='bbox 469 2549 601 2600; x_wconf 91' lang='lat' dir='ltr'><strong>Deus</strong></span> <span class='ocrx_word' id='word_1_231' title='bbox 656 2551 799 2601; x_wconf 86' lang='lat' dir='ltr'><strong>dixit:</strong></span> <span class='ocrx_word' id='word_1_232' title='bbox 861 2555 1081 2604; x_wconf 84' lang='lat' dir='ltr'><strong>Crescite</strong></span> <span class='ocrx_word' id='word_1_233' title='bbox 1131 2563 1180 2605; x_wconf 91' lang='lat' dir='ltr'><strong>et</strong></span> <span class='ocrx_word' id='word_1_234' title='bbox 1224 2558 1628 2618; x_wconf 83' lang='lat' dir='ltr'><strong>multiplicamini</strong></span> <span class='ocrx_word' id='word_1_235' title='bbox 1674 2561 1723 2604; x_wconf 89' lang='lat' dir='ltr'><strong>et</strong></span> <span class='ocrx_word' id='word_1_236' title='bbox 1760 2559 1948 2617; x_wconf 87' lang='lat' dir='ltr'><strong>replete</strong></span> 
     </span>
    </p>
   </div>
   <div class='ocr_carea' id='block_1_11' title="bbox 260 2623 1943 2777">
    <p class='ocr_par' dir='ltr' id='par_1_11' title="bbox 260 2623 1943 2777">
     <span class='ocr_line' id='line_1_36' title="bbox 260 2623 1943 2694; baseline 0.003 -22"><span class='ocrx_word' id='word_1_237' title='bbox 260 2631 465 2673; x_wconf 87' lang='lat' dir='ltr'><strong>terram.</strong></span> <span class='ocrx_word' id='word_1_238' title='bbox 543 2623 662 2673; x_wconf 88' lang='lat' dir='ltr'><strong>Post</strong></span> <span class='ocrx_word' id='word_1_239' title='bbox 692 2634 948 2689; x_wconf 88' lang='lat' dir='ltr'><strong>peccatum</strong></span> <span class='ocrx_word' id='word_1_240' title='bbox 982 2630 1160 2692; x_wconf 91' lang='lat' dir='ltr'><strong>quippe</strong></span> <span class='ocrx_word' id='word_1_241' title='bbox 1203 2637 1308 2678; x_wconf 90' lang='lat' dir='ltr'><strong>orta</strong></span> <span class='ocrx_word' id='word_1_242' title='bbox 1348 2636 1423 2678; x_wconf 88' lang='lat' dir='ltr'><strong>est</strong></span> <span class='ocrx_word' id='word_1_243' title='bbox 1461 2629 1582 2678; x_wconf 85' lang='lat' dir='ltr'><strong>haec</strong></span> <span class='ocrx_word' id='word_1_244' title='bbox 1620 2627 1791 2694; x_wconf 86' lang='lat' dir='ltr'><strong>libid03</strong></span> <span class='ocrx_word' id='word_1_245' title='bbox 1831 2635 1943 2694; x_wconf 90' lang='lat' dir='ltr'><strong>post</strong></span> 
     </span>
     <span class='ocr_line' id='line_1_37' title="bbox 378 2721 780 2777; baseline 0 -12"><span class='ocrx_word' id='word_1_246' title='bbox 378 2723 454 2777; x_wconf 85' lang='lat'><strong>31)</strong></span> <span class='ocrx_word' id='word_1_247' title='bbox 489 2721 600 2766; x_wconf 83' lang='lat' dir='ltr'><strong>Gen.</strong></span> <span class='ocrx_word' id='word_1_248' title='bbox 639 2729 676 2777; x_wconf 89' lang='lat'><strong>1,</strong></span> <span class='ocrx_word' id='word_1_249' title='bbox 710 2726 780 2766; x_wconf 79' lang='lat'><strong>28.</strong></span> 
     </span>
    </p>
   </div>
   <div class='ocr_carea' id='block_1_12' title="bbox 263 2854 1947 2970">
    <p class='ocr_par' dir='ltr' id='par_1_12' title="bbox 263 2854 1947 2970">
     <span class='ocr_line' id='line_1_38' title="bbox 379 2854 1947 2913; baseline 0.003 -17"><span class='ocrx_word' id='word_1_250' title='bbox 379 2859 434 2896; x_wconf 82' lang='lat'><strong>25</strong></span> <span class='ocrx_word' id='word_1_251' title='bbox 469 2854 581 2898; x_wconf 74' lang='lat' dir='ltr'><strong>data</strong></span> <span class='ocrx_word' id='word_1_252' title='bbox 614 2854 678 2907; x_wconf 89' lang='lat' dir='ltr'><strong>V;</strong></span> <span class='ocrx_word' id='word_1_253' title='bbox 708 2867 789 2898; x_wconf 88' lang='lat' dir='ltr'><strong>om.</strong></span> <span class='ocrx_word' id='word_1_254' title='bbox 815 2868 841 2897; x_wconf 86' lang='lat' dir='ltr'><strong><em>v</em></strong></span> <span class='ocrx_word' id='word_1_255' title='bbox 865 2856 880 2910; x_wconf 77' lang='grc' dir='ltr'><strong>ΙΙ</strong></span> <span class='ocrx_word' id='word_1_256' title='bbox 904 2854 1132 2899; x_wconf 79' lang='lat' dir='ltr'><strong>ademerit</strong></span> <span class='ocrx_word' id='word_1_257' title='bbox 1154 2858 1293 2912; x_wconf 74' lang='lat' dir='ltr'><strong>(quod</strong></span> <span class='ocrx_word' id='word_1_258' title='bbox 1315 2858 1366 2900; x_wconf 79' lang='lat' dir='ltr'><strong>in</strong></span> <span class='ocrx_word' id='word_1_259' title='bbox 1391 2859 1456 2902; x_wconf 78' lang='lat' dir='ltr'><strong>ed.</strong></span> <span class='ocrx_word' id='word_1_260' title='bbox 1484 2859 1530 2901; x_wconf 85' lang='grc' dir='ltr'><strong>Ι.</strong></span> <span class='ocrx_word' id='word_1_261' title='bbox 1556 2858 1851 2913; x_wconf 73' lang='lat' dir='ltr'><strong>coniecerant)</strong></span> <span class='ocrx_word' id='word_1_262' title='bbox 1883 2856 1947 2911; x_wconf 83' lang='lat' dir='ltr'><strong>V,-</strong></span> 
     </span>
     <span class='ocr_line' id='line_1_39' title="bbox 263 2910 945 2970; baseline 0.006 -17"><span class='ocrx_word' id='word_1_263' title='bbox 263 2910 492 2955; x_wconf 78' lang='lat' dir='ltr'><strong>adimeret</strong></span> <span class='ocrx_word' id='word_1_264' title='bbox 521 2927 546 2956; x_wconf 84' lang='lat' dir='ltr'><em>v</em></span> <span class='ocrx_word' id='word_1_265' title='bbox 569 2915 585 2969; x_wconf 68' lang='grc' dir='ltr'><strong>ΙΙ</strong></span> <span class='ocrx_word' id='word_1_266' title='bbox 608 2917 665 2956; x_wconf 86' lang='grc'><strong>30</strong></span> <span class='ocrx_word' id='word_1_267' title='bbox 695 2913 887 2970; x_wconf 78' lang='lat' dir='ltr'><strong>implete</strong></span> <span class='ocrx_word' id='word_1_268' title='bbox 919 2926 945 2956; x_wconf 82' lang='lat' dir='ltr'><strong><em>v</em></strong></span> 
     </span>
    </p>
   </div>
  </div>
 </body>
</html>
