2054 3152
568 169 634 200 DE
660 168 900 201 CIVITATE
924 170 1012 201 DEI
1036 169 1078 201 L.
1103 170 1205 202 XIV.
1230 170 1267 203 C.
1294 171 1345 202 12.
1372 172 1424 202 13.
1771 159 1839 210 31

828 319 1023 374 CAPUT
1064 321 1183 374 XII.

270 415 346 463 De
383 391 629 474 qualitate
661 416 868 475 peccati
904 428 936 461 a
970 416 1152 475 prime's
1190 416 1471 463 hominibus
1512 417 1730 464 adme'sse‘.

314 515 366 564 Si
413 531 559 579 quem
607 531 722 564 vero
770 523 958 583 movet,
1006 531 1096 564 cur
1142 515 1248 564 aliis
1298 518 1514 582 peccatis
1561 518 1631 565 sic
1671 524 1844 566 natura

160 605 261 639 non
302 596 523 638 mutetur
569 589 803 655 humana,
851 605 998 653 quem
1038 589 1096 638 ad
1136 589 1335 638 modum
1374 589 1453 637 illa
1494 589 1705 639 duorum
1744 593 1846 655 pri-

165 678 360 712 morum
406 662 662 711 hominum
715 664 1134 727 praevaricatione
1191 669 1375 712 mutata
1426 669 1521 729 est,
1576 670 1632 712 ut
1682 671 1844 713 tantae
1877 673 1903 712 5

164 738 487 802 corruptioni,
527 743 759 800 quantam
789 736 1011 785 videmus
1043 743 1189 800 atque
1222 738 1477 802 sentimuS‚
1517 743 1567 786 et
1597 752 1687 801 per
1719 737 1845 786 hane

163 809 440 859 subiaceret
480 816 529 858 et
567 812 716 858 morti
748 825 803 859 ac
842 816 916 859 tot
955 816 1005 859 et
1042 812 1191 859 tantis
1230 816 1428 874 tamque
1467 812 1598 859 inter
1638 826 1689 859 se
1731 826 1844 859 con-

157 885 324 933 trariis
379 881 760 948 perturbaretur
821 890 870 932 et
923 883 1186 933 fluctuaret
1241 883 1519 950 affectib11S‚
1583 884 1739 947 qualis
1793 886 1844 932 in

157 957 382 1023 paradiso
431 963 542 1006 ante
589 963 869 1023 peccatum,
919 957 1035 1006 licet
1088 959 1139 1005 in
1197 972 1404 1021 corpore
1453 957 1649 1006 animali
1700 965 1845 1023 esset,

157 1033 330 1095 utique
363 1046 462 1079 non
494 1031 587 1079 fuit
625 1058 698 1065 ——
738 1033 779 1079 si
811 1032 922 1094 quis
953 1031 1046 1079 hoc
1079 1037 1320 1096 movetur,
1359 1037 1414 1079 ut
1446 1031 1560 1096 dixi,
1600 1046 1699 1079 non
1730 1031 1841 1080 ideo
1878 1041 1931 1080 10

159 1104 306 1153 debet
345 1105 625 1153 existimare
677 1103 782 1152 leve
822 1119 878 1153 ac
916 1119 1120 1168 parvum
1160 1103 1279 1153 illud
1320 1104 1472 1152 fuisse
1513 1106 1845 1169 commissum,

160 1180 273 1242 quia
306 1179 356 1226 in
390 1192 502 1226 esca
534 1178 716 1226 factum
757 1184 847 1243 est,
887 1193 986 1225 non
1019 1178 1218 1241 quidem
1258 1177 1382 1225 mala
1423 1193 1514 1226 nee
1552 1179 1711 1243 nox-ia,
1749 1179 1846 1226 nisi

159 1253 273 1316 quia
318 1249 587 1316 prohibita3
641 1265 803 1314 neque
852 1252 983 1299 enim
1031 1252 1293 1314 quiequam
1343 1250 1455 1299 mali
1494 1250 1625 1300 Deus
1672 1253 1723 1299 in
1762 1250 1844 1298 illo

159 1331 323 1374 tantae
374 1324 620 1373 felicitatis
659 1324 768 1372 loco
809 1330 1002 1373 crearet
1041 1331 1187 1388 atque
1226 1324 1483 1389 plantaret.
1563 1323 1659 1372 Sed
1699 1323 1844 1372 oboe—

161 1399 344 1448 dientia
375 1397 715 1447 commendata
747 1405 823 1446 est
853 1399 904 1446 in
935 1404 1217 1463 praecepto,
1258 1413 1382 1462 quae
1422 1399 1579 1446 virtus
1619 1399 1670 1445 in
1710 1413 1842 1446 orea—
1878 1408 1931 1447 15

159 1479 271 1521 tura
310 1471 534 1520 rationali
573 1477 728 1520 mater
767 1471 979 1535 quodam
1019 1472 1164 1520 modo
1206 1478 1295 1523 est*
1319 1473 1539 1520 omnium
1579 1477 1845 1534 custosque

161 1548 420 1611 virtutum3
476 1544 670 1608 quando
728 1545 928 1609 quidem
981 1547 1047 1594 ita
1095 1546 1221 1593 faeta
1269 1551 1364 1611 est,
1410 1551 1466 1593 ut
1517 1546 1562 1593 ei
1601 1543 1845 1593 subditam

162 1635 269 1668 esse
311 1620 375 1668 sit
414 1617 558 1683 utile3
605 1620 940 1683 perniciosum
980 1626 1143 1668 autem
1185 1634 1344 1684 suam,
1396 1634 1495 1666 non
1535 1620 1642 1667 eius
1681 1634 1708 1666 a
1748 1633 1844 1682 quo

162 1699 325 1742 creata
381 1699 457 1741 est
503 1692 665 1740 faeere
712 1691 1027 1741 voluntatem.
1112 1692 1216 1740 Hoc
1266 1694 1431 1756 itaque
1484 1692 1543 1740 de
1597 1707 1697 1741 uno
1749 1691 1846 1740 eibi

162 1781 342 1830 genere
391 1780 490 1814 non
545 1764 758 1824 edendO,
805 1764 892 1813 ubi
939 1766 1147 1814 aliorum
1194 1772 1327 1814 tanta
1366 1767 1506 1829 copia
1546 1764 1843 1830 subiacebat,
1877 1776 1933 1815 20

164 1847 263 1889 tam
300 1838 407 1887 leve
447 1844 764 1902 praeceptum
806 1837 865 1886 ad
905 1838 1280 1904 observandum,
1318 1845 1419 1886 tam
1457 1837 1606 1886 breve
1647 1838 1704 1886 ad
1745 1853 1844 1886 me-

166 1914 321 1961 moria
353 1911 682 1976 retinendum,
720 1910 806 1959 ubi
845 1913 1137 1975 praesertim
1176 1911 1392 1960 nondum
1433 1911 1668 1960 voluntati
1710 1913 1845 1975 eupi-

167 1987 292 2035 ditas
324 1983 601 2050 resistebat,
642 1984 772 2048 quod
805 1984 865 2033 de
896 2000 1055 2050 poena
1086 1987 1493 2050 transgressionis
1523 1991 1694 2049 postea
1732 1983 1846 2033 sub-

169 2066 393 2108 secutum
434 2066 529 2124 est,
580 2064 715 2106 tanto
755 2059 939 2107 maiore
979 2060 1219 2107 iniustitia
1256 2058 1487 2107 violatum
1527 2064 1623 2124 est,
1663 2063 1844 2122 quanto

164 2132 383 2181 faciliore
423 2138 592 2197 posset
631 2130 939 2181 observantia
978 2131 1230 2181 custodiri.
1878 2142 1932 2182 25

811 2288 1008 2342 CAPUT
1047 2289 1194 2342 XIII.

229 2384 375 2442 Quod
412 2384 462 2431 in
497 2383 950 2444 praevaricatione
988 2382 1132 2431 Adae
1171 2396 1294 2444 opus
1332 2386 1517 2432 malum
1557 2386 1784 2432 voluntas

731 2457 1077 2517 praecesserit
1114 2459 1262 2504 mala.

311 2558 364 2606 ln
391 2558 590 2608 occulto
625 2565 787 2607 autem
821 2556 934 2605 mali
965 2571 1073 2605 esse
1114 2559 1401 2624 coeperunt,
1440 2566 1496 2608 ut
1534 2561 1584 2607 in
1625 2565 1843 2622 apertam

162 2631 576 2680 inoboedientiam
630 2631 928 2680 laberentur.
1022 2629 1129 2678 Non
1185 2633 1314 2679 enim
1370 2631 1428 2679 ad
1484 2632 1662 2680 malum
1719 2646 1842 2695 opus
1874 2641 1930 2680 30

281 2779 306 2817 2
339 2778 391 2817 ut
422 2774 571 2817 editur
604 2773 667 2826 V,·
698 2772 837 2829 primi
866 2771 1048 2828 peceati
1078 2785 1162 2828 per
1191 2770 1428 2815 hominem
1461 2771 1652 2815 admissi
1681 2785 1708 2814 v
1754 2773 1770 2827 ΙΙ
1815 2776 1839 2814 7

165 2834 212 2876 et
242 2832 383 2876 morti
425 2831 583 2885 VAF;
614 2831 755 2876 morti
784 2845 810 2875 v
834 2833 927 2887 [127
962 2844 1076 2887 opus
1118 2830 1181 2884 V,·
1221 2831 1279 2874 ad
1311 2843 1426 2886 opus
1458 2844 1482 2875 v
1507 2833 1601 2887 1128
1633 2844 1842 2887 praeees—

164 2890 276 2935 serit
314 2891 372 2947 V3
404 2890 657 2947 praecessit
686 2904 712 2934 v
