2044 3146
262 145 370 196 244
939 157 974 190 s.
998 157 1276 192 AUGUSTmt

262 285 359 318 non
408 271 592 334 inpune
642 269 859 319 sactulos
909 270 1327 335 consequentibus
1374 271 1556 321 indicat
1604 271 1828 322 versibus
1875 273 1944 322 di-

262 359 402 393 cens:
456 344 654 393 Etenim
699 345 843 393 homo
882 359 1032 406 paces
1083 359 1246 405 meae,
1304 348 1356 395 z'n
1394 360 1538 407 quem
1577 349 1804 409 speravi,
1859 350 1948 408 qui

261 419 443 467 edebat
473 434 636 480 panes
675 433 827 478 meOS,
875 421 1137 481 ampliavit
1172 435 1326 482 super
1364 435 1441 469 me
1480 423 1798 481 calcaneum,
1850 420 1943 470 hoc

260 499 336 540 cst
375 491 680 541 conculcavit
718 507 811 541 me.
894 492 964 542 Ta
1005 499 1185 559 autem,
1224 495 1399 558 inquit,
1439 495 1662 556 Domine,
1703 497 1944 544 miserere

258 568 358 615 mei
387 572 436 614 et
465 569 716 616 resuscita
748 580 837 626 me,
879 572 927 616 et
956 568 1170 617 reddam
1202 569 1311 616 illis.
1377 567 1496 625 Quis
1529 567 1622 624 hoc
1654 570 1749 616 iam
1782 576 1944 634 neget,

261 642 346 703 qui
384 639 590 689 Iudaeos
630 646 743 705 post
781 642 1061 704 passionem
1101 642 1619 705 resurrectionemque
1660 640 1844 691 Christi
1881 641 1942 691 de

258 712 460 763 sedibus
507 715 610 763 suis
656 713 830 763 bellica
880 722 1041 779 strage
1091 720 1141 763 et
1179 714 1368 763 excidio
1410 714 1631 764 funditus
1670 715 1942 764 eradicatos

258 784 425 838 videt?
488 787 694 837 Occisus
728 790 859 837 enim
892 787 950 836 ab
992 790 1063 837 eis
1103 790 1378 838 resurrexit
1417 795 1467 837 et
1505 787 1720 837 reddidit
1760 791 1830 838 eis
1870 791 1941 838 in-

257 864 403 911 terim
435 863 782 927 temporariam
815 861 1136 927 disciplinam,
1168 869 1375 926 excepto
1409 862 1539 926 quod
1572 878 1670 911 non
1704 865 1943 912 correctis

170 945 224 984 10
258 942 433 1002 servat,
470 935 668 1000 ‘quando
705 937 839 984 vivos
873 942 922 984 et
952 942 1175 985 mortuos
1215 935 1464 985 iudicabit.
1540 935 1663 984 Nam
1703 935 1941 986 Dominus

255 1010 361 1074 ipse
400 1009 539 1059 Iesus
578 1011 728 1059 istum
767 1011 930 1075 ipsum
969 1010 1258 1059 traditorem
1299 1024 1443 1059 suum
1482 1025 1573 1075 per
1611 1025 1788 1075 panem
1826 1026 1938 1075 por—

255 1091 448 1133 rectum
502 1083 768 1133 ostendens
830 1083 1063 1148 apostolis
1125 1083 1257 1133 hunc
1314 1085 1460 1133 etiam
1514 1099 1712 1133 versum
1765 1084 1939 1149 psalmi

255 1157 403 1207 huius
436 1159 835 1206 commemoravit
867 1164 916 1206 et
954 1159 1006 1206 in
1046 1173 1098 1206 se
1139 1157 1260 1207 dixit
1299 1157 1576 1222 impletum:
1624 1159 1724 1217 Qua·
1759 1159 1940 1208 edebat

247 1247 411 1293 panes
443 1246 588 1293 meos,
630 1234 890 1294 ampliavit
918 1247 1074 1293 super
1103 1246 1181 1281 me
1212 1235 1523 1282 calcaneum.
1602 1231 1743 1289 Quod
1776 1238 1939 1281 autem

169 1314 222 1353 15
256 1308 343 1355 ait:
393 1306 455 1355 In
494 1320 638 1367 quem
676 1308 903 1368 speravi,
955 1320 1055 1353 non
1107 1306 1337 1370 congruit
1377 1306 1548 1372 capiti,
1602 1305 1687 1354 sed
1729 1307 1939 1370 corpori.

253 1379 425 1444 Neque
458 1380 589 1428 enim
622 1378 872 1428 nesciebat
904 1394 1017 1428 eum
1049 1380 1155 1443 ipse
1189 1378 1421 1445 Salvator,
1462 1379 1521 1428 de
1554 1394 1651 1443 quo
1693 1386 1804 1428 ante
1843 1381 1940 1428 iam

255 1453 467 1502 dixerat:
516 1454 651 1503 Unus
683 1469 751 1502 ex
782 1454 918 1502 vobis
949 1468 1026 1502 me
1066 1455 1237 1502 tradet
1268 1459 1337 1502 et:
1377 1468 1507 1502 unus
1547 1468 1613 1502 ea:
1652 1454 1803 1502 vobis⁴
1828 1455 1935 1502 dia-

255 1529 396 1576 bolus
451 1533 536 1576 est.
617 1526 712 1576 Sed
769 1526 893 1575 solet
946 1529 996 1575 in
1045 1542 1096 1575 se
1143 1525 1480 1576 membrorum
1528 1541 1732 1576 suorum
1779 1533 1938 1576 trans-

254 1601 386 1649 ferre
426 1615 690 1665 personam
730 1607 779 1650 et
819 1599 912 1648 sibi
951 1599 1172 1649 tribuere
1214 1600 1344 1665 quod
1386 1606 1518 1649 esset
1555 1599 1775 1665 illorum,
1826 1602 1938 1664 quia

166 1683 221 1723 20
256 1681 402 1739 caput
459 1681 508 1723 et
563 1690 744 1739 corpus
798 1689 929 1723 unus
985 1682 1058 1723 est
1110 1673 1359 1739 Christus3
1407 1673 1538 1723 unde
1592 1673 1712 1723 illud
1763 1681 1839 1722 est
1888 1676 1938 1722 in

255 1747 527 1812 evangelio:
568 1749 787 1809 Esurivz',
829 1754 879 1797 et
909 1750 1117 1797 dedistis
1155 1750 1279 1798 mila·
1316 1751 1645 1808 manducare,
1686 1747 1816 1812 quod
1857 1763 1937 1796 ex·

252 1838 443 1887 ponens
492 1824 579 1871 ait:
638 1823 851 1882 Quando
898 1824 992 1871 uni
1028 1837 1094 1871 ex
1143 1825 1359 1871 minimis
1398 1824 1519 1871 meis
1552 1820 1769 1883 fecistiS,
1816 1823 1942 1870 mihi

248 1895 457 1957 fecistis.
545 1896 607 1944 Se
670 1898 836 1961 itaque
899 1895 1020 1945 dixit
1081 1911 1336 1960 sperasse,
1399 1894 1531 1959 quod
1592 1902 1711 1944 tunc
1773 1910 1936 1959 spera-

254 1976 426 2018 verant
473 1969 531 2018 de
580 1969 699 2019 Iuda
747 1969 975 2034 discipuli
1023 1971 1151 2035 eiuS,
1203 1968 1398 2033 quando
1439 1977 1513 2018 est
1553 1974 1936 2018 connumeratus

162 2051 219 2092 25
253 2043 498 2108 apostolis

400 2116 567 2165 Iudaei
621 2123 784 2165 autem
837 2116 1113 2182 Christum,
1169 2131 1314 2180 quem
1363 2124 1588 2181 sperant,
1639 2117 1935 2165 moriturum

252 2205 360 2239 esse
402 2205 500 2238 non
533 2196 747 2254 sperant.
825 2189 940 2237 ldeo
981 2205 1126 2253 quem
1167 2189 1244 2238 lex
1285 2196 1334 2238 et
1371 2189 1640 2254 prophetae
1681 2189 1935 2239 adnuntia-

250 2270 445 2328 verunt,
483 2270 708 2312 nostrum
741 2277 849 2311 esse
889 2277 987 2311 non
1026 2269 1216 2328 putant,
1255 2262 1341 2312 sed
1381 2265 1548 2312 nescio
1589 2278 1736 2327 quem
1775 2278 1935 2331 suum,

253 2352 400 2401 quem
452 2336 546 2386 sibi
596 2336 808 2386 alienum
860 2351 885 2384 a
937 2338 1110 2385 mortis
1160 2339 1388 2401 passione
1440 2338 1740 2401 confingunt.
1819 2336 1933 2386 Ideo

162 2421 219 2461 30
252 2410 463 2460 mirabili
513 2412 725 2459 vanitate
777 2416 922 2474 atque
975 2411 1209 2459 caecitate
1260 2409 1434 2476 verba,
1488 2425 1610 2474 quae
1661 2412 1934 2476 posuimuS,

252 2501 350 2533 non
398 2492 607 2533 mortem
656 2490 705 2532 et
750 2485 1190 2550 resurrectionem,
1238 2483 1322 2533 sed
1371 2499 1597 2533 somnum
1646 2490 1693 2532 et
1741 2484 1932 2549 evigila·

370 2599 415 2652 5)
446 2597 521 2643 Ps.
545 2602 616 2650 40,
643 2601 669 2640 6
695 2611 791 2652 sqq.
858 2597 930 2652 14)
955 2595 1017 2640 10.
1047 2601 1114 2651 13,
1144 2602 1217 2651 183
1252 2601 1321 2641 26.
1387 2598 1459 2653 18)
1484 2597 1546 2642 10.
1573 2602 1613 2650 6,
1650 2602 1724 2651 703
1760 2601 1828 2652 13,
1862 2601 1929 2640 21.

252 2658 327 2712 21)
359 2656 441 2700 Mt.
474 2660 545 2710 25,
579 2659 648 2700 35.
713 2656 786 2710 23)
818 2654 883 2698 ib.
915 2659 986 2699 40.

201 575 224 612 ΕΠ

372 2838 423 2876 11
456 2833 583 2876 Iesus
613 2844 698 2879 om„
730 2831 776 2874 R
812 2833 828 2887 ΙΙ
869 2836 922 2875 17
954 2846 1071 2875 unus
1103 2845 1159 2875 ex
1197 2831 1329 2876 uobis
1361 2845 1434 2875 me
1465 2832 1621 2875 tradet:
1651 2833 1698 2875 et
1727 2846 1844 2875 unus
1877 2844 1931 2875 ex

250 2891 384 2935 uobis
417 2891 630 2935 diabolus
663 2893 735 2935 est
765 2889 836 2944 R,·
867 2904 940 2935 me
974 2916 1027 2922 —
1061 2904 1118 2934 ex
1146 2891 1278 2935 vobis
1308 2903 1392 2936 om.
1423 2905 1449 2934 v
