2054 3152
587 174 653 205 DE
680 173 918 206 CIVI'rA'rE
942 174 1031 205 DEI
1055 175 1099 207 L.
1125 174 1206 206 xv.
1231 174 1267 207 c.
1294 176 1349 207 20.
1737 163 1808 216 99

767 335 770 337 “
789 340 983 394 CAPUT
1013 341 1131 395 XX.

123 454 199 502 De
237 466 307 511 ec,
347 453 483 512 quod
526 451 650 498 Cain
688 451 941 498 successio
981 451 1033 497 in
1073 455 1183 499 octo
1223 451 1288 498 ab
1320 451 1483 499 Adam
1518 453 1807 511 qenerate'o-

121 541 208 576 nes
247 527 527 585 clauditur,
568 530 618 574 et
657 525 708 571 in
742 525 959 585 posteris
999 524 1063 572 ab
1103 525 1275 573 eodem
1306 530 1461 586 patre
1499 524 1663 574 Adam
1702 526 1809 574 Noc

697 599 919 647 decimus
959 598 1227 647 invenitur.

268 701 408 750 Dicet
447 701 644 765 aliquis:
690 700 781 766 „Si
827 701 920 749 hoc
966 699 1255 757 intendebat
1294 702 1507 767 scriptor
1547 701 1695 750 liuius
1734 701 1805 750 hi·
1839 712 1866 752 5

127 778 306 825 storiae
362 777 412 824 in
469 774 910 824 commemorandis
961 774 1362 839 generationibus
1414 791 1474 824 ex
1520 775 1672 824 Adam
1719 791 1809 840 per

126 850 280 899 filium
320 851 427 898 eius
462 849 598 915 Seth,
636 855 692 898 ut
729 864 820 914 per
858 848 964 897 illas
1002 849 1286 913 perveniret
1324 849 1382 898 ad
1422 846 1540 916 Noe,
1579 849 1671 899 sub
1713 865 1808 914 quo

121 924 305 973 sactum
345 931 421 973 est
460 923 712 989 diluvium,
752 938 778 971 a
818 938 915 987 quo
955 938 1131 971 rursus
1173 930 1524 973 contexeretur
1564 923 1683 972 ordo
1725 939 1807 971 na-

120 999 385 1063 scentium,
434 1013 530 1062 quo
577 998 860 1062 perveniret
906 997 964 1045 ad
1005 995 1272 1063 Abraham,
1320 1013 1346 1046 a
1394 1013 1491 1061 quo
1531 997 1805 1046 Matthaeus

121 1071 416 1136 evangelista
453 1073 628 1136 incipit
665 1072 1030 1136 generationeS,
1082 1069 1263 1134 quibus
1303 1070 1362 1119 ad
1404 1070 1654 1120 Christum
1693 1087 1803 1136 per-
1840 1082 1896 1121 10

120 1147 251 1194 venit
298 1152 556 1194 aeternum
602 1159 772 1209 regem
819 1145 1029 1193 civitatis
1079 1143 1187 1193 Dei:
1247 1145 1365 1209 quid
1419 1144 1706 1194 intendebat
1753 1147 1805 1193 in

117 1217 520 1283 generationibus
568 1233 628 1266 ex
677 1217 795 1266 Cain
850 1225 899 1266 et
948 1233 1044 1281 quo
1095 1233 1177 1266 eas
1223 1219 1500 1282 perducere
1547 1214 1806 1267 volebat?“

122 1292 494 1358 Respondetur:
540 1291 707 1357 Usque
749 1292 807 1340 ad
848 1291 1110 1358 diluvium,
1155 1307 1252 1356 quo
1293 1299 1452 1341 totum
1491 1292 1611 1341 illud
1650 1308 1806 1357 genus

117 1374 345 1416 terrenae
394 1368 603 1416 civitatis
650 1365 966 1430 absumptum
1014 1373 1110 1431 est,
1159 1366 1245 1414 sed
1292 1374 1575 1431 reparatum
1624 1374 1699 1415 est
1746 1382 1803 1415 ex

116 1440 228 1490 filiis
266 1439 385 1491 Noe.
461 1440 633 1505 Neque
682 1442 815 1489 enim
854 1439 1026 1488 deesse
1066 1441 1251 1504 poterit
1288 1440 1410 1489 haec
1450 1447 1649 1489 terrena
1689 1442 1802 1489 civi-
1838 1450 1891 1490 15

114 1521 189 1563 tas
236 1516 545 1578 societasque
602 1514 858 1563 hominum
913 1513 1187 1563 secundum
1237 1514 1488 1563 hominem
1533 1516 1803 1564 viventium

113 1603 269 1653 usque
310 1588 370 1636 ad
408 1588 556 1637 huius
597 1587 782 1637 saeculi
818 1588 988 1654 finem,
1029 1587 1088 1636 de
1131 1603 1228 1652 quo
1268 1587 1507 1637 Dominus
1547 1590 1635 1638 ait:
1682 1590 1804 1638 Filia·

107 1665 304 1712 saeculi
354 1664 504 1711 huius
554 1668 809 1723 qenerant
855 1668 905 1712 et
953 1667 1286 1723 qenerantur.
1368 1660 1627 1711 Civitatem
1680 1677 1797 1711 vero

110 1735 199 1784 Dei
228 1737 628 1800 peregrinantem
659 1737 710 1784 in
748 1735 843 1783 hoc
883 1735 1078 1784 saeculo
1119 1738 1430 1799 regeneratio
1468 1736 1699 1800 perducit
1738 1737 1797 1784 ad

109 1809 320 1858 alterum
351 1808 616 1875 saeculum,
657 1811 797 1858 cuius
830 1808 917 1857 filii
947 1824 1039 1857 nec
1072 1815 1311 1873 generant
1349 1825 1441 1857 nec
1482 1816 1795 1873 generantur.
1830 1819 1886 1859 20

107 1882 198 1932 Hic
247 1898 363 1947 ergo
415 1885 642 1947 generari
692 1889 742 1931 et
786 1897 1024 1947 generare
1072 1884 1255 1931 civitati
1294 1884 1493 1946 utrique
1536 1898 1795 1932 commune

109 1963 207 2022 est3
256 1958 476 2020 quamvis
523 1955 613 2005 Dei
662 1957 830 2005 civitas
877 1955 1054 2004 habeat
1100 1958 1248 2005 etiam
1295 1956 1389 2005 hic-
1423 1956 1576 2006 multa
1616 1959 1797 2006 civium

107 2030 262 2096 milia,
308 2045 432 2094 quae
480 2029 539 2079 ab
587 2045 735 2095 opere
784 2029 1052 2094 generandi
1092 2045 1144 2078 se
1184 2029 1483 2096 abstineant3
1523 2030 1608 2079 sed
1648 2030 1796 2079 habet

108 2106 254 2153 etiam
285 2104 366 2153 illa
399 2119 458 2153 ex
489 2106 761 2154 imitatione
795 2104 1018 2170 quadam,
1055 2103 1171 2153 licet
1213 2106 1499 2153 errantium.
1576 2104 1648 2152 Ad
1688 2119 1794 2153 eam

106 2193 317 2243 namque
364 2180 617 2242 pertinent
656 2179 826 2243 etiam,
875 2179 960 2242 qui
1006 2177 1258 2226 deviantes
1299 2177 1358 2226 ab
1398 2177 1545 2227 huius
1585 2178 1679 2227 fide
1719 2178 1789 2226 di·
1821 2188 1878 2228 25

105 2266 272 2300 versas
316 2251 549 2301 haereses
597 2251 946 2317 condiderunt;
998 2250 1272 2300 secundum
1318 2251 1569 2300 hominem
1608 2253 1790 2317 quippe

106 2326 289 2391 vivunt,
328 2340 427 2373 non
460 2325 734 2375 secundum
763 2324 934 2374 Deum.
981 2324 1045 2373 Et
1082 2325 1318 2374 Indorum
1349 2325 1793 2390 gymnosophistae,

107 2401 192 2462 qui
230 2398 351 2448 nudi
390 2398 716 2464 perhibentur
754 2398 1090 2464 philosophari
1129 2400 1182 2447 in
1222 2398 1572 2449 solitudinibus
1611 2398 1793 2465 Indiae,

107 2474 238 2521 cives
293 2474 400 2521 eius
456 2479 593 2536 sunt,
647 2481 696 2521 et
744 2487 770 2520 a
816 2472 1096 2537 generando
1146 2488 1198 2521 se
1247 2471 1492 2522 cohibent.
1569 2472 1678 2522 Non
1718 2480 1795 2522 est

226 2601 299 2656 18)
330 2599 407 2644 Le.
440 2604 511 2655 20,
543 2604 615 2643 34.

223 2794 248 2832 5
283 2791 444 2834 auctor
475 2789 520 2833 R
550 2792 565 2846 ΙΙ
603 2795 657 2834 15
695 2792 962 2847 reparatum
1001 2791 1182 2847 (omisso
1214 2792 1301 2847 est)
1332 2805 1357 2834 v
1404 2793 1420 2847 ΙΙ
1466 2794 1521 2834 23
1554 2788 1792 2833 abstinent

104 2860 130 2890 v
153 2849 169 2902 ΙΙ
193 2852 247 2891 29
281 2849 404 2892 cives
436 2847 554 2905 eius]
596 2849 885 2894 continentes
926 2849 1126 2894 Glossar.
1166 2849 1395 2895 Salomon.
1435 2849 1511 2903 (G.
1550 2848 1708 2893 Loewe
1737 2849 1790 2893 in

59 2924 64 2929 ’
103 2906 206 2950 Act.
237 2909 384 2951 societ.
408 2908 569 2964 philol.
603 2907 731 2964 Lips.
773 2908 827 2964 V,
849 2922 960 2966 pay.
994 2912 1084 2955 335
1113 2913 1198 2965 sq.)

1375 2982 1433 3025 7*
