2004 3140
573 137 638 169 DE
661 135 901 169 cwrrA'rE
925 137 1014 169 Dm
1038 138 1082 170 L.
1108 139 1233 171 xxn.
1258 139 1295 171 c.
1320 140 1354 172 8.
1684 127 1788 179 571

104 250 238 299 velut
277 251 637 298 contemnentis
677 255 727 298 et
766 248 926 315 vultu,
971 251 1038 298 ita
1080 257 1133 299 ut
1170 250 1251 299 illa
1292 258 1557 312 metueret,
1606 267 1666 300 ne
1708 252 1790 301 ali·
1905 210 1923 234 ο

101 323 234 390 quod
276 321 686 372 contumeliosum
724 323 930 372 verbum
980 324 1229 388 proferret
1267 326 1317 373 in
1359 324 1631 391 Christum,
1679 326 1789 374 reli-

103 401 238 463 giosa
303 395 578 445 urbanitate
641 398 957 461 respondisse
1020 398 1201 446 fertur:
1262 398 1559 464 „Putabam‚
1614 401 1790 465 inquit,

100 485 332 535 magnum
365 470 546 534 aliquid
580 477 626 519 te
660 471 779 519 mihi
819 472 970 520 fuisse
1012 468 1301 521 dicturam.“
1374 473 1534 537 Atque
1574 473 1654 521 illa
1694 475 1790 522 iam

94 544 506 610 exhorrescente,
553 559 666 593 mox
712 545 919 594 addidit:
963 545 1130 611 „Quid
1184 545 1365 609 grande
1408 547 1523 595 fecit
1564 546 1790 596 Christus
1823 557 1848 596 5

100 633 273 668 sanare
314 633 573 684 cancrum,
619 620 702 682 qui
742 618 1134 683 quadriduanum
1174 626 1426 668 mortuum
1467 616 1791 670 suscitavit?“

99 692 204 742 Hoc
238 707 326 756 ego
361 707 474 741 cum
515 691 761 741 audissem
803 700 852 741 et
890 692 1207 742 vehementer
1248 693 1581 742 stomacharer
1619 696 1670 743 in
1710 694 1789 742 illa

103 768 297 816 civitate
339 772 485 830 atque
532 767 582 814 in
622 765 699 814 illa
750 782 962 831 persona
1002 782 1100 816 non
1141 768 1312 832 utique
1354 767 1564 816 obscura
1605 767 1788 817 factum

99 849 197 890 tam
236 841 410 904 ingens
458 839 748 889 miraculum
802 842 871 889 sic
910 840 1086 907 latere,
1132 840 1248 889 hinc
1289 856 1395 889 eam
1437 848 1485 890 et
1524 842 1787 890 admonen-

99 914 210 963 dam
257 919 306 962 et
350 928 505 978 paene
554 913 907 978 obiurgandam
952 916 1133 979 putavi.
1211 914 1344 972 Quae
1394 930 1507 964 cum
1546 915 1666 964 mihi
1706 931 1781 964 re·
1817 927 1872 966 10

99 987 381 1053 spondisset
411 1002 511 1036 non
551 1003 603 1036 se
637 987 749 1036 inde
783 990 1011 1055 tacuisse,
1053 990 1270 1053 quaesivi
1294 988 1353 1037 ab
1386 991 1472 1055 eiS,
1504 1004 1625 1052 quas
1658 990 1786 1038 forte

100 1069 219 1111 tunc
256 1067 505 1110 matronas
538 1063 858 1111 amicissimas
891 1077 1059 1112 secum
1085 1062 1308 1128 habebat,
1334 1071 1499 1112 utrum
1527 1063 1620 1111 hoc
1645 1070 1787 1112 antea

100 1137 327 1184 scissent.
388 1134 771 1199 Responderunt
803 1151 856 1185 se
882 1138 1080 1186 omnino
1107 1138 1339 1185 nescisse.
1402 1135 1547 1202 Ecce,
1571 1138 1787 1203 inquam,

100 1225 197 1273 quo
231 1209 374 1258 modo
408 1224 506 1257 non
539 1216 781 1275 taceS,·ut
813 1225 904 1258 nec
944 1212 1066 1259 istae
1108 1210 1320 1276 audiant,
1361 1225 1484 1275 quae
1526 1210 1614 1259 tibi
1654 1217 1786 1259 tanta

98 1282 424 1332 familiaritate
476 1284 763 1347 iunguntur.
839 1283 902 1332 Et
953 1286 1065 1348 quia
1116 1284 1333 1333 breviter
1382 1283 1440 1332 ab
1488 1299 1544 1332 ea
1598 1286 1786 1348 quaesi·
1823 1295 1877 1334 15

98 1371 279 1421 veram,
317 1357 412 1405 feci
450 1364 529 1423 ut,
569 1356 663 1406 illis
705 1357 1017 1406 audientibus
1058 1358 1364 1421 multumque
1406 1357 1699 1408 mirantibus
1740 1365 1790 1407 et

99 1429 486 1495 glorificantibus
533 1429 712 1496 Deum,
760 1438 916 1480 totum
959 1447 1016 1480 ex
1057 1432 1251 1498 ordine,
1302 1448 1447 1496 quem
1489 1431 1547 1480 ad
1589 1431 1786 1480 modum

99 1511 291 1568 gestum
332 1504 498 1570 fuerit,
537 1504 789 1554 indicaret.

246 1577 489 1627 Medicum
539 1579 782 1642 quendam
828 1579 1099 1643 podagrum
1146 1581 1194 1628 in
1247 1579 1417 1628 eadem
1458 1579 1602 1645 urbe,
1656 1578 1786 1643 [qui]

100 1666 213 1700 cum
254 1650 471 1700 dedisset
503 1667 682 1700 nomen
723 1653 779 1701 ad
821 1652 1120 1718 baptismum
1161 1660 1209 1702 et
1248 1653 1406 1717 pridie
1448 1668 1594 1717 quam
1633 1652 1787 1717 bapti·
1822 1664 1877 1703 20

99 1731 295 1774 zaretur
334 1726 384 1773 in
426 1727 610 1774 somnis
649 1741 674 1774 a
714 1728 884 1790 pueris
923 1728 1077 1791 nigris
1118 1728 1335 1792 cirrati-³,
1374 1742 1497 1790 quos
1536 1726 1786 1790 intellege-

100 1798 184 1847 bat
236 1798 531 1865 daemoneS,
579 1799 816 1864 baptizari
871 1800 1042 1849 eodem
1108 1816 1235 1848 anno
1282 1799 1562 1865 prohibitus
1614 1801 1788 1849 fuisset

100 1875 271 1936 eisque
311 1887 409 1922 non
457 1872 804 1938 obtemperans
852 1876 996 1923 etiam
1045 1873 1450 1923 conculcantibus
1488 1874 1639 1939 pedes
1680 1876 1787 1923 eius

100 1948 151 1995 in
202 1945 422 1995 dolorem
473 1938 795 2013 acerrimum,
850 1948 1042 2012 qualem
1095 1963 1362 2012 numquam
1417 1954 1650 2012 expertus
1698 1954 1787 2013 est,

99 2021 222 2068 isset
260 2022 511 2084 magisque
553 2036 638 2069 eos
678 2023 879 2070 vincens
919 2021 1110 2070 lavacro
1150 2023 1561 2087 regenerationiS,
1611 2028 1666 2069 ut
1705 2036 1784 2069 vo·
1819 2031 1874 2071 25

103 2099 254 2158 verat,
294 2092 423 2142 ablui
455 2109 554 2143 non
595 2094 882 2161 distulisset,
921 2097 971 2143 in
1011 2094 1301 2159 baptismate
1341 2096 1448 2159 ipso
1489 2109 1587 2142 non
1627 2094 1786 2143 solum

105 2166 288 2232 dolore,
329 2182 426 2232 quo
468 2167 597 2216 ultra
637 2168 835 2218 solitum
876 2168 1204 2234 cruciabatur,
1243 2183 1414 2217 verum
1455 2170 1600 2217 etiam
1640 2167 1786 2233 poda·

100 2256 186 2305 gra
225 2242 443 2290 caruisse
485 2257 575 2291 nec
616 2242 823 2307 amplius
834 2281 848 2308 ,
887 2258 998 2291 cum
1040 2242 1123 2291 diu
1163 2249 1333 2307 postea
1372 2243 1596 2308 vixisset,
1634 2241 1786 2306 pedes

102 2313 317 2363 doluisse
367 2317 477 2379 quis
525 2313 694 2364 novit?
770 2315 870 2364 Nos
918 2322 1081 2365 tamen
1136 2318 1360 2364 novimus
1413 2322 1462 2364 et
1500 2317 1785 2380 paucissimi

101 2388 280 2436 fratres
320 2389 378 2437 ad
418 2404 542 2452 quos
581 2389 630 2437 id
669 2391 831 2454 potuit
868 2392 1140 2454 pervenire.
1818 2401 1875 2440 30

250 2460 323 2509 Ex
362 2463 510 2510 mimo
551 2462 747 2526 quidam
789 2462 1121 2512 Curubitanus
1161 2478 1260 2511 non
1300 2462 1457 2511 solum
1498 2477 1523 2509 a
1562 2461 1785 2525 paralysi,

103 2549 274 2583 verum
322 2536 468 2583 etiam
515 2535 574 2584 ab
621 2536 819 2584 informi
866 2536 1084 2600 pondere
1125 2535 1430 2600 genitalium,
1479 2549 1591 2583 cum
1630 2534 1783 2604 bapti-

221 2663 264 2716 6)
295 2661 358 2706 Io.
395 2667 462 2705 11.

225 2813 276 2852 19
310 2809 389 2864 qui
419 2813 671 2865 suspectum
702 2813 765 2852 est
787 2810 803 2865 ΙΙ
827 2813 882 2852 25
914 2809 1029 2852 isset
1058 2808 1179 2852 RAv
1211 2808 1364 2862 (Flor.
1397 2813 1439 2865 1,
1472 2812 1536 2852 20
1567 2808 1617 2851 in
1648 2807 1784 2852 sudo-

102 2879 200 2911 rem
232 2869 377 2924 eunt);
411 2869 669 2913 aestuasset
698 2867 797 2925 2⁰²95
828 2866 1082 2912 exstitisset
1113 2867 1179 2922 ef²
