2054 3152
117 1111 171 1151 10

119 1478 173 1518 15

116 1846 173 1886 20

121 2214 176 2253 25

111 2580 175 2621 30

211 184 279 237 38
879 195 914 229 S.
939 195 1215 231 Auens'nm

211 308 337 358 Sunt
377 308 555 358 multae
588 309 848 373 variaeque
879 308 1121 374 libidines,
1162 323 1369 373 quarum
1410 306 1669 357 nonnullae
1709 307 1891 377 habent

206 384 356 432 etiam
395 381 628 431 vocabula
666 383 887 448 propria,
928 382 1165 447 quaedam
1205 396 1320 430 vero
1361 396 1459 428 non
1498 380 1692 431 habent.
1771 379 1891 439 Quis

209 458 338 505 enim
380 455 522 504 facile
563 455 765 522 dixerit,
805 455 922 520 quid
962 463 1164 505 vocetur
1203 453 1352 502 libido
1394 453 1696 521 dominandi,
1744 470 1891 520 quam

208 536 371 578 tamen
432 529 701 594 plurimum
770 529 931 578 valere
1004 531 1055 577 in
1125 535 1446 593 tyrannorum
1508 528 1681 577 animis
1744 531 1890 578 etiam

209 602 365 651 civilia
405 602 529 652 bella
568 600 851 653 testantur?

856 759 1046 813 CAPUT
1087 759 1234 812 XVI.

243 855 318 903 De
350 855 572 903 libidinis
612 857 757 908 malo,
798 855 943 902 cuius
986 866 1163 901 nomen
1205 866 1319 901 cum
1358 855 1523 902 multis
1562 855 1695 902 vitiis
1735 868 1850 904 con-

371 933 551 988 gruat,
587 930 797 989 proprie
836 932 1001 974 tamen
1041 927 1253 974 motibus
1292 927 1497 975 obsceni
1533 930 1721 976 caloris

484 998 496 1005 ‘
900 1000 1194 1048 ascribitur.

353 1102 473 1151 Cum
525 1104 675 1167 igitur
731 1105 827 1151 sint
883 1101 1148 1151 multarum
1194 1101 1421 1151 libidines
1468 1117 1659 1168 rerum,
1706 1110 1885 1170 tamen,

206 1192 317 1225 cum
349 1175 497 1224 libido
531 1176 712 1225 dicitur
751 1191 911 1240 neque
953 1177 1094 1225 cuius
1134 1177 1208 1225 rei
1246 1175 1395 1224 libido
1436 1177 1500 1224 sit
1538 1176 1748 1242 additur,
1788 1192 1887 1226 non

205 1251 308 1298 fere
349 1249 534 1299 adsolet
573 1252 733 1298 animo
774 1264 1040 1298 occurrere
1081 1250 1176 1298 nisi
1214 1248 1319 1316 illa,
1361 1264 1456 1313 qua
1495 1248 1737 1299 obscenae
1776 1265 1887 1315 par-

205 1330 280 1371 tes
322 1325 542 1388 corporis
592 1326 882 1372 excitantur.
958 1322 1090 1371 Haec
1141 1329 1305 1372 autem
1344 1322 1439 1371 sibi
1477 1338 1576 1371 non
1616 1323 1775 1372 solum
1814 1330 1886 1372 to·

206 1404 310 1446 tum
357 1412 538 1461 corpus
579 1412 669 1445 nec
718 1396 877 1445 solum
924 1398 1256 1463 extrinseGUS‚
1304 1411 1477 1445 verum
1530 1398 1674 1446 etiam
1714 1399 1890 1446 intrin-

207 1485 350 1519 secus
389 1470 602 1519 vindicat
648 1477 904 1534 totumque
955 1477 1229 1519 commovet
1267 1469 1517 1518 hominem
1558 1472 1706 1519 animi
1745 1469 1891 1519 simul

206 1544 383 1593 affectu
423 1559 536 1593 cum
577 1539 738 1592 carnis
778 1545 998 1608 appetitu
1039 1545 1303 1593 coniuncto
1344 1550 1490 1607 atque
1528 1546 1796 1610 permixto,
1836 1552 1891 1593 ut

207 1633 261 1666 ea
301 1617 523 1682 voluptas
564 1623 822 1682 sequatur,
869 1632 963 1680 qua
1010 1618 1165 1665 maior
1203 1618 1255 1665 in
1295 1619 1518 1681 corporis
1558 1617 1889 1683 voluptatibus

206 1690 338 1739 nulla
371 1697 466 1756 est3
506 1693 572 1740 ita
605 1697 659 1739 ut
693 1697 940 1739 momento
972 1692 1079 1755 ipso
1111 1692 1364 1756 temporiS,
1405 1706 1501 1754 quo
1536 1691 1594 1739 ad
1634 1693 1740 1740 eius
1779 1706 1888 1756 per-

206 1766 400 1813 venitur
432 1771 720 1829 extremum,
760 1779 915 1828 paene
949 1765 1107 1812 omnis
1140 1765 1269 1812 acies
1302 1770 1351 1812 et
1383 1766 1523 1828 quasi
1560 1764 1721 1828 vigilia
1762 1765 1890 1829 cogi·

207 1839 403 1886 tationis
454 1837 707 1886 obruatur.
785 1837 906 1895 Quis
954 1844 1118 1886 autem
1166 1838 1352 1886 amicus
1392 1840 1657 1902 sapientiae
1698 1844 1890 1887 sancto-

206 1926 415 1975 rumque
470 1910 759 1976 gaudiorum
816 1910 1121 1974 coniugalem
1176 1926 1324 1975 agens
1374 1913 1541 1978 vitam,
1596 1911 1708 1977 sed,
1762 1912 1892 1960 sicut

207 1985 455 2048 apostolus
495 1986 708 2050 monuit,
755 1987 920 2034 sciens
965 1999 1110 2033 suum
1149 1999 1238 2033 vas
1268 1987 1533 2047 possidere
1572 1987 1623 2033 z‘n
1662 1987 1885 2043 sanctifi·

207 2060 406 2107 catione
438 2064 487 2107 et
515 2060 721 2119 honore,
762 2072 860 2107 non
893 2060 944 2107 in
976 2059 1148 2106 morbo
1181 2059 1435 2117 desiderii,
1467 2060 1601 2107 sicut
1630 2063 1679 2106 et
1698 2063 1889 2118 qenteS,

208 2146 340 2191 quae
373 2134 615 2192 &norant
644 2133 819 2193 Deum,
860 2146 959 2179 non
991 2130 1170 2196 mallet,
1210 2132 1250 2179 si
1287 2137 1470 2196 posset,
1509 2132 1614 2179 sine
1653 2130 1744 2179 hac
1782 2129 1890 2178 libi-

209 2204 321 2252 dine
377 2204 503 2253 filios
556 2220 847 2271 procreare,
901 2211 957 2253 ut
1012 2205 1157 2253 etiam
1203 2205 1254 2252 in
1308 2203 1402 2253 hoc
1449 2203 1685 2252 serendae
1735 2203 1889 2268 prolis

208 2277 371 2325 officio
412 2279 481 2326 sic
534 2280 639 2327 eius
680 2280 834 2327 menti
874 2293 951 2344 ea,
998 2293 1121 2342 quae
1162 2277 1221 2326 ad
1260 2277 1353 2326 hoc
1393 2292 1517 2342 opus
1557 2283 1721 2326 creata
1760 2283 1890 2342 sunt,

208 2365 355 2415 quem
396 2350 454 2399 ad
494 2351 693 2400 modum
733 2358 898 2400 cetera
949 2353 1052 2400 suis
1093 2366 1314 2415 quaeque
1355 2350 1588 2416 operibus
1628 2349 1889 2399 distributa

206 2422 428 2473 membra
453 2425 710 2490 servirent,
750 2432 875 2474 nutu
899 2425 1162 2474 voluntatis
1196 2433 1316 2491 acta,
1357 2439 1455 2472 non
1495 2430 1633 2473 aestu
1671 2422 1887 2472 libidinis

207 2493 444 2546 incitata?
500 2496 596 2545 Sed
646 2513 805 2561 neque
853 2500 948 2562 ipsi
1002 2505 1244 2548 amatores
1290 2498 1438 2547 huius
1483 2496 1746 2561 voluptatis
1786 2498 1886 2544 sive

207 2570 267 2619 ad
315 2569 607 2619 concubitus
655 2571 934 2634 coniugales
981 2573 1080 2620 sive
1129 2571 1188 2620 ad
1235 2570 1553 2620 inmunditias
1591 2569 1887 2634 flagitiorum

207 2659 320 2693 cum
351 2643 597 2693 voluerint
629 2651 1021 2710 commoventur3
1062 2645 1148 2694 sed
1180 2644 1438 2709 aliquando
1476 2645 1773 2709 inportunus
1813 2650 1890 2691 est

325 2758 398 2813 24)
435 2762 473 2799 1.
506 2755 666 2800 Thess.
699 2760 741 2810 4,
773 2761 800 2799 4
833 2770 898 2811 sq.

325 2920 351 2959 8
385 2917 572 2961 obsceni
604 2918 769 2962 caloris
811 2917 854 2960 V
883 2917 957 2974 (cf.
991 2931 1026 2962 c.
1059 2921 1124 2962 26
1156 2919 1286 2974 med.)
1301 2934 1318 2971 ‚·
1349 2918 1558 2962 obscenis
1591 2916 1793 2974 eorporis
1824 2929 1850 2960 v
