2004 3140
146 933 202 972 10

146 1301 199 1342 15

145 1669 201 1710 20

146 2038 200 2078 25

146 2406 201 2446 30

235 134 344 186 492
916 145 951 180 S.
975 146 1251 180 Anonsmnss

235 266 400 315 torum
449 266 499 308 et
543 260 656 323 igne
704 259 915 307 animam
962 274 1059 308 non
1107 260 1333 309 amittant
1379 266 1429 309 et
1476 261 1580 309 sine
1621 259 1923 310 detrimento>

234 333 438 381 ardeant
469 338 520 381 et
551 334 656 385 sine
688 333 894 381 interitu
927 329 1157 382 doleant?
1217 332 1428 382 Habebit
1459 335 1590 382 enim
1622 340 1741 384 tunc
1771 336 1918 383 istam

235 408 396 455 carnis
429 405 702 455 substantia
735 405 1019 470 qualitatem
1060 405 1119 454 ab
1151 405 1233 455 illo
1265 407 1484 474 inditam,
1525 409 1613 471 qui
1640 414 1740 456 tam
1771 410 1921 456 miras

235 486 284 531 et
321 481 479 529 varias
526 486 599 529 tot
644 479 796 528 rebus
836 479 1034 546 indidit,
1090 495 1211 544 quas
1258 480 1507 546 videmus,
1553 489 1609 531 ut
1647 497 1730 531 eas
1742 521 1757 548 ,
1805 483 1921 546 quia

234 553 414 603 multae
456 560 588 620 sunt,
626 569 725 602 non
757 555 1010 603 miremur.
1089 553 1209 611 Quis
1249 556 1381 602 enim
1419 557 1516 604 nisi
1554 554 1685 604 Deus
1725 561 1921 605 creator

234 629 454 677 omnium
487 627 621 677 dedit
653 629 791 676 carni
828 629 1031 692 pavonis
1070 630 1253 677 mortui
1291 643 1352 676 ne
1392 626 1716 692 putesceret?
1778 628 1920 686 Quod

235 716 349 750 cum
396 701 567 750 auditu
613 700 903 750 incredibile
952 701 1219 767 videretur,
1259 704 1422 750 evenit
1460 708 1516 751 ut
1555 702 1685 767 apud
1717 701 1917 752 Cartha·

233 776 397 839 ginem
430 774 572 823 nobis
605 782 744 824 cocta
776 782 1109 840 apponeretur
1140 775 1262 824 haec
1294 777 1410 842 aviS,
1449 775 1509 824 de
1542 777 1684 824 cuius
1715 782 1918 841 pectore

231 848 518 914 pulparum,
565 855 803 913 quantum
850 851 1010 898 visum
1057 856 1154 915 est,
1201 849 1492 914 decerptum
1545 852 1732 899 servari
1775 851 1920 898 iussi-

233 937 367 988 mus;
408 922 539 986 quod
578 929 690 987 post
722 923 914 972 dierum
953 929 1146 972 tantum
1185 925 1413 989 spatium,
1453 929 1636 987 quanto
1676 922 1767 972 alia
1806 938 1927 972 caro*

234 1011 574 1061 quaecumque
632 1003 772 1045 cocta
829 1003 1138 1063 putesceret,
1195 997 1442 1061 prolatum
1497 1003 1644 1061 atque
1702 996 1922 1046 oblatum

233 1069 355 1119 nihil
393 1077 620 1119 nostrum
660 1070 864 1120 offendit
910 1070 1158 1120 olfactum.
1234 1071 1457 1135 Itemque
1498 1072 1772 1135 repositum
1809 1077 1923 1136 post

233 1143 338 1193 dies
379 1144 587 1209 amplius
627 1160 774 1209 quam
812 1147 1014 1209 triginta
1051 1144 1181 1194 idem
1223 1144 1354 1209 quod
1395 1151 1500 1193 erat
1537 1146 1792 1194 inventum
1831 1150 1940 1210 est,

232 1217 462 1282 idemque
514 1224 637 1282 post*
673 1233 878 1285 annum,
925 1220 1021 1267 nisi
1068 1218 1199 1282 quod
1240 1218 1545 1282 aliquantum
1585 1218 1923 1283 corpulentiae

234 1293 455 1341 siccioris
496 1299 547 1340 et
586 1293 930 1341 contractioris
979 1294 1086 1341 suit.
1165 1292 1286 1350 Quis
1325 1292 1492 1357 paleae
1533 1291 1668 1341 dedit
1705 1291 1781 1341 vel
1820 1298 1920 1340 tam

231 1365 457 1430 frigidam
498 1368 617 1431 vim,
665 1372 721 1414 ut
759 1365 962 1414 obrutas
1002 1368 1139 1414 nives
1179 1373 1364 1431 servet,
1414 1365 1489 1414 vel
1529 1372 1627 1415 tam
1667 1364 1925 1430 fervidam,

231 1445 288 1488 ut
324 1454 470 1503 poma
508 1441 753 1489 inmatura
792 1436 1041 1488 maturet?

381 1511 450 1561 De
483 1514 591 1577 ipso
623 1514 735 1577 igne
767 1515 891 1561 mira
931 1514 1042 1576 quis
1083 1512 1306 1577 explicet,
1347 1527 1444 1577 quo
1486 1527 1709 1576 quaeque
1749 1512 1922 1561 adusta

233 1587 544 1652 nigrescunt,
596 1589 720 1635 cum'
758 1589 863 1650 ipse
913 1588 976 1635 sit
1014 1586 1229 1652 lucidUS,
1277 1593 1327 1635 et
1364 1601 1520 1651 paene
1561 1588 1747 1652 omnia,
1795 1600 1920 1650 quae

234 1659 386 1708 ambit
433 1667 481 1708 et
519 1659 711 1725 lambit,
759 1659 922 1708 colore
971 1659 1337 1724 pulcherrimus
1386 1660 1636 1709 decolorat
1674 1666 1819 1724 atque
1860 1675 1921 1707 ex

232 1749 392 1798 pruna
439 1733 620 1798 fulgida
669 1733 934 1782 carbonem
984 1735 1326 1783 taeterrimum
1373 1731 1574 1783 reddit?
1649 1733 1820 1798 Neque
1861 1732 1920 1782 'id

234 1809 374 1871 quasi
421 1807 716 1871 regulariter
762 1807 1019 1857 definitum
1068 1814 1164 1873 est3
1211 1823 1324 1856 nam
1371 1823 1397 1856 e
1446 1809 1694 1858 contrario
1732 1805 1922 1871 lapides

231 1883 344 1946 igne
392 1881 632 1930 candente
679 1883 900 1946 percocti
948 1888 996 1930 et
1042 1883 1137 1947 ipsi
1181 1882 1307 1930 fiunt
1346 1880 1561 1948 candidi,
1609 1888 1658 1930 et
1697 1882 1919 1945 quamvis

233 1957 387 2019 magis
426 1954 506 2003 ille
546 1953 743 2021 rubeat,
788 1954 860 2004 illi
899 1954 1132 2021 albicent,
1180 1956 1408 2019 congruit
1447 1961 1610 2004 tamen
1648 1955 1748 2004 luci
1787 1953 1919 2019 quod

234 2028 398 2077 album
447 2035 546 2094 est,
594 2030 723 2078 sicut
769 2030 967 2093 nigrum
1015 2029 1247 2079 tenebris.
1326 2028 1449 2077 Cum
1494 2032 1660 2092 itaque
1701 2030 1828 2093 ignis
1866 2029 1919 2076 in

231 2102 377 2167 lignis
425 2102 614 2167 ardeat,
661 2108 716 2151 ut
755 2102 940 2166 lapides
982 2109 1181 2169 coquat,
1229 2103 1504 2151 contrarios
1543 2101 1692 2151 habet
1730 2117 1828 2150 non
1866 2103 1922 2150 in

234 2177 495 2224 contrariis
541 2174 692 2223 rebus
741 2176 960 2225 effectus,
1037 2175 1146 2225 Etsi
1196 2177 1327 2224 enim
1366 2175 1551 2239 lapides
1591 2182 1641 2224 et
1678 2175 1808 2240 ligna
1848 2174 1920 2223 di-

233 2263 375 2297 versa
415 2254 546 2314 sunt,
586 2251 832 2297 contraria
870 2256 1035 2298 tamen
1075 2264 1175 2297 non
1214 2255 1345 2313 sunt,
1385 2250 1514 2298 sicut
1553 2248 1718 2298 album
1757 2254 1807 2297 et
1845 2250 1919 2297 ni·

234 2337 392 2389 grum,
432 2337 644 2385 quorum
683 2324 733 2370 in
773 2321 1016 2386 lapidibus
1056 2337 1212 2370 unum
1251 2322 1381 2387 facit,
1420 2321 1630 2371 alterum
1667 2324 1720 2370 in
1758 2321 1924 2386 ligniS,

234 2395 397 2445 clarus
443 2395 552 2444 illos
602 2395 896 2462 clarificanS,
946 2396 1066 2444 haec
1107 2396 1376 2461 offuscanS,
1425 2411 1537 2444 cum
1577 2397 1628 2443 in
1666 2394 1762 2444 illis
1802 2394 1918 2443 defi-

235 2475 392 2535 ceret,
446 2470 543 2518 nisi
592 2470 643 2518 in
690 2471 797 2518 istis
844 2471 1042 2518 viveret.
1121 2469 1272 2536 Quid,
1318 2471 1369 2517 in
1417 2467 1714 2518 carbonibus
1752 2483 1919 2517 nonne

232 2543 454 2592 miranda
494 2549 570 2591 est
603 2550 652 2592 et
682 2550 816 2592 tanta
855 2543 1129 2609 infirmitaS,
1168 2550 1224 2591 ut
1261 2544 1364 2592 ictu
1404 2543 1649 2591 levissimo
1690 2542 1919 2606 frangan·
1972 2535 1977 2545 “

233 2625 338 2682 tur,
394 2631 571 2681 pressu
616 2617 846 2665 facillimo
897 2622 1244 2682 conterantur,
1298 2623 1348 2665 et
1393 2623 1528 2665 tanta
1576 2615 1804 2681 firmitaS,
1859 2621 1919 2663 ut

234 2689 366 2738 nullo
414 2705 587 2738 umore
635 2696 1039 2756 corrumpantur,
1079 2689 1209 2738 nulla
1250 2697 1406 2739 aetate
1448 2692 1718 2754 vincantur,
1757 2702 1917 2751 usque

356 2881 377 2918 1
412 2877 459 2919 et
489 2875 539 2919 in
569 2876 677 2932 igne
708 2889 733 2920 v
757 2877 772 2932 ΙΙ
797 2881 821 2920 6
854 2877 1139 2932 putresceret
1168 2889 1193 2920 v
1219 2877 1234 2932 ΙΙ
1259 2880 1283 2920 7
1317 2874 1481 2920 auditu
1511 2874 1582 2929 R,·
1613 2900 1667 2906 —
1699 2875 1800 2917 tum
1830 2886 1858 2917 v
