2004 3140
232 152 342 206 364
915 163 950 197 5,
974 162 1251 198 Auousmnu

234 278 445 342 auditur,
485 278 612 343 quia,
653 277 746 325 etsi
778 277 986 341 quisque
1026 283 1125 325 tam
1164 277 1306 325 fortis
1346 277 1423 342 sit,
1462 282 1518 324 ut
1557 290 1713 340 aequo
1742 277 1925 342 ‚animo

232 351 466 417 perferat,
503 350 579 399 vel
610 357 709 399 tam
740 349 959 416 vigilanS,
997 357 1053 399 ut
1083 349 1287 414 provido
1327 349 1531 398 consilio
1572 355 1753 416 caveat,
1793 364 1923 414 quae-

234 424 469 474 adversus
524 439 638 473 eum
691 423 893 472 molitur
947 425 1158 473 amicitia
1213 423 1463 490 simulata,
1518 438 1690 472 eorum
1754 429 1918 472 tamen

234 498 487 547 hominum
519 497 822 563 perfidorum
855 498 996 564 ma10,
1036 512 1150 546 cum
1183 512 1266 545 eos
1299 512 1407 546 esse
1446 499 1690 562 pessimos
1728 498 1919 562 experi-

175 582 201 621 5
234 578 339 637 tur,
387 573 429 620 si
474 573 580 637 ipse
628 571 787 620 bonus
836 578 934 638 est,
981 573 1194 636 graviter
1234 572 1549 620 excrucietur
1587 586 1790 620 necesse
1831 577 1929 638 est,

235 647 335 694 sive
392 661 587 710 semper
636 645 748 694 mali
795 645 981 694 suerint
1030 652 1079 694 et
1126 660 1178 694 se
1226 643 1383 693 bonos
1421 645 1675 711 finxerint,
1730 646 1831 693 sive
1870 646 1924 693 in

235 721 381 768 istam
420 719 653 768 malitiam
703 735 761 767 ex
808 719 1026 768 bonitate
1075 720 1250 768 mutati
1290 720 1402 767 sint.
1482 717 1534 767 Si
1574 733 1690 783 ergo
1732 718 1925 783 domuS,

237 807 497 842 commune
547 794 828 858 perfugium
875 795 926 841 in
972 791 1049 841 his
1102 792 1240 841 malis
1296 791 1498 840 humani
1548 794 1767 858 generiS,
1817 798 1925 841 tuta

235 881 333 915 non
368 874 458 928 est,
499 866 616 930 quid
650 868 835 932 civitaS,
875 881 999 931 quae
1035 873 1217 931 quanto
1259 867 1414 923 maior
1454 872 1544 933 est,
1583 872 1719 915 tanto
1760 866 1923 915 forum

148 950 203 990 10
237 941 344 988 eius
394 938 562 989 litibus
610 947 658 988 et
708 939 932 989 civilibus
984 948 1033 988 et
1081 939 1418 989 criminalibus
1463 939 1682 1005 pleniuS,
1733 940 1926 988 etiamsi

236 1015 494 1078 quiescant
526 1029 625 1062 non
659 1013 817 1063 solum
851 1013 1179 1080 turbulentae,
1219 1028 1390 1062 verum
1424 1014 1619 1078 saepius
1659 1019 1708 1062 et
1747 1027 1925 1062 cruen-

236 1095 313 1136 tae
355 1087 622 1136 seditiones
663 1102 718 1136 ac
760 1087 885 1136 bella
926 1087 1099 1154 civilia,
1139 1103 1165 1136 a
1205 1102 1418 1151 quorum
1458 1088 1646 1136 eventis
1687 1094 1803 1136 sunt
1842 1085 1931 1135 ali-

237 1161 431 1225 quando
471 1160 654 1210 liberae
695 1163 936 1227 civitateS,
976 1177 1002 1210 a
1040 1161 1276 1227 periculis
1316 1157 1623 1225 numquam?

918 1304 1110 1359 CAPUT
1149 1306 1242 1359 VI.

150 1407 204 1447 15
289 1398 365 1447 De
404 1412 583 1447 errore
622 1398 957 1447 humanorum
999 1400 1316 1460 iudiciorum,
1358 1412 1471 1448 cum
1511 1400 1699 1447 veritas
1739 1400 1874 1447 latet.

387 1499 515 1557 Quid
554 1501 660 1564 ipsa
690 1500 870 1549 iudicia
910 1500 1166 1550 hominum
1207 1502 1266 1550 de
1306 1500 1606 1566 hominibuS,
1647 1516 1770 1564 quae
1812 1502 1928 1549 civi-

238 1572 421 1623 tatibus
472 1575 523 1622 in
572 1573 876 1637 quantalibet
922 1590 1041 1639 pace
1088 1574 1403 1624 manentibus
1452 1575 1625 1623 deesse
1677 1589 1776 1623 non
1815 1589 1927 1639 pos-

239 1654 378 1714 sunt,
425 1646 584 1711 qualia
622 1654 853 1712 putamus
894 1663 1027 1714 esse,
1067 1664 1213 1712 quam
1254 1650 1460 1715 misera,
1501 1663 1644 1712 quam
1686 1644 1934 1697 dolenda?

240 1720 444 1778 Quando
493 1720 694 1785 quidem
742 1721 792 1770 hi
839 1722 1082 1788 iudicant,
1128 1724 1213 1786 qni
1253 1724 1582 1771 conscientias
1622 1737 1817 1788 eorum,
1866 1722 1928 1771 de

149 1805 206 1845 20
240 1794 421 1858 quibus
466 1795 707 1861 iudicant,
755 1811 961 1845 cernere
1013 1804 1280 1860 nequeunt.
1358 1795 1497 1845 Unde
1547 1811 1693 1860 saepe
1745 1811 1927 1860 cogun-

238 1876 321 1917 tur
375 1870 635 1918 tormentis
694 1871 1035 1919 innocentium
1097 1871 1299 1919 testium
1352 1870 1411 1918 ad
1469 1869 1675 1918 alienam
1728 1884 1930 1919 causam

237 1944 568 2006 pertinentem
615 1957 855 2006 quaerere
895 1946 1165 1993 veritatem.
1244 1943 1372 2001 Quid
1413 1959 1526 1992 cum
1564 1945 1615 1991 in
1656 1958 1743 1992 sua
1783 1957 1930 1992 causa

239 2017 452 2080 quisque
501 2022 764 2080 torquetur
812 2024 886 2083 et,
939 2032 1052 2066 cum
1100 2019 1355 2081 quaeritur
1403 2024 1572 2066 utrum
1624 2019 1688 2066 sit
1725 2031 1931 2083 nocenS,

245 2091 495 2138 cruciatur
535 2096 585 2137 et
622 2091 861 2138 innocens
908 2090 1000 2139 luit
1037 2106 1128 2154 pro
1167 2092 1357 2140 incerto
1398 2090 1585 2139 scelere
1625 2091 1931 2139 certissimas

155 2173 211 2212 25
243 2177 453 2228 poenaS,
499 2177 599 2210 non
651 2165 763 2227 quia
820 2162 938 2212 illud
995 2165 1298 2213 commisisse
1357 2164 1627 2228 detegitur,
1678 2163 1763 2212 sed
1816 2165 1930 2227 quia

246 2251 344 2283 non
385 2237 691 2284 commisisse
731 2233 988 2286 nescitur?
1063 2238 1132 2286 Ac
1178 2252 1267 2301 per
1306 2237 1398 2286 hoc
1439 2238 1713 2301 ignorantia
1750 2237 1932 2286 iudicis

244 2309 536 2373 plerumque
572 2316 647 2357 est
679 2308 925 2358 calamitas
957 2311 1250 2359 innocentis,
1325 2310 1388 2359 Et
1421 2311 1551 2374 quod
1584 2316 1660 2359 est
1698 2310 1928 2360 intolera-

244 2382 392 2431 bilius
432 2384 684 2446 magisque
734 2382 1066 2447 plangendum
1106 2383 1485 2450 rigandumque,
1531 2386 1573 2432 si
1612 2385 1720 2433 fieri
1757 2386 1932 2450 possit,

245 2455 465 2505 fontibus
504 2455 839 2517 lacrimarum,
880 2472 992 2506 cum
1030 2465 1294 2522 propterea
1331 2457 1479 2506 iudex
1518 2465 1746 2521 torqueat
1785 2473 1928 2506 accu—

155 2540 214 2580 30
246 2537 432 2594 satum,
480 2545 542 2578 ne
590 2530 783 2579 occidat
831 2532 1058 2580 nesciens
1096 2533 1434 2597 innocentem,
1481 2532 1535 2580 fit
1572 2546 1662 2596 per
1699 2532 1930 2596 ignoran-

248 2604 342 2651 tiae
384 2605 647 2670 miseriam,
686 2611 742 2653 ut
780 2611 829 2652 et
868 2611 1053 2653 tortum
1094 2612 1143 2654 et
1181 2606 1497 2654 innocentem
1536 2605 1740 2671 occidat,
1779 2618 1927 2669 quem

247 2691 308 2725 ne
363 2678 678 2726 innocentem
739 2677 989 2727 occideret
1050 2685 1275 2727 torserat.
1363 2678 1414 2727 Si
1469 2680 1600 2727 enim
1654 2677 1927 2727 secundum

243 2751 453 2798 istorum
509 2752 796 2815 sapientiam
851 2751 1056 2815 elegerit
1119 2767 1176 2800 ex
1240 2751 1330 2800 hac
1390 2753 1486 2800 vita
1549 2752 1719 2815 sugere
1779 2766 1926 2815 quam

366 2896 420 2935 33
448 2891 641 2948 elegerit
656 2891 702 2935 R
725 2893 828 2945 (vol.
848 2892 894 2946 I,
911 2896 988 2946 21,
1005 2896 1060 2946 9,·
1083 2891 1164 2950 39,
1181 2891 1237 2948 53
1264 2896 1339 2947 89,
1356 2896 1441 2946 23‚·
1469 2896 1576 2947 241,
1593 2896 1700 2947 24);
1725 2893 1873 2949 deleg.
1898 2905 1927 2937 v
