2004 3140
606 141 672 173 DE
698 139 935 173 mvrrA'rn
958 140 1048 171 Dm
1071 140 1113 172 L.
1136 140 1261 172 xxn.
1286 140 1324 172 o.
1350 140 1403 172 24.
1741 126 1844 179 611

169 254 349 319 quibus
387 259 551 302 tamen
581 252 735 302 voluit
766 251 1048 301 hominihus
1089 251 1291 302 abstulit
1330 267 1437 301 eam
1476 251 1623 318 DeuS,
1663 259 1713 301 et
1752 258 1846 300 ste·

168 328 286 377 riles
332 327 556 392 suerunt3
607 341 707 375 non
755 333 919 375 tamen
969 328 1139 391 generi
1186 326 1399 376 humano
1451 325 1652 375 abstulit
1698 325 1849 374 semel

168 402 330 451 datam
383 402 557 465 primis
612 399 805 449 duobus
868 399 1161 465 coniugibus
1215 400 1560 449 benedictione
1617 399 1847 464 generali.

168 475 299 524 Haec
346 489 464 539 ergo
510 476 796 539 propagatio
837 477 1057 538 quamvis
1096 481 1299 538 peccato
1350 489 1450 523 non
1489 474 1639 523 fuerit
1679 473 1848 538 ablata,

166 564 266 598 non
312 554 476 597 tamen
523 550 670 597 etiam
717 550 823 612 ipsa
870 548 979 596 talis
1027 555 1124 613 est,
1174 548 1329 612 qualis
1378 549 1575 614 fuisset,
1623 549 1664 596 si
1703 563 1848 596 nemo
1882 558 1907 598 5

164 628 433 687 peccasset.
510 621 583 670 Ex
623 637 720 686 quo
762 624 892 670 enim
933 621 1078 670 homo
1118 624 1169 670 in
1208 622 1395 670 honore
1435 623 1641 687 positUS,
1681 627 1851 686 postea

165 711 311 761 quam
344 695 563 761 deliquit,
596 702 907 760 comparatus
940 702 1016 745 est
1045 696 1325 762 pecoribus,
1365 695 1589 744 similiter
1622 702 1850 760 generat3

163 772 347 819 nonin
379 784 437 818 eo
471 776 634 818 tamen
666 771 863 834 penitus
904 771 1117 819 extincta
1157 776 1234 818 est
1273 769 1511 834 quaedam
1550 768 1683 818 velut
1723 771 1849 818 scin-

154 843 267 894 -tilla
313 844 540 908 rationiS,
586 845 637 891 in
687 859 782 908 qua
828 843 987 892 factus
1028 850 1103 892 est
1142 843 1201 892 ad
1243 845 1504 908 imaginem
1546 842 1647 891 Dei.
1723 842 1850 892 Huic

164 924 328 967 autem
374 918 715 982 propagationi
764 919 807 966 si
858 918 1180 966 conformatio
1228 933 1327 966 non
1375 916 1717 983 adhiberetur,
1758 932 1849 965 nec

163 993 269 1056 ipsa
299 993 352 1039 in
385 992 462 1040 sui
493 993 689 1055 generis
722 991 904 1039 formas
936 991 1207 1055 modosque
1241 991 1549 1055 procederet.
1627 990 1680 1039 Si
1720 992 1851 1039 enim

165 1081 264 1114 non
313 1063 700 1114 concubuissent
746 1064 971 1113 homines
1028 1074 1077 1114 et
1124 1065 1276 1113 nihilo
1331 1066 1496 1114 minus
1535 1063 1667 1114 Deus
1707 1064 1851 1113 vellet

164 1138 370 1204 implere
418 1144 576 1187 terras
623 1138 929 1188 hominibus:
980 1154 1078 1203 quo
1127 1139 1270 1188 modo
1319 1140 1503 1188 creavit
1547 1153 1704 1187 unum
1745 1140 1849 1186 sine

166 1214 512 1262 commixtione
563 1214 713 1261 maris
764 1219 814 1261 et
864 1212 1100 1279 feminae,
1152 1215 1222 1262 sic
1269 1220 1439 1278 posset
1485 1227 1679 1277 omnes3
1733 1227 1850 1261 con-

165 1286 454 1336 cumbentes
486 1301 602 1334 vero
635 1287 731 1335 nisi
762 1286 845 1334 illo
879 1293 1077 1335 creante
1117 1293 1411 1351 generantes
1451 1301 1559 1335 esse
1600 1302 1699 1335 nou
1737 1302 1848 1351 pos-

165 1367 289 1410 sent.
369 1359 509 1408 Sicut
563 1375 679 1424 ergo
736 1362 803 1408 ait
857 1360 1106 1424 apostolus
1162 1361 1222 1409 de
1270 1362 1580 1410 institutione
1629 1360 1851 1426 spiritali,

166 1450 262 1498 qua
299 1433 446 1482 homo
487 1433 546 1482 ad
586 1435 820 1499 pietatem
866 1435 1202 1499 iustitiamque
1243 1436 1505 1484 formatur:
1553 1436 1727 1495 Neque
1765 1437 1854 1496 qui

155 1512 380 1571 plantat,
421 1513 496 1556 est
535 1511 750 1569 aliquid,
792 1523 953 1569 neque
992 1512 1082 1570 qui
1117 1512 1277 1572 riqat,
1316 1511 1409 1558 sed
1445 1511 1534 1570 qui
1571 1511 1848 1558 ineremen-

164 1588 266 1631 tum
307 1584 397 1630 dat
443 1582 602 1630 Deus:
650 1584 716 1631 ita
758 1583 903 1630 etiam
942 1581 1023 1630 hic
1063 1582 1160 1631 dici
1198 1589 1383 1647 potest:
1430 1582 1570 1648 „Nec
1611 1584 1696 1647 qui
1735 1598 1848 1631 con-

163 1654 350 1704 cumbit
401 1670 492 1704 nec
554 1657 640 1719 qui
695 1657 927 1722 seminat,
979 1662 1055 1705 est
1110 1655 1318 1722 aliquid,
1381 1656 1467 1705 sed
1523 1657 1608 1720 qui
1671 1656 1850 1705 format

162 1728 316 1794 Deus3
356 1744 447 1777 nec
480 1736 651 1795 mater,
691 1744 816 1793 quae
850 1737 1143 1794 conceptum
1175 1737 1339 1794 portat
1369 1736 1418 1779 et
1449 1736 1646 1794 partum
1678 1731 1850 1796 nutrit,

165 1809 240 1852 est
279 1802 484 1868 aliquid,
537 1803 624 1852 sed
665 1805 750 1867 qui
788 1804 1151 1852 incrementum
1192 1803 1274 1852 dat
1312 1799 1492 1853 Deusf‘
1566 1803 1675 1868 Ipse
1716 1818 1849 1852 nam-

165 1891 260 1940 que
301 1878 601 1942 operatione,
643 1892 738 1940 qua
770 1892 929 1942 usque
969 1893 1101 1926 nunc
1142 1884 1391 1942 operatur,
1431 1878 1547 1926 facit
1585 1884 1640 1926 ut
1679 1893 1848 1926 nume-

167 1965 251 1999 ros
292 1965 407 1999 suos
440 1950 687 2016 explicent
720 1953 907 2000 semina
938 1958 988 2000 et
1019 1966 1046 1999 a
1077 1951 1371 2015 quibusdam
1403 1950 1670 2001 latentibus
1702 1958 1848 2015 atque

161 2023 490 2072 invisibilibus
551 2023 817 2073 involucris
878 2026 930 2072 in
992 2024 1174 2073 formas
1236 2024 1453 2074 visibiles
1514 2024 1661 2073 huius
1718 2024 1848 2088 quod
1882 2047 1892 2055 ·

163 2099 427 2162 aspicimus
475 2096 668 2146 decoris
719 2097 961 2163 evolvant3
1008 2099 1113 2162 ipse
1154 2100 1497 2163 incorpoream
1537 2113 1846 2163 corpoream·

165 2186 259 2235 que
299 2177 551 2236 naturam,
601 2171 733 2219 illam
772 2173 1128 2238 praepositam,
1176 2173 1320 2222 istam
1360 2172 1659 2238 subiectam,
1710 2173 1848 2220 miris

163 2244 319 2294 modis
352 2244 586 2310 copulans
620 2252 670 2293 et
702 2251 966 2294 conectens
998 2247 1296 2295 animantem
1335 2247 1462 2295 facit.
1541 2245 1683 2303 Quod
1724 2261 1848 2310 opus

164 2319 270 2367 eius
317 2325 417 2367 tam
463 2333 692 2382 magnum
742 2325 791 2367 et
830 2318 1050 2368 mirabile
1092 2327 1187 2386 est,
1236 2326 1291 2369 ut
1331 2335 1430 2368 non
1470 2319 1629 2368 solum
1668 2321 1719 2368 in
1759 2319 1848 2367 ho-

283 2446 325 2501 7)
357 2445 432 2488 Ps.
465 2449 536 2501 48,
571 2450 638 2488 13.
705 2446 778 2501 19)
814 2451 851 2490 1.
887 2439 988 2490 Cor.
1021 2451 1063 2500 3,
1097 2452 1134 2491 7.

281 2583 306 2621 3
340 2577 451 2622 dat-a
482 2577 527 2621 R
564 2578 579 2634 ΙΙ
617 2576 940 2621 benedictione
971 2577 1180 2634 generali
1214 2579 1287 2634 (=
1321 2578 1383 2622 ad
1413 2578 1674 2621 universum
1706 2591 1847 2632 yenus

161 2638 412 2682 humanum
442 2638 715 2692 pertinente)
754 2636 800 2679 R
841 2640 881 2679 et
918 2637 1164 2690 „nonnulli
1189 2637 1362 2691 probae
1391 2641 1524 2681 notae
1554 2640 1673 2680 mss“
1703 2637 1846 2681 Bene·

162 2697 319 2740 dictin.
354 2696 455 2752 (vol.
490 2696 535 2749 I,
566 2699 674 2749 170,
706 2699 760 2747 3,·
790 2699 903 2749 218,
933 2698 1035 2751 13),·
1066 2694 1390 2739 benedictione
1421 2695 1630 2752 generali
1660 2696 1706 2739 A
1720 2712 1737 2749 ;
1766 2696 1845 2739 be-

161 2754 472 2799 nedictionem
497 2753 750 2810 generandi
773 2767 848 2809 eyv
873 2755 888 2810 ΙΙ
917 2758 968 2797 15
991 2755 1182 2810 possent
1205 2754 1276 2806 R,·
1306 2755 1500 2811 possunt:
1522 2755 1594 2797 Av
1618 2755 1634 2811 ΙΙ
1658 2758 1713 2797 22
1745 2754 1844 2811 ipse

162 2813 282 2915 RAlv
313 2814 529 2915 (efiR26’),·
558 2813 662 2869 ipsa,
690 2813 827 2858 Parr.
860 2814 970 2857 mell.
999 2815 1014 2868 ΙΙ
1037 2818 1092 2856 23
1125 2827 1245 2857 nunc
1269 2827 1414 2870 usque
1445 2827 1471 2856 v
1504 2815 1626 2869 (610,
1644 2814 1723 2869 27)
1748 2815 1763 2869 ΙΙ
1788 2818 1843 2856 26

162 2886 247 2916 euo
268 2874 351 2916 uat
427 2873 472 2915 A

1399 2945 1488 2988 39*

1886 929 1938 968 10

1886 1299 1938 1338 15

1882 1667 1937 1707 20
