2038 3146
210 146 278 195 14
883 155 917 188 s,
941 154 1214 189 Aueusrnn

870 305 1067 360 CAPUT
1106 306 1226 360 VII.

252 416 484 464 Amorem
524 421 572 463 et
609 416 924 463 dilectionem
963 415 1317 475 indifferenter
1357 422 1405 464 et
1442 418 1494 464 in
1533 416 1660 464 bono
1699 422 1748 464 et
1785 418 1837 464 in

528 490 659 536 malo
699 489 840 549 apud
873 502 1054 536 sacras
1091 490 1287 537 litteras
1326 491 1556 538 inveniri.

351 589 472 638 Nam
521 580 1015 654 euius'propositum
1062 596 1137 639 est
1183 605 1345 638 amare
1385 589 1541 639 Deum
1581 598 1630 639 et
1668 606 1766 639 non
1807 606 1881 640 se-

144 672 170 711 5
204 663 420 711 cundum
451 663 716 728 hominem,
755 663 841 712 sed
881 662 1152 712 seeundum
1192 662 1348 712 Deum
1387 678 1548 712 amare
1587 665 1882 730 proximum,

203 738 332 785 sicut
362 738 510 785 etiam
541 751 593 785 se
626 738 811 801 ipsum:
849 735 1023 801 procul
1061 736 1210 784 dubio
1248 743 1457 801 propter
1491 736 1623 786 hunc
1662 752 1880 786 amorem

202 810 383 858 dicitur
414 809 678 858 voluntatis
709 809 882 875 bonae,
913 824 1036 874 quae
1070 811 1298 858 usitatius
1330 811 1381 858 in
1414 811 1674 874 scripturis
1699 811 1881 860 sanctis

201 884 379 932 caritas
433 882 726 948 appellatur3
781 883 867 931 sed
921 898 1057 931 amor
1104 898 1300 946 quoque
1355 883 1630 932 secundum
1682 883 1880 932 easdem

203 971 365 1005 sacras
403 956 591 1005 litteras
639 956 832 1005 dicitur.
909 956 1031 1004 Nam
1083 962 1131 1004 et
1170 962 1436 1004 amatorem
1474 955 1591 1005 honi
1630 956 1880 1021 apostolus

114 1038 168 1078 10
202 1029 321 1078 dicit
359 1045 467 1078 esse
507 1029 711 1094 debere,
758 1044 907 1093 quem
946 1028 1161 1093 regendo
1200 1028 1382 1093 populo
1421 1030 1659 1094 praecipit
1699 1029 1879 1093 eligen-

201 1102 333 1168 dum,
373 1110 423 1151 et
452 1104 558 1167 ipse
590 1102 828 1151 Dominus
858 1102 1063 1152 Petrum
1101 1101 1378 1166 apostolum
1415 1104 1725 1166 interrogans
1766 1117 1879 1152 eum

201 1176 427 1226 dixisset:
475 1177 657 1237 Diligis
695 1191 773 1225 me
805 1179 921 1238 plus
959 1172 1073 1225 his?
1117 1175 1197 1224 ille
1237 1175 1514 1240 respondit:
1560 1176 1785 1236 Domine,
1826 1182 1879 1225 tu

200 1252 299 1298 scis
353 1252 474 1310 quia
529 1263 640 1298 amo
695 1255 770 1306 te;
824 1255 874 1298 et
923 1250 1109 1298 iterum
1162 1247 1399 1297 Dominus
1454 1250 1718 1315 quaesivit,
1779 1263 1879 1297 non

201 1329 370 1372 utrum
416 1329 624 1388 amaret,
678 1321 764 1370 sed
811 1329 980 1372 utrum
1026 1321 1252 1386 diligeret
1297 1336 1412 1371 eum
1462 1321 1663 1387 Petrus3
1712 1328 1760 1370 at
1796 1321 1879 1370 ille

113 1404 167 1444 15
199 1395 457 1460 respondit
500 1397 704 1444 iterum:
751 1397 984 1461 Domine,
1035 1401 1088 1444 tu
1133 1398 1234 1444 scis
1279 1398 1400 1456 quia
1448 1409 1559 1445 amo
1606 1402 1682 1453 te,·
1733 1396 1881 1444 tertia

200 1484 316 1517 vero
364 1470 750 1532 interrogatione
797 1476 847 1518 et
885 1470 990 1533 ipse
1030 1468 1169 1517 lesus
1208 1483 1307 1517 non
1347 1470 1435 1516 ait:
1480 1466 1686 1534 „Diligis
1725 1463 1880 1516 me‘?“

201 1542 308 1591 sed:
348 1544 501 1595 Amas
539 1544 649 1591 me?
696 1540 782 1591 ubi
828 1548 1029 1591 secutus
1068 1543 1136 1590 ait
1173 1541 1490 1606 evangelista:
1543 1543 1878 1590 Contristatus

200 1622 273 1664 est
304 1616 500 1674 PetruS,
541 1618 662 1676 quia
694 1617 827 1664 dixit
857 1618 906 1665 ez·
943 1617 1115 1666 tertio:
1154 1617 1307 1664 Amas
1345 1617 1455 1663 me?
1495 1629 1608 1663 cum
1639 1614 1877 1663 Dominus

200 1703 298 1737 non
323 1690 486 1750 terti0‚
526 1687 612 1737 sed
638 1688 790 1737 semel
814 1689 1013 1738 dixerit:
1046 1689 1198 1737 Amas
1221 1684 1334 1737 me?
1372 1687 1449 1736 bis
1480 1694 1645 1736 autem
1676 1687 1877 1737 dixerit:

111 1770 167 1810 20
199 1762 383 1823 Diligis
421 1764 531 1811 me?
590 1760 729 1810 Unde
777 1761 1130 1826 intellegimus,
1177 1761 1307 1825 quod
1347 1763 1494 1810 etiam
1533 1776 1647 1810 cum
1685 1759 1878 1810 dicebat

200 1833 461 1884 Dominus:
515 1836 699 1896 Diliqz‘s
744 1837 854 1884 me?
907 1834 1028 1884 nihil
1078 1834 1208 1883 aliud
1259 1833 1452 1883 dicebat
1502 1849 1669 1898 quam:
1722 1834 1876 1882 Amas

199 1911 309 1957 me?
361 1907 541 1957 Petrus
589 1915 754 1957 autem
791 1923 891 1957 non
930 1909 1134 1957 mutavit
1172 1907 1320 1956 huius
1360 1909 1507 1956 unius
1545 1908 1619 1955 rei
1657 1906 1878 1971 verbum,

201 1981 287 2030 sed
326 1983 473 2030 etiam
511 1983 681 2031 tertio:
720 1982 951 2042 Domine,
990 1982 1174 2046 inquit,
1212 1986 1264 2029 tu
1304 1983 1473 2030 omnia
1510 1983 1635 2041 θεῖε,
1686 1986 1739 2029 tu
1778 1982 1878 2028 scis

200 2057 322 2115 quia
361 2069 472 2103 amo
513 2060 572 2102 te.

114 2135 169 2174 25
353 2126 457 2175 Hoc
503 2134 765 2192 propterea
817 2125 1300 2177 commemorandum
1344 2127 1535 2190 putavi,
1589 2127 1703 2189 quia
1755 2140 1876 2174 non·

202 2199 325 2249 nulli
379 2199 679 2250 arbitrantur
734 2200 862 2251 aliud
926 2216 1035 2250 esse
1089 2198 1401 2249 dilectionem
1455 2201 1555 2247 sive
1611 2200 1879 2264 caritatem,

201 2273 332 2322 aliud
364 2287 594 2322 amorem.
670 2272 851 2323 Dicunt
881 2275 1012 2323 enim
1051 2272 1363 2323 dilectionem
1400 2271 1731 2335 accipiendam
1769 2285 1878 2320 esse

201 2347 252 2394 in
291 2345 437 2412 bone,
475 2361 692 2394 amorem
722 2348 774 2395 in
805 2347 945 2396 malo.
1025 2347 1105 2395 Sic
1144 2352 1309 2395 autem
1347 2360 1438 2394 nec
1477 2346 1610 2408 ipsos
1649 2350 1876 2393 auctores

202 2419 525 2468 saecularium
564 2418 840 2468 litterarum
878 2420 1069 2470 locutos
1108 2434 1217 2469 esse
1258 2419 1587 2468 certissimum
1626 2424 1715 2466 est.
1778 2416 1875 2465 Sed

109 2503 166 2543 30
198 2491 412 2542 viderint
440 2491 722 2557 philosophi
754 2499 922 2542 utrum
961 2493 1037 2542 vel
1075 2507 1171 2557 qua
1209 2494 1398 2542 ratione
1437 2493 1530 2540 ista
1569 2490 1876 2555 discernant3

198 2580 415 2614 amorem
463 2571 626 2614 tamen
673 2562 764 2614 eos'
802 2567 854 2614 in
901 2565 1042 2614 bonis
1089 2565 1240 2615 rebus
1279 2572 1329 2614 et
1367 2579 1482 2629 erga
1519 2565 1681 2628 ipsum
1720 2562 1874 2612 Deum

312 2679 386 2733 11)
422 2683 459 2720 1.
492 2676 610 2720 Tim.
643 2681 684 2732 3,
720 2682 758 2720 1.
822 2679 896 2732 24)
928 2677 992 2721 Io.
1025 2682 1095 2732 21,
1130 2682 1184 2720 15
1217 2692 1315 2732 sqq.

196 2866 235 2908 D
319 2814 341 2874 7
376 2809 546 2852 sanctis
586 2807 725 2852 VAF
751 2808 925 2866 (proqr.
950 2822 1001 2864 p.
1034 2809 1135 2864 17),·
1174 2807 1315 2852 saeris
1347 2821 1372 2851 v
1411 2810 1426 2864 ΙΙ
1472 2812 1525 2851 16
1556 2806 1679 2851 iesus
1719 2804 1871 2858 VAE,-

241 2879 419 2910 ommus
452 2881 477 2911 v
