2044 3146
509 165 575 197 DE
599 162 839 196 clvrrA’rE
863 162 952 194 DEI
975 163 1017 195 L.
1042 163 1164 195 xvn.
1190 162 1226 195 c.
1251 163 1303 194 18.
1330 163 1382 194 19.
1697 149 1806 202 245

116 280 303 328 tionem
366 277 669 341 significasse
734 275 1052 324 contendunt.
1141 274 1235 323 Sed
1297 274 1470 323 elamat
1532 275 1603 322 eis
1659 276 1805 322 etiam

113 351 336 417 psalmus
387 352 591 414 quintus
643 349 884 398 decimus:
936 351 1154 411 Propter
1203 351 1299 398 hoc
1351 350 1682 398 iucundatwn
1734 353 1808 397 est

115 440 204 475 cor
241 438 402 474 meum
444 430 494 473 et
532 425 782 472 exultavit
810 426 985 484 linqua
1026 438 1150 483 mea,
1195 426 1403 484 insuper
1443 428 1492 472 et
1530 437 1655 472 caro
1695 437 1808 471 mea

114 501 396 560 requiescet
419 500 471 546 in
505 513 620 560 θρα
651 499 888 558 quoniam
921 511 1020 546 non
1054 499 1374 557 derelinques
1401 499 1621 545 animam
1646 510 1807 545 meam

113 575 162 621 in
195 570 408 633 infernO,
456 586 548 620 nec
582 572 728 620 dabis
759 576 990 620 sanctum
1023 578 1160 619 tamn
1201 572 1375 619 videre
1413 573 1802 632 corruptionem.

113 644 232 703 Quis
271 647 321 693 in
363 660 419 694 ea
466 660 552 710 spe
593 644 781 693 diceret
820 646 1122 708 requievisse
1164 659 1361 693 carnem
1403 659 1563 709 suam,
1611 650 1666 692 ut
1707 658 1806 691 non

119 718 354 767 derelicta
393 720 552 768 anima
592 734 679 768 sua
718 720 769 767 in
808 719 1017 784 infern0,
1058 717 1143 767 sed
1185 720 1281 767 cito
1322 717 1378 766 ad
1421 733 1526 766 earn
1566 717 1806 766 redeunte

119 794 472 858 revivesceret‚
519 808 580 841 ne
634 799 1061 858 corrumperetur,
1113 794 1241 841 sicut
1281 792 1515 841 cadavera
1555 792 1806 855 corrumpi

120 866 294 933 solent,
334 868 430 915 nisi
469 868 555 931 qui
595 866 671 915 die
714 868 861 915 tertio
894 863 1204 915 resurrexit?
1246 865 1383 924 Quod
1427 867 1598 929 utique
1640 864 1805 913 dicere

120 955 216 988 non
255 947 466 1005 possunt
506 940 564 989 de
604 940 845 1005 propheta
886 947 934 989 et
974 955 1088 1004 rege
1129 939 1294 990 David.
1358 938 1541 988 Clamat
1581 945 1630 987 et
1669 953 1803 987 sexa-

119 1015 372 1078 gensimus
412 1016 674 1079 septimus:
714 1015 852 1064 Deus
890 1020 1061 1063 noster
1101 1015 1237 1064 Deus
1275 1017 1438 1063 salvos
1473 1012 1719 1075 faciendi,
1760 1018 1806 1061 et

113 1089 318 1136 Domini
369 1091 536 1137 exitus
582 1091 770 1138 mortis,
861 1087 987 1145 Quid
1041 1090 1260 1152 apertius
1312 1083 1597 1136 diceretur?
1674 1085 1806 1134 Deus

119 1163 250 1210 enim
293 1161 449 1210 salvos
489 1162 700 1210 faciendi
739 1161 976 1210 Dominus
1017 1168 1093 1210 est
1133 1161 1292 1227 IesuS,
1341 1161 1471 1224 quod
1511 1163 1803 1225 interpreta-

118 1242 200 1283 tur
235 1234 445 1284 salvator
477 1237 578 1284 sive
615 1235 855 1284 salutaris,
932 1235 1054 1284 Nam
1087 1237 1211 1284 ratio
1246 1235 1458 1283 nominis
1483 1234 1645 1283 -huius
1683 1232 1804 1282 haec

117 1308 307 1357 reddita
371 1315 476 1375 est,
538 1309 732 1373 quando
795 1310 1085 1374 priusquam
1143 1325 1199 1358 ex
1265 1310 1451 1373 virgine
1515 1314 1804 1357 nasceretur

114 1381 299 1431 dictum
341 1390 438 1432 est:
493 1384 672 1432 Pariet
704 1386 887 1444 filium,
929 1389 979 1432 et
1016 1385 1218 1433 vocabis
1259 1397 1435 1432 nomen
1475 1385 1583 1432 eius
1623 1383 1803 1431 Iesum.

116 1457 230 1518 Ipse
262 1459 393 1506 enim
426 1460 617 1506 salvam
644 1456 808 1519 faciet
830 1460 1072 1520 populum
1111 1472 1256 1506 suum
1289 1473 1320 1506 a
1348 1459 1576 1519 peccatis
1615 1470 1802 1505 eorum.

112 1529 166 1578 In
201 1545 414 1594 quorum
448 1538 766 1596 peccatorum
799 1532 1141 1580 remissionem
1182 1532 1415 1596 quoniam
1456 1531 1654 1594 sanguis
1695 1531 1802 1578 eius

112 1604 296 1652 effusus
345 1611 442 1669 est,
489 1619 590 1652 non
637 1606 810 1669 utique
858 1607 1080 1669 oportuit
1118 1621 1232 1654 eum
1271 1605 1331 1654 de
1373 1604 1462 1653 hac
1504 1606 1601 1652 vita
1640 1605 1801 1652 exitus

112 1676 230 1725 alios
262 1677 446 1726 habere
480 1693 626 1742 quam
665 1680 854 1727 mortis,
936 1678 1050 1728 ldeo
1092 1694 1203 1728 cum
1245 1678 1431 1728 dictum
1471 1684 1624 1727 esset:
1665 1678 1801 1726 Deus

110 1756 280 1800 noster
336 1752 472 1800 Deus
528 1755 690 1801 salvos
735 1751 990 1814 faciendi,
1045 1754 1279 1800 continuo
1332 1751 1651 1801 subiunctum
1702 1757 1799 1799 est:

113 1825 178 1872 Et
216 1825 418 1873 Domini
464 1828 631 1874 emitas
677 1828 872 1887 mortis,
920 1832 976 1874 ut
1025 1825 1372 1874 ostenderetur
1413 1824 1666 1873 moriendo
1707 1824 1800 1872 sal-

112 1912 196 1945 vos
239 1912 346 1946 esse
387 1898 622 1948 facturus,
702 1898 798 1947 Sed
840 1899 1061 1948 mirando
1103 1899 1290 1948 dictum
1330 1906 1426 1948 est:
1466 1899 1532 1947 Et
1569 1899 1774 1947 Domini
1781 1915 1800 1955 ,²

111 1978 359 2035 tamquam
393 1971 666 2021 diceretur:
705 1972 865 2038 „Talis
899 1979 975 2021 est
1013 1975 1104 2021 ista
1145 1974 1240 2022 vita
1280 1971 1574 2038 mortalium,
1614 1978 1669 2020 ut
1709 1986 1800 2020 nec

112 2046 217 2108 ipse
258 2044 498 2094 Dominus
538 2045 679 2095 aliter
719 2046 777 2095 ab
817 2046 898 2095 illa
938 2048 1109 2114 exiret,
1150 2048 1245 2095 nisi
1283 2062 1372 2112 per
1413 2041 1669 2094 mortem.“

760 2204 951 2259 CAPUT
992 2204 1136 2258 XIX.

115 2310 191 2359 De
224 2313 417 2372 psalmo
463 2315 813 2373 sexagensimo
862 2318 1060 2373 octava,
1108 2315 1159 2360 in
1211 2327 1307 2373 quo
1360 2313 1670 2362 Iudaeorum
1728 2315 1799 2361 in·

457 2387 679 2444 fidelitas
719 2392 768 2434 et
796 2389 1091 2448 pertinacia
1132 2388 1443 2435 declaratur.

258 2486 354 2535 Sed
396 2495 450 2536 ut
488 2487 655 2536 Iudaei
695 2494 792 2537 tam
833 2489 1105 2537 manifestis
1146 2488 1293 2537 huius
1333 2488 1620 2553 prophetiae
1659 2490 1797 2537 testi·

1838 579 1863 618 5

1839 948 1894 988 10

1839 1317 1891 1355 15

1835 1687 1890 1726 20

1835 2055 1889 2095 25

110 2561 286 2608 moniis
339 2562 484 2609 etiam
532 2560 680 2610 rebus
732 2562 790 2610 ad
843 2562 1072 2611 effectum
1121 2570 1219 2611 tam
1268 2562 1455 2610 clarum
1507 2568 1796 2626 certumque
1830 2571 1887 2611 30

227 2688 271 2741 5)
302 2686 374 2731 Ps.
411 2692 479 2742 15,
514 2692 538 2731 9
574 2702 638 2743 sq.
705 2690 777 2745 12)
811 2689 884 2734 Ps.
920 2694 992 2744 67,
1026 2694 1095 2733 21.
1163 2690 1234 2744 17)
1266 2689 1348 2733 Mt.
1385 2693 1423 2744 1,
1458 2693 1527 2733 -21,

107 2838 279 2934 rtwll
323 2835 438 2891 sept.
478 2834 688 2891 psalmus
729 2848 752 2879 v
794 2837 810 2891 ss
850 2840 905 2879 27
946 2835 1028 2879 inf.
1062 2837 1109 2879 et
1139 2837 1255 2892 pert.
1289 2835 1360 2890 F,·
1390 2834 1605 2893 pertinax
1635 2835 1795 2880 infide-

126 2905 143 2933 1
248 2906 272 2936 v
