2004 3140
572 133 640 164 DE
664 130 904 164 cm'rATE
928 132 1018 165 DEI
1041 132 1083 164 L.
1105 133 1211 165 XXI.
1237 132 1276 165 c.
1300 133 1331 165 3.
1697 119 1805 171 489

122 248 164 295 si
218 245 548 311 respondetur
600 251 858 293 terrenum
914 259 1095 310 corpus
1150 244 1361 294 solidum
1416 244 1605 294 scilicet
1658 251 1804 309 atque

122 321 445 385 conspicuum
483 317 675 367 nullum
715 333 846 384 esse,
893 325 1039 382 atque
1079 325 1136 368 ut
1175 334 1273 367 uno
1313 320 1478 383 potius
1518 319 1715 367 nomine
1754 318 1806 367 id

122 393 375 459 explicem,
414 391 596 442 nullam
630 406 738 440 esse
772 407 987 458 carnem,
1027 407 1151 457 quae
1185 392 1351 441 dolere
1383 394 1541 457 possit
1579 393 1833 456 morique-

119 482 217 516 non
263 467 443 531 possit:
492 465 608 530 quid
656 465 788 514 aliud
835 466 1037 533 dicitur,
1084 468 1180 516 nisi
1219 465 1350 530 quod
1392 482 1542 515 sensu
1581 467 1805 531 corporis

117 541 342 590 homines
381 546 432 590 et
470 540 773 604 experientia
814 537 1156 604 collegerunt?
1215 539 1410 589 Nullam
1450 555 1660 604 namque
1702 554 1804 588 car·
1837 546 1863 587 5

118 629 232 663 nem
272 615 367 663 nisi
406 613 664 663 mortalem
715 615 900 679 sciunt3
949 620 999 663 et
1036 613 1157 662 haec
1198 621 1274 663 est
1313 629 1486 662 eorum
1524 619 1627 662 tota
1665 615 1806 679 ratic,

116 696 193 755 ut,
241 687 373 753 quod
421 688 612 752 experti
658 702 757 736 non
798 694 935 754 sunt,
983 702 1295 752 nequaquam
1344 703 1450 736 esse
1491 702 1637 751 posse
1678 686 1804 735 arbi-

115 769 328 812 trentur.
405 761 527 810 Nam
579 762 721 810 cuius
771 763 978 810 rationis
1029 768 1104 811 est
1150 761 1371 810 dolorem
1419 762 1581 810 facere
1632 762 1806 810 mortis

118 842 486 901 argumentum,
534 850 647 884 cum
693 837 820 884 vitae
866 837 1033 900 potius
1077 837 1141 885 sit
1178 831 1452 884 indicium?
1527 834 1635 883 Etsi
1675 836 1806 883 enim

119 912 426 976 quaerimuS,
472 915 640 958 utrum
696 925 893 974 semper
942 911 1100 974 possit
1152 911 1338 959 vivere:
1397 915 1591 958 certum
1641 916 1806 958 tamen
1839 915 1894 956 10

117 991 194 1033 est
238 985 402 1033 vivere
450 998 595 1032 omne
643 983 775 1046 quod
821 983 954 1033 dolet
1004 983 1324 1047 doloremque
1373 998 1570 1032 omnem
1619 984 1715 1031 nisi
1753 983 1805 1030 in

116 1073 171 1106 re
218 1059 411 1106 vivente
467 1072 577 1106 esse
631 1072 731 1106 non
780 1073 941 1122 posse.
1018 1057 1232 1106 Necesse
1285 1064 1362 1106 est
1413 1072 1529 1120 ergo
1577 1063 1633 1105 ut
1678 1057 1807 1104 vivat

117 1130 310 1197 dolenS,
338 1139 462 1180 'non
509 1137 585 1179 est
631 1145 836 1180 necesse
876 1137 932 1180 ut
971 1131 1162 1180 occidat
1201 1130 1362 1195 dolor,
1413 1132 1527 1194 quia
1566 1145 1658 1178 nec
1698 1144 1804 1178 cor-

115 1220 236 1270 pora
267 1207 361 1254 ista
392 1204 616 1253 mortalia
656 1212 706 1254 et
743 1206 916 1269 utique
956 1206 1195 1254 moritura
1235 1206 1394 1252 omnis
1434 1203 1574 1252 dolor
1613 1203 1807 1269 occidit,

117 1286 167 1328 et
204 1286 261 1328 ut
307 1278 446 1327 dolor
497 1278 673 1342 aliquis
719 1280 879 1343 possit
927 1278 1176 1344 occidere,
1223 1278 1305 1326 illa
1352 1293 1499 1327 causa
1539 1284 1636 1343 est,
1684 1292 1803 1341 quo·
1839 1285 1892 1324 15

115 1353 247 1401 niam
287 1354 358 1401 sic
391 1358 467 1401 est
499 1354 659 1401 anima
699 1367 885 1401 conexa
923 1352 1039 1401 huic
1080 1353 1292 1418 corpori,
1331 1361 1388 1401 ut
1428 1353 1632 1401 summis
1673 1350 1805 1400 dolo-

114 1425 254 1475 ribus
317 1425 458 1475 cedat
511 1432 658 1490 atque
715 1426 956 1492 discedat3
1019 1427 1251 1490 quoniam
1310 1432 1360 1474 et
1412 1428 1517 1490 ipsa
1572 1440 1806 1490 compago

114 1499 452 1548 membrorum
500 1506 646 1564 atque
693 1500 914 1549 vitalium
960 1501 1031 1548 sic
1078 1501 1271 1548 infirma
1311 1506 1409 1566 est,
1454 1506 1511 1549 ut
1550 1514 1655 1548 eam
1695 1500 1807 1564 vim,

115 1589 240 1638 quae
295 1589 527 1638 magnum
588 1573 665 1623 vel
724 1589 972 1623 summum
1026 1573 1246 1623 dolorem
1301 1575 1444 1639 facit,
1498 1589 1597 1622 non
1651 1572 1808 1621 valeat

116 1649 378 1696 sustinere.
457 1646 597 1696 Tunc
631 1654 796 1696 autem
827 1647 912 1696 tali
952 1649 1150 1712 corpori
1190 1649 1350 1697 anima
1389 1655 1438 1696 et
1478 1663 1535 1696 eo
1576 1653 1803 1696 conecte-
1836 1655 1894 1695 20

115 1730 199 1770 tur
237 1721 406 1787 mode,
453 1727 510 1770 ut
547 1720 668 1770 illud
707 1721 983 1786 vinculum,
1033 1722 1164 1769 sicut
1200 1721 1335 1770 nulla
1374 1722 1612 1785 temporis
1651 1720 1805 1784 longi·

116 1795 287 1844 tudine
313 1794 546 1860 solvetur,
577 1796 646 1844 ita
669 1794 804 1844 nullo
837 1794 1005 1843 dolore
1038 1801 1312 1859 rumpatur.
1366 1794 1581 1843 Proinde
1615 1795 1806 1843 etiamsi

117 1883 230 1917 caro
286 1883 419 1917 nunc
473 1867 584 1917 talis
630 1868 764 1918 nulla
815 1874 919 1935 est,
974 1883 1098 1933 quae
1147 1883 1350 1917 sensum
1389 1867 1573 1916 doloris
1611 1868 1807 1932 perpeti

115 1943 273 2007 possit
311 1947 623 2006 mortemque
662 1957 762 1991 non
802 1943 981 2007 possit:
1030 1943 1125 1991 erit
1162 1949 1328 1991 tamen
1367 1948 1487 1991 tunc
1526 1941 1636 1990 talis
1676 1956 1806 2006 carc,

117 2015 274 2079 qualis
313 2031 445 2065 nunc
485 2030 585 2064 non
625 2022 722 2084 est,
762 2018 891 2065 sicut
929 2015 1040 2065 talis
1080 2017 1175 2065 erit
1214 2022 1264 2065 et
1301 2031 1435 2065 mors
1477 2015 1633 2079 qualis
1673 2030 1805 2064 nunc
1839 2024 1894 2065 25

116 2104 216 2138 non
278 2095 367 2138 est.
443 2088 554 2138 Non
609 2091 741 2138 enim
794 2089 956 2156 nulla,
1011 2089 1098 2138 sed
1153 2092 1454 2155 sempiterna
1508 2104 1642 2138 mors
1697 2090 1807 2155 erit,

117 2163 312 2226 quando
353 2178 445 2212 nec
484 2164 648 2212 vivere
689 2165 848 2212 anima
886 2165 1070 2228 poterit
1115 2162 1273 2212 Deum
1311 2179 1410 2212 non
1448 2163 1674 2212 habendo
1714 2177 1807 2211 nec

118 2235 370 2285 doloribus
403 2238 627 2301 corporis
668 2252 838 2285 carere
871 2236 1142 2286 moriendo
1219 2237 1384 2286 Prima
1422 2252 1557 2286 mors
1597 2238 1808 2286 animam

115 2309 367 2359 nolentem
405 2310 545 2374 pellit
593 2325 619 2359 6
679 2310 1175 2375 corpore,-secunda
1215 2326 1349 2359 mors
1389 2310 1805 2376 animam0nolen-

116 2389 217 2432 tem
264 2390 401 2432 tenet
447 2385 498 2432 in
546 2398 778 2449 corpore3
825 2383 884 2432 ab
932 2391 1142 2448 utraque
1191 2392 1350 2434 morte
1390 2386 1718 2433 communiter
1756 2382 1807 2431 id
1838 2392 1895 2431 30

115 2455 347 2522 habetur,
402 2463 458 2506 ut
505 2457 637 2521 quod
689 2472 789 2506 non
839 2457 944 2506 vult
993 2459 1154 2506 anima
1205 2458 1264 2506 de
1322 2473 1412 2507 suo
1464 2472 1671 2522 corpore
1723 2470 1805 2521 pa-

115 2530 281 2579 tiatur.
1537 2546 1543 2550 ·

268 2602 553 2652 Adtendunt
584 2610 747 2652 autem
778 2605 862 2652 isti
894 2603 1284 2652 contradictores
1316 2603 1498 2652 nullam
1531 2618 1639 2653 esse
1672 2619 1805 2653 nunc

120 2690 342 2742 carnem,
390 2691 514 2740 quae
555 2676 776 2725 dolorem
813 2679 915 2741 pati
953 2678 1109 2742 possit
1148 2683 1456 2741 mortemque
1498 2690 1595 2726 non
1635 2678 1806 2743 possit,

241 2866 297 2905 20
329 2866 370 2906 et
401 2866 455 2906 22
490 2862 758 2906 conectetur
790 2897 799 2906 .
835 2898 843 2907 .
879 2862 1087 2907 soluetur
1117 2862 1210 2916 R1,·
1244 2889 1298 2895 —
1330 2862 1425 2907 itur
1454 2876 1480 2907 v
