2054 3152
131 939 183 978 10

135 1309 187 1347 15

214 142 319 194 146
898 149 932 182 s,
958 148 1231 183 Aoous'rm

212 267 270 316 ad
311 265 511 315 modum
550 278 639 328 per
672 269 862 312 ceteras
901 268 1088 327 gentes
1164 261 1270 311 Una
1307 264 1459 328 igitur
1491 262 1679 311 Tharae
1719 261 1896 312 domus

213 346 339 405 erat,
387 339 446 387 de
499 353 596 402 quo
636 344 780 386 natus
830 343 906 385 est
944 335 1209 403 Abraham,
1254 338 1306 385 in
1347 352 1442 401 qua
1479 338 1627 386 unius
1666 337 1770 384 veri
1809 337 1898 386 Dei

213 413 376 462 cultus
425 419 495 477 et,
544 417 783 476 quantum
824 409 1059 459 credibile
1099 416 1196 476 est,
1246 412 1298 459 in
1339 425 1432 475 qua
1473 413 1568 459 iam
1609 410 1711 459 sola
1750 412 1898 460 etiam

213 486 435 535 Hebraea
488 485 656 549 lingua
704 491 1009 533 remanserat
1056 478 1302 550 (quamvis
1350 491 1399 534 et
1444 486 1576 549 ipsa,
1629 486 1757 533 sicut
1803 486 1900 533 iam

215 560 520 609 manifestior
570 559 657 607 Dei
710 557 923 623 populus
968 559 1020 607 in
1059 558 1300 625 Aegypt0‚
1346 560 1413 608 ita
1460 561 1511 606 in
1549 557 1900 622 Mesopotamia

216 635 429 683 servisse
471 633 564 682 diis
604 632 774 681 alienis
813 631 926 681 Iesu
965 631 1096 680 Nave
1136 638 1367 681 narrante
1407 626 1679 699 referatur)
1720 634 1901 682 ceteris

216 724 276 757 ex
327 708 561 772 progenie
615 706 745 755 illius
784 705 950 754 Heber
995 707 1047 754 in
1092 705 1284 770 linguas
1331 705 1566 771 paulatim
1605 705 1721 754 alias
1762 713 1811 755 et
1849 707 1901 754 in

216 783 440 830 nationes
492 780 608 829 alias
660 779 1005 829 defluentibus,
1081 778 1296 829 Proinde
1348 781 1478 828 sieut
1522 795 1612 844 per
1663 794 1902 844 aquarum

217 855 455 904 diluvium
500 869 599 903 una
645 854 820 902 domus
859 853 963 902 Noe
1010 861 1315 903 remanserat
1353 852 1412 901 ad
1453 854 1781 918 reparandum
1821 868 1902 917 ge-

218 944 311 978 nus
365 928 632 977 humanum
651 968 664 993 ‚
715 929 786 976 sie
843 929 894 976 in
941 926 1122 975 diluvio
1177 927 1444 977 multarum
1495 928 1904 992 superstitionum

217 1017 307 1067 per
361 1003 648 1050 universum
695 1001 935 1050 mundum
979 1015 1078 1050 una
1127 1006 1433 1051 remanserat
1471 1000 1646 1050 domus
1701 1000 1908 1066 Tharae,

218 1078 267 1125 in
309 1090 404 1139 qua
444 1074 691 1125 custodita
729 1082 805 1124 est
842 1075 1077 1140 plantatio
1118 1077 1328 1126 civitatis
1367 1075 1468 1124 Dei.
1546 1074 1768 1140 Denique
1808 1077 1907 1123 sic-

219 1157 275 1199 ut
326 1149 425 1198 illio
473 1150 774 1199 enumeratis
829 1164 977 1214 supra
1025 1149 1427 1212 generationibus
1473 1164 1631 1213 usque
1687 1148 1747 1198 ad
1801 1148 1904 1197 Noe

221 1223 366 1273 simul
421 1238 534 1272 eum
581 1238 823 1272 annorum
878 1225 1100 1271 numeris
1153 1230 1203 1272 et
1253 1225 1474 1289 exposita
1525 1222 1695 1273 diluvii
1744 1237 1906 1288 causa,

221 1299 511 1362 priusquam
561 1297 692 1346 Deus
742 1299 986 1361 inciperet
1035 1296 1095 1344 de
1156 1312 1268 1346 arca
1327 1297 1607 1346 fabricanda
1657 1296 1792 1362 loqui
1846 1296 1907 1345 ad

222 1371 352 1436 Noe,
407 1371 610 1420 dicitur:
665 1371 776 1420 Hae
823 1376 989 1420 autem
1033 1374 1389 1431 yenerationes
1436 1372 1566 1421 Noe:
1615 1373 1683 1420 ita
1730 1377 1779 1420 et
1824 1369 1906 1419 hic

224 1446 525 1494 enumeratis
558 1443 959 1509 generationibus
999 1443 1058 1492 ab
1097 1444 1195 1512 illo,
1234 1447 1319 1510 qui
1358 1451 1435 1494 est
1473 1444 1743 1510 appellatus
1776 1444 1907 1504 Sem,

224 1519 323 1568 filio
356 1518 474 1583 Noe,
514 1534 672 1582 usque
715 1518 772 1566 ad
806 1517 1063 1584 Abraham,
1103 1518 1279 1568 deinde
1319 1520 1528 1583 insignis
1567 1518 1804 1568 articulus
1845 1519 1908 1566 si-

224 1593 407 1641 militer
439 1594 640 1657 ponitur
673 1599 729 1641 ut
760 1592 973 1642 dicatur:
1012 1594 1124 1642 Hae
1154 1598 1273 1643 sunt
1298 1595 1657 1654 qeneratz’ones
1695 1593 1908 1641 Tharaa

231 1667 401 1716 Thara
437 1669 614 1727 §enuit
652 1668 842 1715 Abram
883 1671 930 1715 et
963 1667 1170 1717 Nachor
1209 1673 1257 1715 et
1294 1667 1484 1731 Arran,
1525 1672 1574 1714 et
1609 1667 1785 1715 Arran
1822 1681 1908 1726 ye-

225 1743 338 1790 nm't
381 1741 520 1789 Loth.
599 1740 666 1788 Et
709 1745 936 1789 mortuus
983 1746 1056 1790 est
1102 1741 1277 1789 Arran
1325 1755 1498 1790 coram
1545 1739 1715 1789 Thara
1757 1746 1912 1802 patre

225 1829 314 1864 sao
355 1817 406 1863 in
447 1820 589 1864 terra
630 1816 682 1862 in
721 1829 822 1875 qua
862 1819 1011 1863 natus
1051 1820 1140 1872 est,
1182 1817 1233 1863 in
1273 1817 1481 1875 reqione
1526 1814 1909 1863 Chaldaeorum.

226 1890 293 1938 Et
329 1890 538 1950 sumpsit
575 1888 766 1936 Abram
805 1893 853 1937 et
892 1889 1098 1938 Nachor
1136 1890 1234 1937 sibi
1270 1903 1458 1937 uxores
1467 1905 1485 1945 ;
1524 1901 1701 1938 nomen
1740 1889 1911 1936 malie-

227 1965 300 2011 re‘s
361 1964 554 2011 Abram
609 1962 745 2010 Sara
801 1967 849 2011 et
911 1976 1087 2011 nomen
1150 1965 1376 2011 mulieris
1432 1962 1638 2010 Nachor
1692 1961 1912 2025 Melcha,

141 2046 195 2086 25
223 2038 335 2096 filia
375 2038 564 2084 Arran.
641 2034 740 2082 Iste
780 2035 937 2083 Arran
983 2042 1123 2099 pater
1162 2035 1379 2083 Melehae
1428 2035 1521 2083 fuit
1576 2041 1623 2082 et
1662 2040 1802 2098 pater
1842 2032 1912 2081 Ie-

231 2124 366 2174 scae,
422 2122 545 2172 quae
597 2107 732 2156 Iesca
787 2108 1007 2156 ereditur
1060 2110 1165 2173 ipsa
1220 2123 1328 2156 esse
1383 2109 1529 2156 etiam
1586 2107 1731 2155 Sarra
1787 2122 1912 2156 uxor

229 2181 465 2231 Abrahae.

353 2325 394 2378 6)
427 2323 515 2367 Ios,
550 2327 620 2378 24,
653 2327 694 2367 2;
760 2325 831 2379 16)
865 2323 976 2368 Gen.
1010 2328 1050 2379 6,
1085 2329 1123 2367 9.
1188 2324 1261 2379 25)
1295 2322 1406 2366 Gen.
1444 2326 1511 2378 11,
1544 2326 1598 2365 27
1635 2337 1734 2377 sqq.

353 2521 377 2559 2
412 2516 467 2560 de
501 2529 591 2571 quo
633 2514 812 2568 VR²F,·
845 2514 901 2558 de
933 2528 1025 2570 qua.
1054 2513 1192 2558 R¹Lv
1231 2515 1247 2570 ΙΙ
1283 2518 1311 2556 4
1342 2513 1446 2569 ipsa
1486 2512 1697 2557 V2Parr.
1730 2526 1780 2566 v;
1810 2512 1914 2569 ipse

243 2574 445 2618 V¹RFL
466 2577 482 2630 ΙΙ
507 2580 561 2618 16
586 2573 653 2619 ita
676 2587 759 2618 om.
785 2573 830 2617 R
853 2575 868 2629 ΙΙ
893 2578 947 2617 23
975 2574 1309 2629 sumpseruntv
1333 2574 1348 2629 [l
1372 2577 1426 2616 25
1454 2572 1555 2628 (bis)
1582 2585 1711 2616 aram
1743 2571 1882 2616 VRF
1904 2572 1916 2629 g}

237 2639 292 2678 26
325 2647 453 2678 sarra
494 2632 578 2677 VR
608 2633 684 2687 (cf.
719 2646 753 2678 c.
787 2636 896 2688 26);
929 2631 1041 2676 Sara
1071 2646 1096 2676 v
