2004 3140
612 138 679 170 m:
704 136 944 171 CIVITATE
969 138 1059 170 DEI
1082 138 1124 171 L.
1148 138 1230 170 xx.
1254 138 1292 171 c.
1317 139 1371 171 24.
1720 126 1829 179 467

146 253 205 302 de
246 254 342 302 fine
389 252 536 301 huius
585 251 769 300 saeculi
816 253 1124 316 apertissime
1164 251 1233 300 ibi
1273 251 1459 302 dictum
1501 259 1598 318 est,
1647 268 1830 317 nequa-

147 330 294 391 quam
341 326 535 375 silentio
582 325 879 390 praeteribo,
958 327 1220 388 Principio
1261 332 1454 376 terram
1494 334 1547 376 tu
1582 326 1831 393 fundasti,

145 403 369 462 Domine,
404 408 453 450 et
483 415 640 463 opera
672 414 912 450 manuum
945 406 1149 450 tuarum
1187 407 1306 449 sunt
1336 405 1480 451 caeli.
1552 403 1660 464 Ipsi
1690 405 1830 464 peri-

142 477 285 535 bunt,
341 481 394 523 tu
453 480 620 524 autem
660 489 932 536 permanes
941 491 961 531 ,·
1010 480 1059 523 et
1104 489 1272 523 omnes
1316 478 1451 525 sieut
1488 479 1832 526 vestimentum

142 554 465 610 veterescent,
506 555 553 598 et
584 551 718 599 sieut
747 552 1056 611 opertorium
1086 550 1303 597 mutabis
1343 565 1440 616 eos,
1481 556 1530 599 et
1566 551 1829 599 mutabun-

145 628 256 681 tur;
303 628 356 672 tu
405 630 570 672 autem
619 626 749 672 idem
799 626 903 685 ‘ipse
950 638 1022 683 eS,
1078 628 1127 672 et
1165 625 1292 671 anni
1329 626 1406 672 tui
1442 638 1542 673 non
1583 626 1831 683 deficient.

145 695 272 754 Quid
314 703 390 746 est
430 697 560 761 quod
593 697 912 763 PorphyriuS,
953 711 1066 746 cum
1105 698 1339 760 pietatem
1380 697 1547 747 laudet
1584 697 1831 746 Hebraeo-

142 785 277 837 rum,
325 786 419 835 qua
466 787 672 836 magnus
721 779 770 820 et
815 787 962 820 verus
1011 778 1060 820 et
1107 773 1228 835 ipsis
1269 770 1556 820 numinibus
1596 771 1833 821 terribilis

143 843 203 893 ab
251 846 322 894 eis
370 845 548 895 colitur
594 845 726 895 Deus
738 886 752 912 ,
801 844 1104 894 Christianos
1159 844 1221 893 ob
1261 844 1355 894 hoc
1395 848 1557 910 arguit
1595 847 1832 895 maximae

145 918 380 968 stultitiae
430 922 576 969 etiam
626 936 684 968 ex
731 919 943 968 oraculis
992 919 1198 968 deorum
1239 935 1470 987 suorum,
1511 920 1643 984 quod
1681 921 1833 969 istum

144 993 384 1043 mundum
424 993 595 1043 dicunt
635 1009 743 1043 esse
782 990 1098 1058 periturum?
1158 993 1287 1042 Ecce
1326 995 1377 1042 in
1417 994 1596 1043 litteris
1634 995 1832 1059 pietatis

144 1065 482 1116 Hebraeorum
516 1067 696 1117 dicitur
728 1067 844 1135 De0,
885 1075 1032 1132 quem
1066 1068 1331 1116 confitente
1364 1075 1500 1117 tanto
1539 1067 1832 1132 philosopho

146 1142 291 1190 etiam
323 1143 427 1206 ipsa
459 1143 661 1190 numina
693 1141 1103 1206 perhorrescunt:
1151 1142 1318 1203 Opera
1350 1157 1590 1191 manuum
1629 1147 1834 1191 tuarum

142 1221 262 1265 sunt
313 1218 468 1278 caeli,
520 1219 618 1278 ipsi
663 1218 917 1279 peribunt.
996 1215 1245 1279 Numquid
1295 1216 1490 1280 quando
1543 1215 1664 1264 caeli
1703 1217 1832 1280 peri-

144 1288 290 1355 bunt,
340 1290 576 1356 mundUS,
617 1291 759 1340 cuius
798 1289 930 1338 idem
970 1289 1091 1338 caeli
1130 1291 1358 1354 superior
1397 1305 1512 1354 pars
1553 1297 1628 1339 est
1668 1297 1717 1338 et
1757 1297 1831 1338 tu-

144 1365 255 1430 tior,
295 1379 395 1412 non
434 1361 651 1428 peribit?
715 1363 767 1412 Si
805 1363 927 1412 haec
968 1365 1213 1412 sententia
1251 1363 1353 1411 Iovi
1394 1364 1634 1430 displicet,
1674 1365 1834 1431 cuiUS,

144 1445 200 1487 ut
253 1437 426 1487 scribit
478 1439 571 1487 iste
625 1437 978 1504 philosophUS,
1040 1437 1174 1487 velut
1228 1439 1468 1502 gravioris
1525 1439 1833 1487 auctoritatis

145 1511 343 1560 oraculo
398 1513 447 1560 in
498 1511 892 1561 Christianorum
948 1511 1236 1560 credulitate
1286 1511 1537 1576 culpatur:
1593 1527 1683 1561 cur
1733 1527 1833 1560 non

146 1585 371 1634 similiter
418 1588 706 1650 sapientiam
753 1593 1002 1650 tamquam
1058 1586 1316 1635 stultitiam
1365 1586 1531 1651 culpat
1585 1585 1832 1635 Hebraeo-

145 1674 278 1723 rum,
324 1661 375 1708 in
416 1675 628 1724 quorum
674 1659 812 1709 libris
858 1661 1095 1724 piissimis
1141 1657 1428 1709 invenitur?
1502 1660 1660 1709 Porro
1701 1661 1743 1708 si
1781 1661 1833 1709 in

145 1733 224 1782 illa
265 1735 518 1799 sapientia,
558 1749 681 1798 quae
714 1733 987 1798 Porphyrio
1028 1740 1126 1782 tam
1166 1733 1378 1782 multum
1416 1733 1592 1800 placet,
1630 1740 1687 1783 ut
1727 1748 1835 1782 eam

147 1807 352 1856 deorum
401 1823 596 1872 quoque
650 1823 854 1857 suorum
894 1807 1097 1856 vocibus
1136 1807 1412 1874 praedicet,
1452 1807 1633 1872 legitur
1673 1807 1834 1856 caelos

147 1897 256 1930 esse
296 1883 568 1946 perituros:
616 1897 705 1931 cur
753 1897 910 1946 usque
951 1881 1072 1930 adeo
1112 1895 1232 1930 vana
1274 1887 1350 1929 est
1390 1883 1483 1930 ista
1523 1881 1732 1946 fallacia,
1780 1887 1836 1930 ut

146 1957 196 2004 in
251 1955 344 2004 fide
395 1955 786 2004 Christianorum
841 1956 918 2004 vel
970 1957 1101 2005 inter
1148 1961 1313 2004 cetera
1359 1955 1436 2003 vel
1483 1970 1600 2019 prae
1653 1956 1834 2004 ceteris

144 2028 239 2077 hoc
287 2029 618 2090 detestentur,
671 2030 801 2094 quod
848 2031 899 2078 in
947 2044 1002 2078 ea
1049 2029 1565 2093 periturusvcreditur
1604 2029 1834 2095 mundUS,

148 2118 244 2167 quo
290 2105 463 2167 utique
510 2105 606 2152 nisi
650 2110 891 2168 pereunte
940 2103 1062 2152 caeli
1108 2104 1273 2167 perire
1313 2118 1413 2151 non
1452 2099 1698 2167 possunt?
1774 2101 1836 2150 Et

146 2178 198 2225 in
235 2176 414 2226 litteris
455 2177 652 2241 quidem
694 2179 869 2243 sacriS,
909 2192 1033 2242 quae
1073 2178 1274 2242 proprie
1315 2183 1512 2226 nostrae
1555 2183 1695 2242 sunt,
1736 2191 1835 2224 non

146 2249 384 2299 Hebraeis
439 2250 680 2316 nobisque
735 2266 1047 2317 communeS,
1101 2250 1150 2299 id
1206 2257 1282 2298 est
1334 2252 1386 2298 in
1441 2250 1733 2315 evangelicis
1788 2256 1838 2298 et

148 2324 428 2388 apostolicis
475 2324 614 2374 libris
661 2325 864 2390 legitur:
920 2326 1182 2374 Praeterit
1222 2327 1398 2385 fiqura
1446 2326 1595 2374 huius
1634 2325 1836 2380 munde]

146 2396 348 2461 legitur:
388 2399 614 2448 Mundus
654 2402 840 2448 transit
850 2416 870 2457 ;
907 2398 1110 2462 legitur:
1157 2399 1359 2447 Caelum
1400 2404 1449 2447 et
1487 2404 1630 2447 terra
1671 2405 1835 2446 trans-

148 2472 302 2519 ibunt.
382 2471 478 2520 Sed
510 2479 653 2539 puto,
694 2472 826 2536 quod
859 2475 1136 2538 praeterit,
1177 2474 1384 2532 transit,
1426 2473 1718 2520 transibunt
1754 2469 1836 2518 ali-

151 2550 332 2607 quanto
388 2546 556 2595 mitius
612 2547 742 2595 dicta
798 2553 914 2595 sunt
981 2560 1126 2610 quam
1171 2547 1428 2607 peribunt.
1522 2544 1576 2592 In
1629 2543 1839 2608 epistula

270 2659 312 2710 6)
344 2656 417 2701 Ps.
454 2662 552 2712 101,
585 2663 640 2702 26
674 2673 772 2713 sqq.
837 2659 910 2712 11)
935 2656 1001 2701 Cf.
1034 2657 1062 2699 1.
1099 2661 1153 2699 19
1187 2670 1225 2700 c.
1251 2662 1320 2700 23.
1385 2657 1458 2711 29)
1493 2662 1532 2699 1.
1559 2654 1658 2700 Cor.
1695 2661 1733 2710 7,
1766 2660 1836 2698 31.

151 2716 225 2770 30)
259 2719 297 2759 1.
330 2714 394 2758 10.
429 2720 480 2770 2,
515 2722 580 2760 17.
647 2719 721 2772 31)
755 2717 835 2761 Mt.
870 2721 940 2771 24,
972 2720 1043 2760 35.

270 2881 295 2920 5
327 2877 616 2921 veterascent
646 2891 671 2920 v
695 2879 711 2933 u
735 2881 792 2920 24
822 2878 898 2921 vel
930 2879 1112 2933 praeter
1144 2878 1298 2922 cetera,
1328 2877 1374 2919 A

1392 2950 1484 2994 30*

1865 929 1921 969 10

1867 1297 1921 1338 15

1866 1668 1922 1708 20

1866 2035 1922 2076 25

1869 2406 1927 2444 30
