2044 3146
137 1082 192 1121 10

139 1450 192 1492 15

141 1821 195 1860 20

219 140 329 201 200
905 159 938 192 s.
964 161 1239 196 Auens'rxm

895 342 1094 398 CAPUT
1133 343 1231 398 ΙΙΙ.

220 453 296 502 De
344 453 611 514 tripertitis
658 453 1119 512 siqnificcetionibus
1163 455 1552 518 prophetarum,
1601 466 1728 514 quae
1776 466 1914 501 num·

222 528 293 576 ad
323 531 594 589 terrenam,
635 540 772 575 nunc
806 528 877 576 ad
907 529 1172 576 caelestem
1203 527 1539 594 Hierusalem,
1578 541 1712 576 nunc
1745 531 1914 574 autem

703 602 775 650 ad
811 606 1079 662 utramque
1117 600 1432 662 referuntur.

377 702 621 760 Quocirca
661 705 789 753 sicut
836 703 1034 753 oracula
1081 703 1162 752 illa
1201 703 1364 753 divina
1402 704 1462 753 ad
1500 702 1740 752 Abraham
1779 702 1913 752 Isaac

224 783 275 826 et
308 776 454 826 Iacob
488 784 537 826 et
568 792 908 842 quaecumque
948 777 1038 826 alia
1078 779 1217 842 signa
1255 778 1331 827 vel
1370 777 1499 827 dicta
1534 776 1823 843 prophetica
1862 778 1915 825 in

224 852 381 900 sacris
419 850 598 900 litteris
637 850 1053 916 praecedentibus
1093 851 1219 901 facta
1260 859 1391 918 sunt,
1429 853 1494 901 ita
1532 852 1678 900 etiam
1719 857 1913 900 ceterae

222 924 281 973 ab
336 926 431 974 isto
462 940 662 988 -regum
701 932 924 990 tempore
975 925 1265 990 prophetiae
1320 927 1498 990 partim
1552 926 1804 995 pertinent
1855 924 1914 974 ad

223 1004 422 1062 gentem
462 1000 625 1047 carnis
664 998 911 1065 Abrahae,
950 1002 1130 1064 partim
1172 1015 1286 1049 vero
1327 999 1385 1048 ad
1425 998 1544 1048 illud
1584 1013 1753 1047 semen
1793 999 1918 1065 eius,

224 1074 276 1121 in
317 1088 414 1137 quo
454 1071 819 1122 benedicuntur
860 1088 1031 1122 omnes
1080 1081 1253 1138 gentes
1293 1073 1564 1122 coheredes
1604 1071 1788 1121 Christi
1826 1087 1919 1137 per

224 1153 573 1195 testamentum
622 1162 804 1196 novum
852 1147 911 1196 ad
961 1147 1307 1213 possidendam
1354 1149 1502 1196 vitam
1551 1154 1801 1195 aeternam
1840 1161 1916 1195 re-

225 1235 474 1284 gnumque
507 1220 780 1287 caelorum3
818 1223 999 1286 partim
1031 1237 1149 1286 ergo
1189 1221 1249 1270 ad
1280 1220 1520 1287 ancillam,
1559 1235 1682 1285 quae
1723 1221 1774 1268 in
1814 1234 1917 1268 ser-

224 1295 432 1343 vitutem
470 1302 695 1360 generat,
733 1295 782 1344 id
823 1302 899 1344 est
938 1302 1186 1344 terrenam
1226 1294 1559 1360 Hierusalem,
1600 1308 1724 1358 quae
1766 1294 1919 1342 servit

228 1383 342 1417 cum
381 1367 493 1416 filiis
534 1370 658 1435 suiS,
708 1371 889 1433 partim
926 1385 1042 1418 vero
1083 1369 1142 1418 ad
1182 1368 1386 1418 liberam
1426 1370 1672 1418 civitatem
1711 1366 1828 1434 Dei,
1866 1367 1916 1416 id

225 1448 302 1490 est
334 1456 496 1491 veram
530 1441 838 1492 Hierusalem
872 1449 1120 1492 aeternam
1159 1445 1209 1491 in
1251 1442 1412 1509 caeliS,
1452 1444 1593 1492 cuius
1633 1441 1718 1490 filii
1756 1441 1911 1490 homi-

225 1531 314 1564 nes
349 1515 621 1565 secundum
654 1515 810 1566 Deum
841 1518 1062 1566 viventes
1102 1519 1484 1582 peregrinantur
1523 1518 1574 1564 in
1614 1517 1785 1580 terris3
1826 1515 1913 1564 sed

227 1596 343 1638 sunt
381 1591 432 1638 in
480 1591 550 1638 eis
599 1591 860 1658 quaedam,
915 1606 1040 1655 quae
1081 1590 1140 1640 ad
1178 1598 1444 1655 utramque
1483 1591 1735 1655 pertinere
1775 1589 1918 1638 intel—

225 1663 480 1728 leguntur,
520 1663 578 1712 ad
619 1664 840 1714 ancillam
881 1666 1105 1730 proprie,
1144 1664 1204 1713 ad
1243 1664 1448 1713 liberam
1487 1664 1710 1728 figurate.

375 1737 643 1802 Tripertita
705 1741 872 1803 itaque
927 1741 1248 1803 reperiuntur
1305 1738 1499 1803 eloquia
1547 1736 1922 1803 prophetarum,

229 1812 270 1860 si
316 1810 514 1875 quidem
547 1811 708 1877 aliqua
748 1819 864 1862 sunt
903 1813 962 1861 ad
1004 1820 1254 1862 terrenam
1285 1811 1593 1861 Hierusalem
1635 1812 1923 1877 spectantia,

231 1884 391 1949 aliqua
447 1885 506 1934 ad
561 1886 853 1953 caelestem,
907 1886 1142 1935 nonnulla
1195 1886 1254 1935 ad
1310 1893 1584 1950 utramque.
1671 1883 1925 1950 Exemplis

228 1959 372 2007 video
403 1959 715 2024 probandum
748 1976 857 2010 esse
892 1960 1023 2024 quod
1056 1960 1181 2010 dicO.
1257 1959 1438 2009 Missus
1470 1966 1547 2009 est
1577 1957 1767 2007 Nathan
1807 1973 1920 2023 pro·

227 2032 402 2099 pheta,
449 2035 534 2097 qui
585 2049 754 2099 regem
793 2034 942 2082 David
985 2041 1216 2098 argueret
1254 2033 1314 2082 de
1354 2039 1558 2098 peccato
1599 2033 1733 2097 gravi
1774 2039 1822 2080 et
1861 2033 1925 2098 ei,

232 2121 357 2171 quae
391 2115 657 2156 consecuta
690 2114 806 2156 sunt
837 2108 977 2173 mala,
1017 2109 1182 2156 futura
1221 2106 1545 2172 praediceret.
1607 2105 1740 2154 Haec
1772 2112 1922 2169 atque

143 2189 199 2229 25
233 2179 382 2229 huius
414 2181 546 2230 modi
579 2182 680 2229 sive
711 2180 925 2247 publice,
963 2181 1011 2229 id
1045 2188 1121 2230 est
1150 2195 1242 2246 pro
1276 2180 1432 2229 salute
1472 2179 1547 2228 vel
1586 2179 1795 2228 utilitate
1835 2194 1921 2244 po·

230 2253 358 2319 puli,
410 2256 509 2303 sive
556 2256 804 2321 privatim,
853 2269 965 2304 cum
1015 2269 1105 2319 pro
1155 2256 1258 2304 suis
1307 2255 1518 2318 quisque
1565 2252 1716 2302 rebus
1756 2252 1922 2302 divina

230 2335 603 2392 promereretur
659 2328 876 2395 eloquia,
931 2326 1109 2393 quibus
1164 2342 1255 2393 pro
1313 2343 1406 2377 usu
1457 2326 1741 2392 temporalis
1792 2328 1922 2376 vitae

234 2402 389 2451 futuri
421 2401 601 2466 aliquid
629 2410 935 2468 nosceretur,
958 2401 1029 2451 ‘ad
1061 2408 1310 2451 terrenam
1343 2403 1588 2451 civitatem
1620 2402 1921 2465 pertinuisse

236 2477 346 2540 quis
386 2473 632 2541 ambigat?
685 2475 781 2525 Ubi
819 2482 983 2525 autem
1022 2475 1224 2540 legitur:
1267 2476 1404 2526 Ecce
1444 2478 1550 2524 dies
1588 2477 1806 2535 veniunt,
1847 2476 1922 2523 di-

144 2561 202 2601 30
234 2553 305 2600 cit
328 2551 584 2612 DominuS,
625 2556 674 2600 et
704 2551 1056 2600 consummabo
1095 2552 1269 2600 domui
1298 2551 1466 2599 Israel
1502 2555 1551 2598 et
1589 2549 1759 2597 domui
1789 2548 1925 2596 Iuda

352 2679 426 2734 24)
459 2683 500 2723 2.
527 2677 646 2722 Sam.
683 2683 752 2734 12,
787 2683 825 2724 1.

354 2845 408 2884 15
439 2854 598 2885 veram
630 2854 712 2886 om.
738 2842 783 2885 A
807 2843 823 2899 fl
847 2846 902 2886 22
934 2840 1127 2884 natham
1159 2838 1291 2896 RFu
1315 2843 1368 2882 23
1402 2838 1503 2895 qui]
1537 2837 1597 2881 ad
1628 2836 1693 2881 12¹
1717 2837 1737 2893 Η
1757 2841 1812 2881 25
1845 2836 1921 2881 vel

235 2899 437 2945 utilitate
469 2913 551 2944 om.
587 2901 632 2944 A
