2004 3140
123 976 176 1016 10

121 1345 174 1385 15

119 1715 175 1754 20

119 2084 174 2123 25

192 2221 255 2268 -id
308 2229 408 2286 est,
459 2229 542 2270 aut
593 2222 722 2285 quod
775 2229 994 2271 remanet
1034 2223 1093 2271 de
1135 2230 1273 2271 sexto
1314 2223 1390 2271 die

208 175 316 227 422
881 184 915 218 s.
939 184 1214 220 Aucusrm

209 301 418 366 videtur,
457 300 590 364 quod
622 298 871 349 occultum
903 315 1010 348 esse
1044 300 1210 367 voluit,
1251 302 1335 365 qui
1366 303 1645 365 pertineant
1685 300 1742 349 ad
1782 315 1891 365 par-

209 382 308 424 tem
350 373 550 441 diaboli,
598 381 647 423 et
688 375 772 438 qui
823 389 922 423 non
959 376 1253 439 pertineant.
1333 373 1435 423 Hoc
1477 377 1656 440 quippe
1698 377 1748 423 in
1789 390 1891 424 sae·

210 449 320 497 culo
360 450 455 497 isto
494 463 702 513 prorsus
743 447 881 514 latet,
933 449 1046 512 quia
1086 455 1134 496 et
1175 451 1259 513 qui
1301 448 1490 498 videtur
1531 455 1683 515 stare,
1724 455 1891 498 utrum

212 525 274 572 sit
315 537 536 588 casurUS,
576 529 625 571 et
665 523 750 586 qui
790 522 983 572 videtur
1022 524 1206 583 iacere,
1248 529 1415 572 utrum
1454 525 1516 572 sit
1557 529 1896 590 surrecturuS,

208 599 455 646 incertum
510 604 597 646 est.
675 595 746 645 Ab
804 598 873 646 eis
924 603 1087 646 autem
1134 595 1363 661 gentibus
1411 589 1705 647 seducendis
1745 597 1892 646 huius

209 670 461 720 interdicti
512 669 706 720 viuculo
760 677 808 719 et
861 670 1074 720 claustro
1126 670 1348 720 diabolus
1398 670 1691 736 prohibetur
1746 678 1891 736 atque

209 744 489 810 cohibetur,
537 760 658 810 quas
709 747 1015 810 pertinentes
1057 744 1116 794 ad
1156 744 1407 794 Christum
1447 745 1712 795 seducebat
1752 753 1894 795 antea

210 818 286 867 vel
326 818 536 868 tenebat.
613 818 710 867 Has
763 821 894 868 enim
934 818 1064 868 Deus
1106 819 1252 883 elegit
1292 826 1404 868 ante
1445 819 1614 868 mundi
1654 821 1890 869 constitu-

207 894 392 941 tionem
431 902 623 942 ‘eruere
677 892 735 941 de
786 899 1029 958 potestate
1079 892 1395 942 tenebrarum
1444 899 1493 942 et
1532 893 1802 942 transferre
1842 895 1893 942 in

208 982 416 1031 regnum
473 966 557 1015 filii
614 968 830 1015 caritatis
886 982 1028 1034 suae,
1083 969 1211 1016 sicut
1267 966 1515 1033 apostolus
1563 967 1695 1016 dicit.
1772 967 1894 1016 Nam

209 1039 445 1090 seducere
497 1040 635 1090 illum
681 1047 853 1106 gentes
905 1042 1051 1091 etiam
1102 1057 1234 1091 nunc
1285 1048 1334 1091 et
1381 1056 1550 1090 secum
1600 1041 1795 1090 trahere
1843 1043 1893 1090 in

208 1122 458 1163 aeternam
512 1130 748 1181 poenam,
805 1115 891 1164 sed
946 1131 1043 1164 non
1097 1115 1484 1180 praedestinatas
1539 1117 1590 1164 in
1641 1122 1891 1165 aeternam

207 1189 370 1248 vitam,
413 1191 522 1253 quis
564 1188 720 1238 fidelis
759 1186 987 1254 ignorat?
1047 1189 1148 1239 Nec
1190 1197 1395 1256 moveat,
1436 1189 1565 1254 quod
1607 1205 1750 1254 saepe
1792 1189 1889 1238 dia-

206 1261 350 1311 bolus
398 1263 589 1312 seducit
639 1265 787 1312 etiam
833 1263 963 1329 illos,
1012 1265 1096 1328 qui
1143 1266 1420 1328 regenerati
1470 1265 1565 1312 iam
1604 1265 1655 1312 in
1698 1262 1892 1312 Christo

207 1337 307 1385 vias
339 1337 686 1401 il‘lgrediuntur
718 1337 818 1386 Dei.
876 1339 1022 1387 Novit
1053 1339 1183 1386 enim
1215 1338 1457 1387 Dominus
1488 1340 1579 1399 qui
1606 1342 1724 1387 sunt
1754 1339 1893 1395 eius;

210 1425 269 1458 ex
323 1409 399 1459 his
454 1413 505 1459 in
560 1418 809 1459 aeternam
862 1411 1223 1460 damnationem
1270 1413 1518 1460 neminem
1565 1411 1644 1460 ille
1688 1410 1894 1460 seducit.

211 1483 291 1532 Sic
341 1486 471 1556 eni-m
520 1500 603 1533 eos
651 1486 785 1534 novit
831 1484 1067 1534 Dominus
1080 1525 1093 1552 ,
1150 1494 1203 1534 ut
1251 1484 1407 1550 Deus,
1463 1500 1610 1549 quem
1660 1484 1726 1533 nil
1775 1484 1894 1533 latet

210 1559 355 1606 etiam
389 1558 687 1625 futurorum,
726 1575 825 1607 non
860 1566 913 1608 ut
932 1553 1106 1625 home,
1147 1561 1231 1624 qui
1269 1559 1519 1608 hominem
1560 1558 1618 1607 ad
1658 1573 1893 1624 praesens

206 1631 339 1680 videt
378 1626 444 1699 (si
484 1640 646 1681 tamen
688 1632 832 1699 videt,
872 1634 1013 1682 cuius
1054 1648 1139 1681 cor
1178 1649 1277 1682 nou
1319 1629 1489 1700 videt),
1528 1632 1685 1698 qualis
1726 1638 1891 1682 autem

208 1712 378 1770 postea
410 1708 472 1755 sit
505 1706 702 1755 futurus
735 1722 826 1755 nec
861 1722 912 1756 se
949 1709 1112 1772 ipsum
1153 1707 1298 1756 videt.
1375 1707 1446 1755 Ad
1485 1707 1577 1756 hoc
1620 1722 1736 1771 ergo
1776 1706 1891 1770 liga-

208 1787 288 1827 tus
330 1786 404 1828 est
443 1779 664 1829 diabolus
705 1788 754 1829 et
791 1780 1013 1829 inclusus
1053 1782 1103 1829 in
1143 1780 1342 1847 abysse,
1384 1788 1438 1830 ut
1477 1782 1573 1830 iam
1612 1796 1711 1829 non
1750 1779 1892 1829 sedu-
1968 1803 1971 1804 ⁷

209 1861 285 1902 cat
324 1861 518 1919 genteS,
567 1870 624 1902 ex
674 1853 853 1918 quibus
894 1861 1086 1903 constat
1126 1854 1355 1921 ecclesia,
1404 1870 1523 1919 quas
1565 1861 1706 1903 antea
1747 1854 1891 1903 sedw

208 1933 311 1975 ctas
374 1926 592 1994 tenebat,
655 1935 917 1992 antequam
978 1936 1144 1978 essent
1206 1928 1426 1978 ecclesia.
1525 1927 1696 1993 Neque
1760 1929 1892 1976 enim

208 2000 395 2050 dictum
429 2009 502 2051 est
540 2007 627 2067 „ut
658 2017 758 2050 non
790 2002 1051 2051 seduceret
1091 1997 1347 2068 aliquem“,
1388 2001 1474 2051 sed
1515 2007 1570 2051 ut
1607 2017 1706 2051 non
1745 2003 1891 2051 sedu-

209 2081 367 2135 ceret,
422 2077 603 2140 inquit,
660 2079 758 2124 lam
809 2083 1009 2137 yeme&
1072 2079 1122 2124 in
1178 2075 1358 2140 quibus
1411 2075 1666 2125 ecclesiam
1718 2074 1892 2140 procul

207 2147 356 2196 dubio
398 2148 549 2197 voluit
587 2149 820 2214 intellegi,
861 2151 1018 2199 donee
1052 2152 1328 2211 finiantur,
1369 2151 1543 2214 inquit,
1583 2152 1716 2198 mille
1755 2151 1892 2213 anni,

1406 2263 1419 2288 ,
1475 2225 1559 2287 qui
1600 2229 1791 2271 constat
1831 2237 1890 2270 ex

208 2293 338 2343 mille
379 2297 544 2361 annis,
586 2302 668 2344 aut
708 2311 878 2344 omnes
919 2297 1054 2354 anni,
1097 2295 1275 2360 quibus
1315 2296 1547 2360 deinceps
1587 2295 1680 2344 hoc
1721 2310 1890 2344 saecu-

207 2367 309 2418 lum
347 2368 682 2434 peragendum
722 2376 811 2417 est.

354 2442 454 2491 Nec
488 2444 557 2492 sic
591 2442 943 2507 accipiendum
969 2451 1044 2491 est
1084 2442 1214 2506 quod
1255 2444 1341 2492 ait:
1391 2444 1450 2493 Ue
1488 2457 1584 2492 non
1625 2444 1894 2492 seduceret

208 2512 376 2581 (iam)
413 2522 613 2578 yente3‚
666 2519 1117 2580 donee-finiantur
1163 2519 1294 2566 mille
1341 2519 1488 2576 amai,
1541 2518 1682 2580 quasi
1719 2522 1891 2580 postea
1967 2525 1986 2529 *⁷

208 2592 272 2638 sit
311 2591 608 2639 seducturus
649 2605 731 2639 eas
771 2590 1020 2639 dumtaxat
1059 2597 1253 2654 gentes,
1305 2606 1362 2638 ex
1404 2590 1583 2654 quibus
1623 2589 1890 2654 praedesti-

330 2704 373 2758 9)
406 2702 524 2758 Eph.
560 2708 598 2756 1,
632 2708 672 2746 4.
739 2705 810 2758 10)
844 2701 940 2746 Col.
975 2707 1013 2756 1,
1050 2707 1117 2745 13.
1181 2703 1254 2756 15)
1288 2706 1327 2745 2.
1361 2700 1478 2744 Tim.
1512 2706 1552 2756 2,
1589 2706 1655 2745 19.

331 2870 351 2906 1
386 2838 523 2920 quod?
541 2863 633 2916 R¹‚·
666 2864 775 2919 quia
799 2863 938 2908 R2Av
964 2865 1028 2921 112
1058 2862 1324 2919 pertineant
1354 2876 1437 2907 om.
1470 2863 1515 2906 A
1538 2865 1553 2920 ΙΙ
1581 2868 1633 2908 10
1666 2862 1892 2908 claritatis

208 2936 236 2978 9
261 2924 275 2978 ΙΙ
301 2927 354 2966 23
389 2924 541 2967 essent
571 2922 664 2975 R¹‚-
696 2924 815 2967 esset
843 2935 869 2967 v
893 2924 908 2979 ΙΙ
932 2927 986 2966 31
1020 2922 1116 2966 iam
1146 2936 1228 2967 om.
1262 2921 1352 2966 ΒΑ
