2004 3140
551 133 617 164 DE
642 130 885 166 mvrrA'rE
910 131 998 164 Dm
1022 132 1065 164 L.
1089 132 1192 165 XXI.
1218 132 1255 165 c.
1281 134 1335 166 27.
1672 122 1777 173 551

99 247 438 311 frequentatur
494 260 578 292 ore
636 243 936 310 Christiano,
992 259 1104 293 cum
1156 260 1207 293 se
1261 247 1438 309 cuique
1496 252 1778 295 sanctorum

97 319 292 370 humilis
333 321 540 383 quisque
589 317 898 367 commendat
946 324 994 366 et
1034 318 1172 367 dicit:
1219 318 1445 385 „Memor
1484 321 1581 368 mei
1622 315 1780 384 esto“,

96 403 241 459 atque
295 392 344 441 id
399 400 454 442 ut
505 407 613 440 esse
666 394 823 456 possit
871 393 1199 456 promerendo
1254 388 1444 461 efficit.)
1524 393 1620 442 Sed
1669 395 1780 458 quis

93 471 187 518 iste
227 469 291 516 sit
330 466 530 532 moduS,
571 473 620 515 et
659 481 784 530 quae
825 467 923 514 sint
960 467 1066 530 ipsa
1104 473 1319 532 peccata,
1360 483 1483 531 quae
1524 469 1591 516 ita
1628 469 1780 532 impe-

91 543 235 591 diunt
273 541 645 605 perventionem
694 540 754 588 ad
793 555 1002 604 regnum
1041 539 1152 605 Dei,
1198 547 1254 589 ut
1293 547 1456 589 tamen
1499 548 1782 591 sanctorum

91 617 364 665 amicorum
403 615 592 663 meritis
624 615 878 678 inpetrent
916 613 1285 680 indulgentiam,
1325 614 1666 664 difficillimum
1707 623 1782 664 est

91 690 336 754 invenire,
384 687 859 752 periculosissimum
908 687 1128 736 definire.
1204 687 1308 752 Ego
1349 695 1482 737 certe
1524 704 1681 752 usque
1722 689 1782 737 ad

91 764 184 812 hoc
239 769 434 827 tempus
490 777 603 810 cum
656 761 769 810 iude
825 770 1098 826 satagerem
1161 762 1220 810 ad
1276 777 1449 811 eorum
1503 762 1782 827 indaginem

91 838 351 902 pervenire
407 851 506 885 non
560 837 714 900 potui.
791 834 854 883 Et
904 836 1128 885 fortassis
1179 842 1444 901 propterea
1494 835 1667 901 latent,
1718 852 1780 886 ne

92 911 312 960 studium
358 909 648 974 proficiendi
696 909 754 958 ad
807 911 969 958 omnia
1017 909 1231 959 cavenda
1276 917 1476 974 peccata
1516 912 1776 974 pigrescat.
1812 921 1866 960 10

92 985 336 1043 Quoniam
391 985 432 1032 si
480 985 728 1032 scirentur
776 999 899 1047 quae
952 983 1027 1032 vel
1078 983 1238 1048 qualia
1286 986 1385 1033 sint
1435 983 1637 1050 delicta,
1688 1000 1778 1049 pro

93 1058 273 1123 quibus
321 1059 467 1106 etiam
515 1056 920 1121 permanentibus
970 1073 1061 1106 nec
1108 1064 1345 1122 provectu
1395 1060 1520 1107 vitae
1561 1057 1779 1108 melioris

90 1133 365 1196 absumptis
396 1133 688 1180 intercessio
721 1133 784 1180 sit
815 1131 1110 1196 inquirenda
1151 1138 1199 1180 et
1239 1131 1480 1196 speranda
1517 1133 1779 1198 iustorum,

93 1209 164 1255 eis
205 1220 379 1254 secura
419 1221 470 1254 se
513 1204 795 1254 obvolveret
833 1205 1045 1254 humana
1085 1207 1308 1272 segnitia,
1348 1221 1439 1255 nec
1480 1205 1635 1254 evolvi
1675 1206 1780 1255 tali-

91 1280 184 1330 bus
224 1279 601 1344 implicamentis
641 1278 789 1327 ullius
839 1281 1036 1328 virtutis
1075 1279 1386 1344 expeditione
1427 1286 1646 1345 curaret,
1695 1280 1781 1329 sed
1817 1291 1870 1330 15

91 1353 429 1403 tantummodo
503 1360 770 1416 quaereret
830 1353 1038 1402 aliorum
1107 1355 1298 1402 meritis
1360 1353 1585 1419 liberari,
1659 1370 1783 1418 quos

93 1429 277 1476 amicos
326 1426 418 1475 sibi
465 1426 523 1475 de
573 1441 846 1475 mammona
893 1428 1167 1491 iniquitatis
1208 1428 1601 1492 elemosynarum
1639 1427 1782 1493 largi—

101 1510 199 1550 tate
248 1501 459 1550 fecisset.
537 1500 679 1550 Nunc
718 1516 834 1549 vero
883 1500 1000 1550 dum
1038 1501 1240 1550 venialis
1279 1503 1576 1567 iniquitatiS,
1617 1504 1782 1551 etiam-

91 1578 135 1624 si
189 1582 495 1641 perseveret,
542 1577 799 1638 ignoratur
846 1575 1044 1640 moduS,
1097 1576 1321 1640 profecto
1368 1583 1418 1624 et
1464 1575 1683 1625 studium
1730 1578 1781 1624 in

93 1648 295 1698 meliora
333 1648 622 1712 proficiendi
669 1648 855 1697 orando
905 1655 953 1697 et
991 1649 1219 1699 instando
1261 1649 1538 1714 vigilantius
1579 1649 1775 1699 adhibe·
1811 1660 1867 1699 20

92 1730 175 1771 tur
228 1730 276 1771 et
322 1722 532 1771 faciendi
590 1721 649 1770 de
698 1737 972 1771 mammona
1022 1724 1296 1787 iniquitatis
1345 1729 1540 1772 sanctos
1599 1725 1782 1772 amicos

93 1811 212 1845 cura
251 1811 349 1845 non
390 1797 655 1860 spernitur.

242 1869 422 1918 Verum
477 1871 570 1918 ista
616 1868 866 1936 liberati0,
921 1885 1045 1934 quae
1094 1870 1147 1919 fit
1193 1872 1294 1919 sive
1343 1872 1446 1919 suis
1497 1869 1780 1935 quibusque

94 1942 399 1992 orationibus
455 1945 556 1992 sive
610 1943 1034 1993 intercedentibus
1089 1946 1302 2010 sanctis,
1364 1944 1413 1993 id
1469 1946 1567 2008 agit
1622 1952 1676 1994 ut
1730 1946 1781 1993 in

92 2019 256 2081 ignem
292 2019 500 2081 quisque
533 2031 629 2065 non
664 2019 888 2066 mittatur
920 2024 1191 2084 aeternum,
1231 2033 1330 2066 non
1369 2024 1440 2083 ut,
1480 2033 1593 2066 cum
1633 2018 1782 2067 suerit
1814 2027 1870 2066 25

93 2093 288 2151 missuS,
320 2096 432 2154 post
464 2097 916 2155 quantumcumque
951 2090 1063 2140 inde
1089 2097 1285 2156 tempus
1311 2098 1527 2140 eruatur.
1576 2091 1699 2139 Nam
1734 2098 1783 2140 et

94 2164 178 2230 illi,
218 2165 302 2228 qui
342 2170 517 2228 putant
556 2165 626 2212 sic
666 2163 1051 2229 intellegendum
1090 2180 1199 2213 esse
1240 2164 1371 2228 quod
1413 2166 1652 2229 scriptum
1693 2172 1783 2230 est,

92 2238 288 2286 adferre
335 2245 519 2286 terram
565 2236 744 2287 bonam
791 2237 997 2287 uberem
1043 2239 1285 2304 fructum,
1332 2238 1473 2287 aliam
1520 2240 1781 2303 tricenum,

94 2310 236 2360 aliam
276 2326 596 2376 sexagenum,
637 2311 778 2360 aliam
818 2318 1106 2378 centenum,
1155 2319 1212 2361 ut
1251 2314 1407 2361 sancti
1445 2327 1535 2376 pro
1575 2327 1780 2361 suorum

93 2384 374 2434 diversitate
425 2386 717 2434 meritorum
767 2385 847 2434 alii
895 2387 1113 2435 tricenos
1151 2385 1376 2434 homines
1416 2385 1653 2451 liberent,
1701 2385 1782 2434 alii
1814 2395 1872 2434 30

95 2473 386 2524 sexagenOS,
434 2457 514 2507 alii
561 2465 820 2525 centenOS,
870 2458 962 2508 hoc
1010 2461 1060 2508 in
1109 2459 1185 2508 die
1226 2459 1396 2508 iudicii
1436 2459 1659 2508 futurum
1701 2473 1779 2507 su-

1815 551 1841 588 ι’·

215 2586 286 2639 29>
319 2585 400 2627 Mt.
439 2590 506 2639 13,
539 2589 579 2628 8.

216 2753 269 2791 12
301 2747 526 2803 prouectu
557 2746 651 2789 ΒΑ
681 2747 785 2800 (vol.
820 2746 867 2799 I,
899 2749 1004 2799 479,
1035 2750 1109 2802 9)‚·
1139 2745 1353 2803 profectu
1382 2760 1407 2790 v
1431 2748 1446 2802 Ι]
1473 2751 1527 2789 14
1559 2745 1778 2802 segnities

98 2820 125 2849 v
149 2808 164 2862 u
186 2805 315 2850 uolui
331 2805 444 2849 R¹A
468 2807 483 2861 ΙΙ
508 2811 562 2849 17
589 2804 806 2862 largitate
830 2818 918 2849 mss
940 2807 1067 2859 (550,
1084 2810 1164 2861 15)
1172 2822 1188 2859 ;
1211 2804 1458 2863 largitione
1483 2819 1508 2849 v
1532 2806 1548 2862 ΙΙ
1571 2809 1628 2850 20
1645 2818 1780 2849 oran-

96 2864 156 2909 do
190 2866 237 2908 cb
265 2864 371 2910 inst.
404 2877 492 2910 mss
504 2881 520 2917 ,·
554 2863 754 2908 orationi
784 2864 890 2907 inst.
924 2878 949 2907 v
