2054 3152
154 963 207 1003 10

155 1328 208 1368 15

153 1696 208 1736 20

153 2063 210 2104 25

155 2431 212 2470 30

243 169 346 220 128
913 177 947 210 s.
971 176 1246 211 AUGUSTINI

240 308 450 356 nemque
490 291 637 340 huius
686 291 898 338 nominis
944 288 1178 338 reddens:
1233 291 1363 349 Quia
1412 292 1463 338 in
1504 291 1700 355 diebu-3,
1747 290 1924 356 inquit,

240 369 346 416 eius
380 368 541 415 divisa
574 370 648 414 est
678 370 835 413 terra.
898 363 1002 412 Hoc
1034 370 1198 412 autem
1239 363 1356 427 quid
1396 364 1473 429 sit,
1511 370 1684 427 postea
1723 377 1923 427 appare·

239 439 324 488 bit.
401 438 537 487 Alius
569 453 701 503 ver0,
742 438 827 501 qui
859 443 1003 486 natus
1036 443 1111 486 est
1142 452 1202 486 ex
1234 436 1413 502 Heber,
1452 437 1623 500 genuit
1662 435 1922 486 duodecim

240 513 387 578 filios;
439 527 494 560 ac
541 526 631 576 per
678 509 771 559 hoc
818 511 944 560 fiunt
991 525 1161 559 omnes
1211 512 1459 575 progeniti
1497 510 1556 558 de
1600 509 1713 559 Sem
1754 511 1927 574 viginti

241 592 443 650 septem.
519 585 575 633 In
609 599 797 634 summa
829 586 979 649 igitur
1018 599 1189 633 omnes
1229 585 1475 648 progeniti
1514 583 1573 632 de
1613 582 1774 632 tribus
1814 582 1926 632 filiis

239 660 358 726 Noe,
398 659 446 708 id
487 666 564 707 est
596 657 879 723 quindecim
919 657 979 706 de
1004 657 1223 722 Iapheth‚
1263 658 1465 722 triginta
1503 671 1633 706 unus
1674 657 1733 705 de
1760 656 1926 722 Cham,

238 734 410 797 viginti
449 739 637 798 septem
671 731 730 780 de
765 731 879 780 Sem
918 731 1043 780 fiunt
1082 732 1393 795 septuaginta
1429 737 1547 779 tres,
1624 729 1809 779 Deinde
1851 745 1925 778 se-

240 808 409 871 quitur
464 807 707 870 scriptura
758 805 949 854 dicens:
1012 805 1082 853 He·
1127 807 1228 863 filu·
1279 805 1393 853 Sem
1441 807 1494 852 in
1541 805 1771 853 tribubus
1821 806 1927 853 suis

238 881 516 929 secundum
563 882 765 940 linquas
813 893 933 928 suas
984 880 1035 926 in
1086 879 1378 938 reqiom'bus
1424 880 1529 926 suis
1576 883 1626 926 et
1676 880 1727 926 in
1763 880 1924 939 qemi-

240 955 330 1002 bus
368 956 500 1011 sui33·
538 954 757 1015 itemque
797 949 858 1000 de
898 950 1152 1000 omnibus:
1198 952 1331 1013 Hae,
1371 952 1554 1017 inquit,
1603 951 1766 1000 tribus
1800 953 1928 1010 filio-

240 1041 354 1076 rum
379 1028 484 1076 Noe
514 1027 792 1075 secundum
819 1028 1176 1087 qenerutz'ones
1216 1039 1402 1084 eorum,
1441 1026 1719 1074 secundum
1754 1030 1929 1085 qentes

241 1115 427 1150 eorum.
491 1100 566 1149 Ab
598 1101 676 1148 his
709 1101 970 1161 dispersae
999 1104 1118 1148 sunt
1149 1101 1346 1148 insulae
1373 1100 1600 1159 ¹qem‘ium
1638 1113 1792 1160 super
1831 1102 1929 1148 ter-

240 1188 353 1222 ram
394 1179 511 1236 post
559 1175 814 1222 diluvium.
891 1171 1030 1220 Unde
1080 1171 1326 1236 colligitur
1365 1173 1674 1236 septuaginta
1712 1177 1815 1220 tres
1854 1170 1931 1219 vel

240 1249 406 1312 potius
471 1242 628 1312 (quod
689 1252 861 1310 postea
923 1240 1374 1310 demonstrabitur)
1437 1246 1747 1309 septuaginta
1809 1244 1929 1293 duas

242 1327 414 1385 gentes
467 1326 586 1369 tunc
642 1320 819 1385 fuisse,
874 1334 974 1367 non
1027 1319 1266 1368 homines,
1342 1318 1466 1367 Nam
1513 1324 1562 1367 et
1600 1319 1762 1383 priuS,
1817 1333 1930 1367 cum

241 1395 452 1443 fuissent
490 1394 862 1442 commemorati
899 1392 987 1441 filii
1017 1391 1236 1459 [apheth‚
1275 1394 1342 1441 ita
1382 1391 1671 1441 conclusum
1710 1398 1808 1441 est:
1849 1393 1931 1441 Ex

241 1470 319 1517 his
356 1473 658 1529 seqreqatae
706 1472 824 1516 sunt
871 1468 1067 1515 insulae
1102 1468 1328 1527 qentium
1367 1469 1419 1515 in
1459 1471 1602 1516 terra
1641 1480 1762 1532 sua,
1801 1480 1932 1515 unus

241 1544 451 1602 quisque
489 1542 765 1590 secundum
811 1542 1038 1601 linquam
1089 1542 1141 1589 in
1181 1541 1412 1589 tribubus
1449 1542 1554 1588 suis
1594 1544 1643 1588 et
1680 1541 1732 1588 in
1768 1542 1929 1600 qemi-

243 1616 333 1663 bus
371 1617 490 1663 suis,

390 1687 490 1736 lam
522 1703 639 1736 vero
672 1689 723 1735 in
763 1687 875 1736 filiis
908 1686 1060 1736 Cham
1100 1686 1312 1751 quodam
1351 1686 1459 1735 loco
1499 1687 1718 1751 apertius
1757 1692 1931 1750 gentes

244 1767 652 1810 commemoratae
685 1767 816 1826 sunt,
855 1762 984 1810 sicut
1016 1762 1245 1825 superius
1277 1759 1485 1809 ostendi.
1562 1760 1809 1809 Mesraim
1844 1775 1930 1821 qe-

242 1838 356 1884 nuz't
401 1849 503 1895 ⁶²03,
553 1837 643 1896 qui
687 1837 930 1884 dicuntur
970 1834 1202 1892 Ludiim;
1249 1840 1298 1882 et
1338 1833 1510 1882 eodem
1550 1832 1695 1881 modo
1736 1839 1931 1882 ceterae

242 1923 401 1973 usque
442 1908 502 1957 ad
550 1914 739 1973 septem
787 1914 973 1972 gentes,
1050 1907 1112 1957 Et
1152 1908 1452 1957 enumeratis
1493 1906 1721 1955 omnibus
1760 1913 1930 1971 postea

243 1981 571 2031 concludens:
617 1982 688 2030 Hi
726 1984 829 2041 filii
878 1982 1055 2047 Cham,
1100 1982 1288 2046 inquit,
1338 1983 1389 2030 in
1436 1982 1667 2029 tribubus
1713 1982 1818 2029 suis
1856 1995 1929 2029 se-

244 2057 467 2105 cundum
515 2057 716 2116 linquas
761 2069 884 2103 suas
932 2057 985 2103 in
1031 2056 1323 2115 reqionibus
1369 2056 1474 2102 suis
1521 2059 1570 2103 et
1607 2056 1660 2102 in
1695 2054 1931 2114 ,uentibus

241 2132 358 2177 suis.
437 2128 709 2192 Propterea
748 2142 865 2192 ergo
905 2127 1176 2176 multorum
1214 2126 1301 2175 filii
1341 2141 1439 2175 non
1479 2133 1595 2175 sunt
1635 2141 1928 2175 commemo-

242 2203 351 2265 rati,
392 2202 506 2265 quia
544 2200 774 2264 gentibus
814 2200 920 2249 aliis
960 2200 1206 2249 nascendo
1247 2207 1591 2265 accesserunt,
1630 2201 1727 2264 ipsi
1766 2206 1931 2249 autem

242 2280 416 2338 gentes
449 2275 611 2322 facere
644 2275 987 2338 nequiverunt.
1063 2273 1186 2322 Nam
1225 2288 1320 2338 qua
1360 2273 1451 2322 alia
1490 2288 1651 2339 causa,
1691 2288 1805 2322 cum
1844 2273 1931 2323 filii

243 2346 448 2411 Iapheth
487 2353 598 2396 octo
640 2353 1022 2413 enumerentur,
1062 2362 1121 2396 ex
1170 2345 1363 2396 duobus
1402 2362 1575 2396 eorum
1615 2352 1807 2395 tantum
1844 2346 1931 2395 filii

245 2422 347 2470 nati
380 2426 843 2485 commemorantur,
883 2426 933 2469 et
963 2435 1075 2469 cum
1107 2420 1193 2469 filii
1226 2419 1376 2469 Cham
1410 2426 1642 2484 quattuor
1674 2421 1928 2468 nominen-

245 2501 354 2561 tur,
406 2509 465 2542 ex
512 2492 674 2543 tribus
719 2499 911 2543 tantum
952 2495 1036 2558 qui
1076 2496 1176 2543 nati
1216 2500 1333 2543 sunt
1372 2493 1675 2558 adiciuntur,
1725 2499 1775 2541 et
1814 2507 1927 2542 cum

243 2567 330 2616 filii
382 2566 496 2616 Sem
536 2569 853 2616 nominentur
901 2582 986 2615 sex
998 2606 1012 2633 ‚
1061 2567 1272 2617 duorum
1312 2573 1504 2616 tantum
1543 2567 1806 2630 posteritas
1847 2566 1927 2614 ad-

363 2679 436 2734 26)
470 2678 581 2723 Gen.
618 2683 686 2722 10.

365 2845 390 2884 6
423 2841 471 2884 et
499 2839 606 2896 trig.
631 2853 656 2883 v
680 2841 696 2896 ΙΙ
718 2852 862 2883 unum
895 2838 1032 2883 VRF
1051 2840 1067 2895 u
1092 2844 1144 2882 11
1180 2853 1267 2884 sec.
1300 2841 1424 2896 gent.
1457 2852 1571 2893 mss;
1603 2841 1650 2883 et
1681 2852 1769 2883 sec.
1801 2839 1926 2895 gent.

215 2958 218 2962 ἡ
244 2912 270 2942 υ
294 2900 309 2954 ΙΙ
334 2902 387 2942 17
421 2899 517 2955 sua]
552 2912 710 2943 eorum
741 2897 787 2942 R
809 2900 825 2955 ΙΙ
851 2903 904 2942 18
935 2898 1146 2954 linguam
1187 2898 1231 2942 V
1256 2911 1336 2943 sec.
1372 2897 1557 2951 θῆκας
1587 2898 1617 2942 l.
1651 2911 1782 2942 suam
1811 2911 1838 2941 v
