2044 3146
530 149 596 180 m:
621 147 860 181 CIVITATE
887 148 974 179 DEI
998 148 1039 179 n.
1064 148 1187 180 xvn.
1212 148 1249 180 c.
1275 150 1327 181 16.
1354 149 1406 182 17.
1700 136 1805 187 241

124 261 242 326 quid
305 261 384 309 hic
446 261 650 324 tropicis
712 258 1044 309 locutionibus
1099 259 1405 310 subobscure
1467 260 1653 310 dictum
1716 268 1806 325 est,

120 350 319 400 quoquo
360 333 502 383 modo
534 333 863 399 intellegatur,
902 332 1049 382 debet
1087 332 1164 382 his
1203 333 1354 384 rebus
1395 335 1806 383 manifestissimis

122 423 398 458 convenire.

768 550 959 604 CAPUT
991 551 1163 604 XVII.

116 659 191 708 De
229 660 330 718 his,
382 672 513 719 quae
560 661 631 707 ad
666 660 1008 707 sacerdotium
1054 659 1245 707 Christi
1281 661 1333 707 in
1368 661 1560 720 psalmo
1602 664 1801 708 centen-
1836 668 1859 705 5

113 734 236 781 simo
283 746 435 792 nono,
485 739 534 782 et
579 734 642 782 de
687 734 785 793 leis,
834 747 964 793 quae
1012 735 1064 781 in
1098 735 1293 795 psalmo
1333 735 1602 782 vicensimo
1637 736 1803 794 primo

526 809 597 856 ad
626 809 912 875 passionem
953 809 1109 868 ipsius
1147 812 1389 869 spectant.

264 909 404 959 Sicut
453 912 598 958 etiam
645 912 694 958 in
747 909 828 958 illo
878 910 1087 975 psalmo,
1145 909 1230 958 ubi
1286 910 1516 959 sacerdos
1558 909 1804 975 ChristuS,

115 998 262 1048 quem
302 983 359 1032 ad
408 984 607 1032 modum
648 983 727 1031 hic
768 999 876 1048 rex,
925 985 1231 1048 apertissime
1271 984 1608 1048 praedicatur:
1655 985 1803 1033 Dixit

115 1058 355 1107 Dominus
387 1059 597 1107 Domino
629 1072 759 1106 meo:
799 1058 930 1106 Sede
961 1073 992 1106 a
1027 1060 1222 1107 dextris
1253 1061 1386 1118 meis,
1429 1060 1587 1107 donec
1613 1073 1800 1120 ponam
1840 1067 1893 1106 10

114 1133 343 1180 inimicos
390 1139 499 1180 tuos
546 1133 817 1180 scabellum
857 1133 1046 1193 pedum
1094 1137 1319 1194 tuorum,
1362 1132 1534 1180 sedere
1576 1131 1801 1181 Christus

113 1204 171 1252 ad
213 1204 464 1253 dexteram
503 1204 664 1253 Patris
705 1204 947 1270 creditur,
995 1220 1095 1253 non
1134 1204 1352 1270 videtur3
1393 1207 1500 1253 eius
1542 1207 1688 1254 etiam
1730 1207 1802 1253 in-

113 1279 285 1327 imicos
323 1280 442 1343 poni
483 1277 574 1327 sub
614 1277 824 1343 pedibus
865 1280 972 1327 eius
1013 1278 1233 1327 nondum
1273 1286 1496 1344 apparet3
1536 1279 1585 1327 id
1626 1281 1800 1343 agitur,

114 1351 367 1417 apparebit
413 1354 462 1400 in
510 1352 628 1417 fine3
677 1354 822 1401 etiam
871 1352 964 1400 hoc
1005 1368 1137 1401 nunc
1179 1353 1423 1419 creditur,
1470 1359 1583 1418 post
1621 1352 1802 1401 videbi-

112 1432 207 1474 tur.
285 1425 466 1475 Verum
508 1425 638 1490 quod
671 1428 922 1490 sequitur:
975 1426 1179 1488 Vz'ryam
1219 1429 1420 1476 virtutis
1462 1433 1581 1476 tuae
1620 1430 1806 1476 emittet
1840 1437 1892 1474 15

113 1501 355 1549 Dominus
387 1515 453 1549 ex
484 1501 620 1561 Sion,
661 1506 709 1549 et
741 1493 1004 1550 dominare
1044 1503 1094 1549 in
1135 1503 1296 1550 medio
1337 1503 1657 1550 inimicorum
1697 1507 1802 1550 tuo-

112 1575 366 1641 rum‚·ita
415 1573 600 1622 clarum
649 1575 749 1640 est,
798 1582 854 1623 ut
901 1589 1000 1622 non
1054 1574 1213 1623 solum
1251 1574 1605 1624 infideliter'et
1643 1574 1802 1623 infeli-

113 1649 259 1713 citer,
307 1647 393 1696 sed
442 1649 588 1696 etiam
638 1647 936 1712 inpudenter
976 1654 1198 1712 negetur.
1276 1648 1338 1698 Et
1376 1650 1470 1713 ipsi
1512 1650 1693 1713 quippe
1736 1649 1802 1697 fa·

111 1727 280 1770 tentur
319 1722 505 1770 inimici
544 1737 602 1770 ex
644 1720 761 1769 Sion
802 1723 1000 1770 missam
1041 1723 1193 1770 fuisse
1233 1722 1391 1786 legem
1425 1721 1624 1788 Christi,
1663 1722 1796 1786 quod

113 1794 418 1858 evangelium
473 1810 562 1843 nos
618 1810 874 1861 vocamus,
930 1802 979 1843 et
1033 1810 1138 1843 eam
1194 1797 1379 1860 v1rgam
1433 1797 1629 1844 virtutis
1686 1797 1793 1844 eius-
1826 1806 1882 1844 20

113 1870 440 1932 agnoscimus.
517 1867 767 1917 Dominari
819 1883 936 1917 vero
993 1883 1107 1917 eum
1160 1870 1210 1917 in
1266 1869 1426 1918 medio
1482 1871 1798 1918 inimicorum

113 1956 318 1990 suorum
364 1941 494 1990 idem
541 1943 658 2008 ipsi,
705 1943 835 1990 inter
875 1957 998 2006 quos
1039 1942 1341 2009 dominatur,
1393 1941 1625 1991 dentibus
1666 1943 1796 1991 fren-

113 2014 272 2064 dendo
312 2022 362 2064 et
392 2015 687 2064 tabescendo
722 2022 771 2064 et
802 2015 923 2064 nihil
954 2016 1190 2065 adversus
1222 2032 1337 2065 eum
1369 2016 1572 2064 valendo
1614 2022 1794 2066 testan-

114 2095 207 2137 tur.
284 2088 469 2138 Deinde
511 2089 641 2154 quod
680 2089 825 2154 paulo
864 2097 977 2154 post
1016 2089 1156 2139 dicit:
1204 2091 1406 2139 Iuravit
1444 2091 1708 2151 DominuS,
1750 2097 1798 2139 et

111 2177 211 2211 non
261 2165 540 2224 paenitebit
592 2179 727 2223 eum,
783 2163 963 2227 quibus
1018 2163 1181 2218 verbis
1232 2163 1519 2213 inmutabile
1573 2165 1795 2213 futurum
1829 2174 1884 2213 25

113 2251 222 2285 esse
271 2237 534 2303 significat,
582 2237 712 2301 quod
761 2237 1007 2301 adiungit:
1062 2238 1131 2286 Tu
1172 2253 1225 2287 es
1262 2238 1506 2287 sacerdos
1545 2241 1597 2286 in
1637 2244 1798 2287 aeter-

112 2325 231 2359 num
277 2313 555 2360 secundum
603 2313 833 2360 ordinem
881 2312 1278 2372 Melchisedech,
1330 2327 1387 2360 ex
1438 2327 1494 2360 eo
1536 2311 1665 2376 quod
1706 2314 1801 2360 iam

114 2398 356 2448 nusquam
389 2391 464 2433 est
496 2385 826 2433 sacerdotium
859 2392 909 2434 et
942 2385 1238 2434 sacrificium
1270 2386 1543 2434 secundum
1576 2384 1800 2433 ordinem

113 2456 356 2512 Aaronet
387 2458 810 2522 ubiqueoffertur
843 2457 935 2507 sub
976 2458 1231 2508 sacerdote
1266 2457 1476 2524 ChristO,
1517 2458 1645 2522 quod
1687 2474 1798 2522 pro·

114 2529 227 2579 tulit
265 2531 640 2597 Melchisedech,
681 2531 875 2595 quando
915 2531 1166 2581 benedixit
1211 2531 1469 2598 Abraham,
1510 2534 1620 2595 quis
1666 2531 1797 2580 amb·
1832 2542 1892 2581 30

117 2604 250 2667 igere
298 2607 624 2671 permittitur,
665 2605 724 2654 de
767 2621 864 2669 quo
904 2607 997 2654 ista
1038 2602 1303 2654 dicantur?
1365 2605 1435 2653 Ad
1476 2604 1595 2654 haec
1635 2607 1798 2669 itaque

233 2718 306 2772 27)
337 2716 410 2761 Ps.
447 2722 543 2772 109,
577 2722 624 2771 13
658 2723 706 2771 2;
739 2722 779 2760 4.
842 2721 916 2772 30)
950 2716 1060 2762 Gen.
1095 2723 1163 2773 14,
1198 2722 1266 2760 18.

237 2882 263 2921 8
297 2877 444 2934 Sicut]
477 2879 706 2934 suspicor:
738 2879 813 2923 Sic
843 2879 922 2934 (cf.
954 2883 1068 2933 242,
1101 2881 1186 2936 3)ss
1214 2884 1265 2923 12
1299 2879 1384 2923 Dei
1415 2878 1563 2935 patris
1594 2892 1621 2922 v

205 2966 299 2990 Auo.
323 2967 377 2990 m:
402 2967 478 2993 etv.
504 2968 582 2994 nm.
629 2961 680 2992 11.
1391 2959 1442 2997 16
