2004 3140
599 134 666 167 DE
690 132 929 167 mvrmm
952 134 1042 167 nm
1065 135 1106 168 L.
1130 135 1215 169 xx,
1240 134 1278 168 c.
1303 135 1357 170 18.
1707 123 1813 175 447

133 251 185 299 in
225 251 355 300 diem
395 249 576 299 iudicii
620 254 670 297 et
706 249 1012 311 perditionis
1058 249 1311 298 hominum
1351 250 1629 310 impiorum.
1706 248 1815 297 Hoc

131 338 286 373 unum
317 337 436 373 vero
466 335 567 371 non
599 324 757 372 lateat
785 337 884 383 vos,
924 324 1190 389 carissimi,
1222 325 1342 383 quia
1374 337 1505 371 unus
1542 323 1647 371 dies
1678 324 1818 384 apud

132 398 398 446 Dominum
435 398 570 446 sicut
605 398 738 445 mille
777 398 902 445 anni
938 402 987 446 et
1023 399 1156 445 mille
1194 399 1321 445 anni
1355 399 1489 445 sicut
1526 397 1631 445 dies
1671 411 1813 445 unus,

132 473 242 520 Non
274 472 449 520 tardat
478 470 722 519 Dominus
753 472 1069 533 promissum,
1109 473 1242 519 sicut
1278 472 1483 531 quidam
1524 471 1814 519 tarditatem

131 546 448 602 existimant;
484 545 577 593 sed
590 546 849 606 patienter
874 543 983 605 fert
1014 550 1228 606 propter
1258 558 1356 605 vos,
1396 547 1568 593 nolens
1600 547 1815 605 aliquem

124 621 327 685 perire,
387 619 477 667 sed
537 632 704 667 omnes
766 620 817 666 in
874 620 1241 680 paenitentiam
1302 620 1540 667 converti.
1645 618 1818 667 Veniet

131 698 298 742 autem
345 694 451 742 dies
490 692 694 741 Domini
736 697 794 740 ut
833 690 947 753 fur,
995 694 1047 740 in
1094 706 1192 752 quo
1239 694 1373 741 caeli
1407 705 1589 752 maqno
1630 694 1814 754 impetu

131 772 518 832 transcurrent,
580 769 823 815 elementa
887 770 1054 815 autem
1108 767 1346 814 ardentia
1401 768 1714 815 resolventur
1768 772 1818 814 et

131 846 274 889 terra
314 846 364 889 et
407 855 538 902 quae
584 842 636 888 in
686 842 795 902 ipsa
834 845 951 888 sunt
989 854 1146 902 opera
1187 846 1483 888 exurentur.
1560 839 1653 888 His
1693 854 1814 900 erqo

131 916 357 964 omnibus
399 915 732 976 pereuntibus
778 916 952 974 quales
999 919 1195 975 oportet
1240 928 1347 962 esse
1392 927 1476 962 vos
1523 915 1575 962 in
1624 916 1814 962 sanctis

131 989 597 1038 conversationibus
643 992 966 1049 expectantes
1013 993 1062 1036 et
1093 993 1430 1050 properantes
1470 989 1541 1035 ad
1570 1002 1813 1048 praesen-

131 1064 252 1111 tiam
292 1063 397 1111 diei
432 1062 654 1123 Domini,
699 1076 798 1124 per
838 1076 987 1122 quam
1027 1064 1161 1119 caeli
1197 1063 1436 1110 ardentes
1474 1063 1729 1109 solventur
1768 1068 1815 1110 et

132 1139 373 1185 elementa
413 1138 544 1196 ionis
592 1137 783 1183 ardore
831 1137 1212 1195 decoquentur?
1289 1136 1452 1183 Nouos
1491 1148 1609 1183 vero
1650 1137 1815 1184 caelos

131 1217 180 1260 et
218 1215 408 1258 terram
447 1222 625 1258 novam
671 1211 947 1258 secundum
987 1211 1240 1271 promissa
1280 1210 1437 1270 ipsius
1476 1213 1814 1272 expectamus,

131 1286 182 1333 in
233 1284 414 1344 quibus
469 1284 661 1331 iustitia
714 1284 976 1331 inhabitat.
1054 1281 1186 1330 Nihil
1235 1281 1315 1330 hic
1368 1282 1488 1331 dixit
1539 1281 1598 1330 de
1646 1296 1810 1330 resur·

129 1358 350 1406 rectione
384 1362 710 1422 mortuorum,
750 1356 836 1405 sed
877 1371 993 1405 sane
1035 1356 1094 1404 de
1134 1356 1414 1420 perditione
1454 1355 1625 1404 mundi
1664 1355 1812 1404 huius

130 1433 262 1479 satis,
339 1429 434 1479 Ubi
473 1431 618 1478 etiam
660 1445 1050 1479 commemorans
1090 1429 1274 1478 sactum
1314 1436 1426 1478 ante
1467 1424 1720 1478 diluvium'
1744 1431 1812 1477 vi-

131 1505 277 1554 detur
317 1504 630 1553 admonuisse
678 1497 890 1567 quodam
936 1503 1104 1570 modO,
1153 1510 1398 1568 quatenus
1438 1505 1488 1552 in
1528 1504 1624 1551 fine
1664 1503 1812 1552 huius

131 1578 314 1628 saeculi
359 1577 600 1626 mundum
647 1579 798 1627 istum
846 1580 1126 1643 periturum
1178 1592 1286 1626 esse
1339 1577 1612 1627 credamus,
1690 1576 1812 1625 Nam

131 1660 180 1702 et
226 1652 306 1700 illo
358 1658 580 1716 tempore
628 1653 818 1716 perisse
866 1651 1012 1717 dixit,
1064 1653 1149 1715 qui
1196 1658 1316 1700 tunc
1369 1657 1499 1717 erat,
1551 1651 1812 1716 mundum3

130 1742 221 1775 nec
263 1725 422 1774 solum
461 1724 632 1773 orbem
679 1731 867 1790 terrae,
912 1740 1084 1774 verum
1132 1726 1279 1773 etiam
1320 1724 1505 1785 caeIOS,
1554 1740 1678 1788 quos
1718 1726 1811 1773 uti-

131 1815 226 1864 que
275 1801 397 1848 istos
444 1800 604 1847 aerios
643 1798 997 1863 intellegimus,
1050 1813 1262 1863 quorum
1301 1797 1464 1847 locum
1505 1813 1559 1846 ac
1600 1799 1813 1862 spatium

130 1880 250 1923 tunc
290 1888 414 1938 aqua
463 1873 732 1921 crescendo
781 1878 1112 1937 superaverat.
1189 1871 1320 1937 Ergo
1361 1878 1495 1920 totus
1536 1878 1620 1920 aut
1657 1887 1812 1936 paene

130 1954 263 1997 totns
314 1962 398 1995 aer
445 1948 538 1995 iste
586 1951 821 1995 ventosus
870 1940 1028 2013 (quod
1075 1945 1265 1995 caelum
1312 1945 1388 1994 vel
1434 1947 1601 2010 potius
1653 1944 1812 1994 caelos

130 2028 283 2088 vocat,
324 2020 411 2069 sed
451 2021 623 2084 utique
663 2021 787 2069 istos
826 2021 974 2086 imOS‚
1014 2035 1113 2068 non
1152 2019 1261 2069 illos
1302 2034 1576 2084 supremoS,
1616 2018 1702 2068 ubi
1741 2018 1814 2067 sol

130 2102 180 2144 et
229 2094 344 2143 luna
401 2100 450 2142 et
502 2093 663 2142 sidera
710 2095 983 2148 ,constituta
1034 2088 1176 2161 sunt)
1229 2108 1498 2142 conversus
1550 2093 1712 2142 fuerat
1762 2094 1813 2141 in

130 2167 346 2217 umidam
395 2167 679 2232 qualitatem
725 2174 871 2232 atque
925 2167 1015 2216 hoc
1064 2166 1208 2215 modo
1258 2182 1372 2216 eum
1410 2174 1543 2216 terra
1581 2168 1812 2232 perierat,

132 2243 274 2291 cuius
306 2248 468 2291 terrae
501 2243 674 2306 utique
706 2243 844 2306 prior
876 2242 1025 2291 facies
1059 2241 1220 2290 fuerat
1252 2238 1410 2290 dele‘ta
1450 2240 1645 2290 diluvio,
1716 2241 1816 2299 Qut·

130 2323 296 2366 autem
327 2332 462 2366 nunc
493 2323 623 2378 sunt,
663 2317 838 2381 inquit,
878 2318 1012 2366 caeli
1047 2321 1096 2365 et
1134 2321 1290 2375 terra,
1332 2317 1502 2365 eodem
1542 2315 1692 2364 verbo
1732 2329 1810 2364 re-

123 2393 279 2453 positi
307 2396 435 2452 sunt,
477 2393 586 2451 iyni
614 2392 918 2439 reservandi
955 2393 1005 2439 in
1039 2392 1169 2439 diem
1209 2391 1391 2439 iudicii
1429 2394 1478 2438 et
1507 2390 1813 2450 perditionis

130 2465 381 2513 hominum
423 2466 700 2525 impiorum.
777 2463 991 2512 Proinde
1033 2465 1118 2527 qui
1158 2462 1280 2512 caeli
1320 2468 1368 2510 et
1409 2476 1532 2526 quae
1572 2467 1720 2526 terra,
1760 2461 1809 2509 id

132 2543 232 2602 est7
289 2539 373 2600 qui
419 2537 632 2586 mundus
680 2553 770 2602 pro
811 2553 868 2586 eo
910 2537 1119 2602 munde,
1176 2538 1261 2600 qui
1301 2535 1481 2584 diluvio
1520 2535 1695 2599 periit⁷
1749 2549 1810 2582 ex

133 2610 304 2658 eadem
343 2625 467 2674 aqua
507 2613 755 2674 repositus
797 2618 897 2673 est,
937 2612 1042 2675 ipse
1082 2611 1184 2674 igni
1223 2610 1487 2657 novissimo
1528 2613 1812 2656 reservatur

132 2684 183 2731 in
224 2682 354 2732 diem
392 2682 562 2732 iudicii
609 2690 658 2732 et
704 2684 1001 2748 perditionis
1039 2683 1294 2731 hominum
1333 2683 1612 2746 impiorum.
1687 2680 1811 2729 Nam

132 2751 468 2805 et'hominum
499 2763 704 2821 propter
736 2772 960 2821 magnam
987 2755 1229 2821 quandam
1255 2756 1687 2805 commutationem
1712 2769 1810 2802 non

251 2871 324 2925 15)
356 2874 396 2914 2.
428 2868 550 2914 Petr.
584 2874 624 2925 3,
657 2874 682 2913 3
717 2883 813 2926 sqq.

1847 551 1873 592 5

1850 922 1902 960 10

1848 1291 1900 1331 15

1847 1661 1902 1700 20

1846 2028 1902 2067 25

1844 2398 1901 2437 30

1844 2761 1901 2801 35
