<?xml version="1.0" encoding="UTF-8"?>
<!DOCTYPE html PUBLIC "-//W3C//DTD XHTML 1.0 Transitional//EN"
    "http://www.w3.org/TR/xhtml1/DTD/xhtml1-transitional.dtd">
<html xmlns="http://www.w3.org/1999/xhtml" xml:lang="en" lang="en">
 <head>
  <title>
</title>
<meta http-equiv="Content-Type" content="text/html;charset=utf-8" />
  <meta name='ocr-system' content='tesseract 3.04.00' />
  <meta name='ocr-capabilities' content='ocr_page ocr_carea ocr_par ocr_line ocrx_word'/>
</head>
<body>
  <div class='ocr_page' id='page_1' title='image "./decivitatedeilib02auguuoft_0632.png"; bbox 0 0 2004 3140; ppageno 0'>
   <div class='ocr_carea' id='block_1_1' title="bbox 133 928 188 967">
    <p class='ocr_par' dir='ltr' id='par_1_1' title="bbox 133 928 188 967">
     <span class='ocr_line' id='line_1_1' title="bbox 133 928 188 967; baseline 0.018 -1"><span class='ocrx_word' id='word_1_1' title='bbox 133 928 188 967; x_wconf 91' lang='lat'>10</span> 
     </span>
    </p>
   </div>
   <div class='ocr_carea' id='block_1_2' title="bbox 134 1295 187 1334">
    <p class='ocr_par' dir='ltr' id='par_1_2' title="bbox 134 1295 187 1334">
     <span class='ocr_line' id='line_1_2' title="bbox 134 1295 187 1334; baseline 0 0"><span class='ocrx_word' id='word_1_2' title='bbox 134 1295 187 1334; x_wconf 87' lang='grc'>15</span> 
     </span>
    </p>
   </div>
   <div class='ocr_carea' id='block_1_3' title="bbox 131 1663 188 1703">
    <p class='ocr_par' dir='ltr' id='par_1_3' title="bbox 131 1663 188 1703">
     <span class='ocr_line' id='line_1_3' title="bbox 131 1663 188 1703; baseline 0 0"><span class='ocrx_word' id='word_1_3' title='bbox 131 1663 188 1703; x_wconf 82' lang='grc'>20</span> 
     </span>
    </p>
   </div>
   <div class='ocr_carea' id='block_1_4' title="bbox 131 2029 187 2070">
    <p class='ocr_par' dir='ltr' id='par_1_4' title="bbox 131 2029 187 2070">
     <span class='ocr_line' id='line_1_4' title="bbox 131 2029 187 2070; baseline 0.018 -1"><span class='ocrx_word' id='word_1_4' title='bbox 131 2029 187 2070; x_wconf 82' lang='lat'>25</span> 
     </span>
    </p>
   </div>
   <div class='ocr_carea' id='block_1_5' title="bbox 132 2396 188 2437">
    <p class='ocr_par' dir='ltr' id='par_1_5' title="bbox 132 2396 188 2437">
     <span class='ocr_line' id='line_1_5' title="bbox 132 2396 188 2437; baseline 0.018 -1"><span class='ocrx_word' id='word_1_5' title='bbox 132 2396 188 2437; x_wconf 89' lang='grc'>30</span> 
     </span>
    </p>
   </div>
   <div class='ocr_carea' id='block_1_6' title="bbox 226 131 1236 182">
    <p class='ocr_par' dir='ltr' id='par_1_6' title="bbox 226 131 1236 182">
     <span class='ocr_line' id='line_1_6' title="bbox 226 131 1236 182; baseline -0.01 0"><span class='ocrx_word' id='word_1_6' title='bbox 226 131 332 182; x_wconf 80' lang='grc'>628</span> <span class='ocrx_word' id='word_1_7' title='bbox 898 139 935 173; x_wconf 84' lang='lat' dir='ltr'>S.</span> <span class='ocrx_word' id='word_1_8' title='bbox 960 139 1236 174; x_wconf 77' lang='lat' dir='ltr'>Auousrm</span> 
     </span>
    </p>
   </div>
   <div class='ocr_carea' id='block_1_7' title="bbox 218 253 1908 2601">
    <p class='ocr_par' dir='ltr' id='par_1_7' title="bbox 218 253 1908 2601">
     <span class='ocr_line' id='line_1_7' title="bbox 223 253 1905 319; baseline -0.001 -15"><span class='ocrx_word' id='word_1_9' title='bbox 223 261 360 314; x_wconf 86' lang='lat' dir='ltr'>sunt,</span> <span class='ocrx_word' id='word_1_10' title='bbox 407 256 677 303; x_wconf 85' lang='lat' dir='ltr'>invenitur:</span> <span class='ocrx_word' id='word_1_11' title='bbox 725 253 792 302; x_wconf 88' lang='lat' dir='ltr'>E&#39;t</span> <span class='ocrx_word' id='word_1_12' title='bbox 837 255 889 302; x_wconf 80' lang='lat' dir='ltr'>in</span> <span class='ocrx_word' id='word_1_13' title='bbox 936 267 1098 302; x_wconf 82' lang='lat' dir='ltr'>earne</span> <span class='ocrx_word' id='word_1_14' title='bbox 1143 266 1255 302; x_wconf 71' lang='lat' dir='ltr'>mett</span> <span class='ocrx_word' id='word_1_15' title='bbox 1295 255 1469 303; x_wconf 83' lang='lat' dir='ltr'>videbo</span> <span class='ocrx_word' id='word_1_16' title='bbox 1509 254 1693 319; x_wconf 83' lang='lat' dir='ltr'>Deum,</span> <span class='ocrx_word' id='word_1_17' title='bbox 1740 269 1905 303; x_wconf 83' lang='lat' dir='ltr'>resur-</span> 
     </span>
     <span class='ocr_line' id='line_1_8' title="bbox 222 326 1908 394; baseline -0.001 -17"><span class='ocrx_word' id='word_1_18' title='bbox 222 329 494 377; x_wconf 88' lang='lat' dir='ltr'>rectionem</span> <span class='ocrx_word' id='word_1_19' title='bbox 557 327 756 391; x_wconf 89' lang='lat' dir='ltr'>quidem</span> <span class='ocrx_word' id='word_1_20' title='bbox 819 327 981 375; x_wconf 86' lang='lat' dir='ltr'>carnis</span> <span class='ocrx_word' id='word_1_21' title='bbox 1044 328 1150 375; x_wconf 89' lang='lat' dir='ltr'>sine</span> <span class='ocrx_word' id='word_1_22' title='bbox 1212 326 1360 375; x_wconf 91' lang='lat' dir='ltr'>dubio</span> <span class='ocrx_word' id='word_1_23' title='bbox 1422 327 1754 394; x_wconf 75' lang='lat' dir='ltr'><strong>prophetavit,</strong></span> <span class='ocrx_word' id='word_1_24' title='bbox 1809 343 1908 376; x_wconf 92' lang='lat' dir='ltr'>non</span> 
     </span>
     <span class='ocr_line' id='line_1_9' title="bbox 222 394 1905 466; baseline 0 -16"><span class='ocrx_word' id='word_1_25' title='bbox 222 409 386 451; x_wconf 87' lang='lat' dir='ltr'>tamen</span> <span class='ocrx_word' id='word_1_26' title='bbox 418 400 561 450; x_wconf 83' lang='lat' dir='ltr'>dixit:</span> <span class='ocrx_word' id='word_1_27' title='bbox 600 401 728 466; x_wconf 86' lang='lat' dir='ltr'>„Per</span> <span class='ocrx_word' id='word_1_28' title='bbox 760 415 959 449; x_wconf 89' lang='lat' dir='ltr'>carnem</span> <span class='ocrx_word' id='word_1_29' title='bbox 992 394 1197 448; x_wconf 84' lang='lat' dir='ltr'>meam.“</span> <span class='ocrx_word' id='word_1_30' title='bbox 1273 399 1415 458; x_wconf 87' lang='lat' dir='ltr'>Quod</span> <span class='ocrx_word' id='word_1_31' title='bbox 1449 401 1647 464; x_wconf 87' lang='lat' dir='ltr'>quidem</span> <span class='ocrx_word' id='word_1_32' title='bbox 1679 403 1720 449; x_wconf 89' lang='lat' dir='ltr'>si</span> <span class='ocrx_word' id='word_1_33' title='bbox 1759 401 1905 450; x_wconf 84' lang='lat' dir='ltr'>dixis-</span> 
     </span>
     <span class='ocr_line' id='line_1_10' title="bbox 223 473 1907 541; baseline -0.001 -17"><span class='ocrx_word' id='word_1_34' title='bbox 223 482 323 541; x_wconf 90' lang='lat' dir='ltr'>set,</span> <span class='ocrx_word' id='word_1_35' title='bbox 377 482 546 539; x_wconf 90' lang='lat' dir='ltr'>posset</span> <span class='ocrx_word' id='word_1_36' title='bbox 592 475 724 524; x_wconf 90' lang='lat' dir='ltr'>Deus</span> <span class='ocrx_word' id='word_1_37' title='bbox 774 473 1000 523; x_wconf 88' lang='lat' dir='ltr'>Christus</span> <span class='ocrx_word' id='word_1_38' title='bbox 1046 473 1287 539; x_wconf 80' lang='lat' dir='ltr'>intellegi,</span> <span class='ocrx_word' id='word_1_39' title='bbox 1341 476 1427 538; x_wconf 93' lang='lat' dir='ltr'>qui</span> <span class='ocrx_word' id='word_1_40' title='bbox 1472 490 1562 539; x_wconf 87' lang='lat' dir='ltr'>per</span> <span class='ocrx_word' id='word_1_41' title='bbox 1609 490 1808 523; x_wconf 87' lang='lat' dir='ltr'>carnem</span> <span class='ocrx_word' id='word_1_42' title='bbox 1855 476 1907 524; x_wconf 93' lang='lat' dir='ltr'>in</span> 
     </span>
     <span class='ocr_line' id='line_1_11' title="bbox 223 548 1908 614; baseline 0.001 -17"><span class='ocrx_word' id='word_1_43' title='bbox 223 564 369 597; x_wconf 89' lang='lat' dir='ltr'>carne</span> <span class='ocrx_word' id='word_1_44' title='bbox 403 548 670 614; x_wconf 67' lang='lat' dir='ltr'>videbitur:</span> <span class='ocrx_word' id='word_1_45' title='bbox 711 563 844 597; x_wconf 89' lang='lat' dir='ltr'>nunc</span> <span class='ocrx_word' id='word_1_46' title='bbox 876 563 1002 596; x_wconf 82' lang='lat' dir='ltr'>vero·</span> <span class='ocrx_word' id='word_1_47' title='bbox 1025 554 1189 612; x_wconf 88' lang='lat' dir='ltr'>potest</span> <span class='ocrx_word' id='word_1_48' title='bbox 1229 559 1279 597; x_wconf 85' lang='lat' dir='ltr'>et</span> <span class='ocrx_word' id='word_1_49' title='bbox 1318 550 1388 596; x_wconf 89' lang='lat' dir='ltr'>sic</span> <span class='ocrx_word' id='word_1_50' title='bbox 1428 550 1605 612; x_wconf 78' lang='lat' dir='ltr'>accipi:</span> <span class='ocrx_word' id='word_1_51' title='bbox 1645 550 1707 597; x_wconf 77' lang='lat' dir='ltr'>In</span> <span class='ocrx_word' id='word_1_52' title='bbox 1747 563 1908 599; x_wconf 80' lang='lat' dir='ltr'>earne</span> 
     </span>
     <span class='ocr_line' id='line_1_12' title="bbox 221 621 1906 688; baseline -0.001 -16"><span class='ocrx_word' id='word_1_53' title='bbox 221 638 333 672; x_wconf 82' lang='lat' dir='ltr'>mea</span> <span class='ocrx_word' id='word_1_54' title='bbox 378 624 554 672; x_wconf 80' lang='lat' dir='ltr'>videbo</span> <span class='ocrx_word' id='word_1_55' title='bbox 601 625 791 687; x_wconf 81' lang='lat' dir='ltr'>Deum,</span> <span class='ocrx_word' id='word_1_56' title='bbox 846 637 902 670; x_wconf 90' lang='lat' dir='ltr'>ac</span> <span class='ocrx_word' id='word_1_57' title='bbox 950 623 991 670; x_wconf 93' lang='lat' dir='ltr'>si</span> <span class='ocrx_word' id='word_1_58' title='bbox 1038 622 1262 670; x_wconf 82' lang='lat' dir='ltr'>dixisset:</span> <span class='ocrx_word' id='word_1_59' title='bbox 1317 621 1414 686; x_wconf 88' lang='lat' dir='ltr'>„In</span> <span class='ocrx_word' id='word_1_60' title='bbox 1462 637 1610 670; x_wconf 88' lang='lat' dir='ltr'>carne</span> <span class='ocrx_word' id='word_1_61' title='bbox 1658 637 1763 671; x_wconf 89' lang='lat' dir='ltr'>mea</span> <span class='ocrx_word' id='word_1_62' title='bbox 1805 637 1906 688; x_wconf 84' lang='lat' dir='ltr'>ero,</span> 
     </span>
     <span class='ocr_line' id='line_1_13' title="bbox 222 692 1908 761; baseline 0.001 -16"><span class='ocrx_word' id='word_1_63' title='bbox 222 711 336 746; x_wconf 88' lang='lat' dir='ltr'>cum</span> <span class='ocrx_word' id='word_1_64' title='bbox 366 695 541 745; x_wconf 88' lang='lat' dir='ltr'>videbo</span> <span class='ocrx_word' id='word_1_65' title='bbox 575 692 777 746; x_wconf 86' lang='lat' dir='ltr'>Deum.“</span> <span class='ocrx_word' id='word_1_66' title='bbox 851 695 914 744; x_wconf 89' lang='lat' dir='ltr'>Et</span> <span class='ocrx_word' id='word_1_67' title='bbox 937 695 1072 761; x_wconf 69' lang='lat' dir='ltr'>illud,</span> <span class='ocrx_word' id='word_1_68' title='bbox 1112 695 1244 759; x_wconf 92' lang='lat' dir='ltr'>quod</span> <span class='ocrx_word' id='word_1_69' title='bbox 1285 698 1351 744; x_wconf 90' lang='lat' dir='ltr'>ait</span> <span class='ocrx_word' id='word_1_70' title='bbox 1389 695 1668 760; x_wconf 59' lang='lat' dir='ltr'>apostolus?</span> <span class='ocrx_word' id='word_1_71' title='bbox 1702 697 1908 746; x_wconf 80' lang='lat' dir='ltr'>Faciem</span> 
     </span>
     <span class='ocr_line' id='line_1_14' title="bbox 222 768 1905 835; baseline -0.001 -16"><span class='ocrx_word' id='word_1_72' title='bbox 222 772 293 819; x_wconf 83' lang='lat' dir='ltr'>ad</span> <span class='ocrx_word' id='word_1_73' title='bbox 324 770 528 832; x_wconf 82' lang='lat' dir='ltr'>faeiem,</span> <span class='ocrx_word' id='word_1_74' title='bbox 568 786 667 819; x_wconf 91' lang='lat' dir='ltr'>non</span> <span class='ocrx_word' id='word_1_75' title='bbox 708 771 838 835; x_wconf 86' lang='lat' dir='ltr'>cogit</span> <span class='ocrx_word' id='word_1_76' title='bbox 877 775 932 818; x_wconf 91' lang='lat' dir='ltr'>ut</span> <span class='ocrx_word' id='word_1_77' title='bbox 972 768 1126 818; x_wconf 90' lang='lat' dir='ltr'>Deum</span> <span class='ocrx_word' id='word_1_78' title='bbox 1166 784 1257 833; x_wconf 87' lang='lat' dir='ltr'>per</span> <span class='ocrx_word' id='word_1_79' title='bbox 1295 769 1421 817; x_wconf 89' lang='lat' dir='ltr'>hanc</span> <span class='ocrx_word' id='word_1_80' title='bbox 1463 769 1637 818; x_wconf 85' lang='lat' dir='ltr'>faciem</span> <span class='ocrx_word' id='word_1_81' title='bbox 1677 784 1905 834; x_wconf 87' lang='lat' dir='ltr'>corpora-</span> 
     </span>
     <span class='ocr_line' id='line_1_15' title="bbox 220 843 1907 910; baseline 0 -18"><span class='ocrx_word' id='word_1_82' title='bbox 220 844 331 910; x_wconf 86' lang='lat' dir='ltr'>lem,</span> <span class='ocrx_word' id='word_1_83' title='bbox 370 843 457 892; x_wconf 81' lang='lat' dir='ltr'>ubi</span> <span class='ocrx_word' id='word_1_84' title='bbox 489 850 605 893; x_wconf 89' lang='lat' dir='ltr'>sunt</span> <span class='ocrx_word' id='word_1_85' title='bbox 637 844 767 893; x_wconf 87' lang='lat' dir='ltr'>oculi</span> <span class='ocrx_word' id='word_1_86' title='bbox 800 843 1094 908; x_wconf 83' lang='lat' dir='ltr'>corporaleS,</span> <span class='ocrx_word' id='word_1_87' title='bbox 1133 858 1225 891; x_wconf 86' lang='lat' dir='ltr'>nos</span> <span class='ocrx_word' id='word_1_88' title='bbox 1257 844 1451 891; x_wconf 78' lang='lat' dir='ltr'>visuros</span> <span class='ocrx_word' id='word_1_89' title='bbox 1484 858 1591 892; x_wconf 92' lang='lat' dir='ltr'>esse</span> <span class='ocrx_word' id='word_1_90' title='bbox 1633 843 1907 908; x_wconf 86' lang='lat' dir='ltr'>credamuS,</span> 
     </span>
     <span class='ocr_line' id='line_1_16' title="bbox 221 916 1907 982; baseline 0 -16"><span class='ocrx_word' id='word_1_91' title='bbox 221 932 368 982; x_wconf 87' lang='lat' dir='ltr'>quem</span> <span class='ocrx_word' id='word_1_92' title='bbox 424 919 602 982; x_wconf 86' lang='lat' dir='ltr'>spiritu</span> <span class='ocrx_word' id='word_1_93' title='bbox 658 920 762 966; x_wconf 90' lang='lat' dir='ltr'>sine</span> <span class='ocrx_word' id='word_1_94' title='bbox 817 918 1183 966; x_wconf 83' lang='lat' dir='ltr'>intermissione</span> <span class='ocrx_word' id='word_1_95' title='bbox 1238 916 1527 966; x_wconf 68' lang='lat' dir='ltr'>videbimus</span> <span class='ocrx_word' id='word_1_96' title='bbox 1615 916 1721 965; x_wconf 87' lang='lat' dir='ltr'>Nisi</span> <span class='ocrx_word' id='word_1_97' title='bbox 1775 919 1907 966; x_wconf 90' lang='lat' dir='ltr'>enim</span> 
     </span>
     <span class='ocr_line' id='line_1_17' title="bbox 221 990 1905 1055; baseline -0.001 -15"><span class='ocrx_word' id='word_1_98' title='bbox 221 998 353 1040; x_wconf 87' lang='lat' dir='ltr'>esset</span> <span class='ocrx_word' id='word_1_99' title='bbox 400 993 546 1040; x_wconf 89' lang='lat' dir='ltr'>etiam</span> <span class='ocrx_word' id='word_1_100' title='bbox 596 993 849 1041; x_wconf 86' lang='lat' dir='ltr'>interioris</span> <span class='ocrx_word' id='word_1_101' title='bbox 899 991 1112 1039; x_wconf 89' lang='lat' dir='ltr'>hominis</span> <span class='ocrx_word' id='word_1_102' title='bbox 1164 991 1340 1055; x_wconf 84' lang='lat' dir='ltr'>facieS,</span> <span class='ocrx_word' id='word_1_103' title='bbox 1391 1006 1490 1038; x_wconf 92' lang='lat' dir='ltr'>non</span> <span class='ocrx_word' id='word_1_104' title='bbox 1537 991 1725 1039; x_wconf 88' lang='lat' dir='ltr'>diceret</span> <span class='ocrx_word' id='word_1_105' title='bbox 1774 990 1905 1040; x_wconf 90' lang='lat' dir='ltr'>idem</span> 
     </span>
     <span class='ocr_line' id='line_1_18' title="bbox 220 1063 1903 1130; baseline 0 -16"><span class='ocrx_word' id='word_1_106' title='bbox 220 1065 492 1130; x_wconf 83' lang='lat' dir='ltr'>apostolus:</span> <span class='ocrx_word' id='word_1_107' title='bbox 532 1067 632 1115; x_wconf 84' lang='lat' dir='ltr'>Nos</span> <span class='ocrx_word' id='word_1_108' title='bbox 665 1070 831 1115; x_wconf 84' lang='lat' dir='ltr'>autem</span> <span class='ocrx_word' id='word_1_109' title='bbox 870 1068 1096 1114; x_wconf 80' lang='lat' dir='ltr'>revelata</span> <span class='ocrx_word' id='word_1_110' title='bbox 1130 1063 1272 1126; x_wconf 80' lang='lat' dir='ltr'>facie</span> <span class='ocrx_word' id='word_1_111' title='bbox 1307 1067 1526 1125; x_wconf 71' lang='lat' dir='ltr'>yloriam</span> <span class='ocrx_word' id='word_1_112' title='bbox 1559 1066 1762 1114; x_wconf 77' lang='lat' dir='ltr'>Domini</span> <span class='ocrx_word' id='word_1_113' title='bbox 1788 1080 1903 1127; x_wconf 47' lang='lat' dir='ltr'>,spe-</span> 
     </span>
     <span class='ocr_line' id='line_1_19' title="bbox 221 1138 1906 1204; baseline -0.001 -16"><span class='ocrx_word' id='word_1_114' title='bbox 221 1142 447 1189; x_wconf 78' lang='lat' dir='ltr'>culantes</span> <span class='ocrx_word' id='word_1_115' title='bbox 488 1142 538 1188; x_wconf 80' lang='lat' dir='ltr'>in</span> <span class='ocrx_word' id='word_1_116' title='bbox 578 1141 790 1188; x_wconf 80' lang='lat' dir='ltr'>eandem</span> <span class='ocrx_word' id='word_1_117' title='bbox 829 1141 1100 1200; x_wconf 72' lang='lat' dir='ltr'>imaqinem</span> <span class='ocrx_word' id='word_1_118' title='bbox 1139 1138 1591 1204; x_wconf 79' lang='lat' dir='ltr'>transformamur,</span> <span class='ocrx_word' id='word_1_119' title='bbox 1639 1140 1701 1187; x_wconf 82' lang='lat' dir='ltr'>de</span> <span class='ocrx_word' id='word_1_120' title='bbox 1735 1140 1906 1199; x_wconf 70' lang='lat' dir='ltr'>qloria</span> 
     </span>
     <span class='ocr_line' id='line_1_20' title="bbox 221 1211 1904 1274; baseline -0.001 -12"><span class='ocrx_word' id='word_1_121' title='bbox 221 1217 272 1261; x_wconf 81' lang='lat' dir='ltr'>in</span> <span class='ocrx_word' id='word_1_122' title='bbox 307 1215 553 1274; x_wconf 57' lang='lat' dir='ltr'>gloriam,</span> <span class='ocrx_word' id='word_1_123' title='bbox 594 1219 849 1274; x_wconf 81' lang='lat' dir='ltr'>tamquam</span> <span class='ocrx_word' id='word_1_124' title='bbox 888 1229 920 1262; x_wconf 83' lang='lat' dir='ltr'><strong><em>a</em></strong></span> <span class='ocrx_word' id='word_1_125' title='bbox 960 1213 1164 1262; x_wconf 77' lang='lat' dir='ltr'>Domini</span> <span class='ocrx_word' id='word_1_126' title='bbox 1199 1215 1382 1274; x_wconf 81' lang='lat' dir='ltr'>spiritu</span> <span class='ocrx_word' id='word_1_127' title='bbox 1393 1229 1413 1269; x_wconf 90' lang='lat'>,·</span> <span class='ocrx_word' id='word_1_128' title='bbox 1452 1227 1543 1260; x_wconf 82' lang='lat' dir='ltr'>nec</span> <span class='ocrx_word' id='word_1_129' title='bbox 1583 1211 1724 1260; x_wconf 89' lang='lat' dir='ltr'>aliter</span> <span class='ocrx_word' id='word_1_130' title='bbox 1763 1211 1904 1260; x_wconf 87' lang='lat' dir='ltr'>intel-</span> 
     </span>
     <span class='ocr_line' id='line_1_21' title="bbox 219 1286 1903 1351; baseline 0 -17"><span class='ocrx_word' id='word_1_131' title='bbox 219 1286 428 1350; x_wconf 84' lang='lat' dir='ltr'>legimus</span> <span class='ocrx_word' id='word_1_132' title='bbox 469 1286 599 1351; x_wconf 90' lang='lat' dir='ltr'>quod</span> <span class='ocrx_word' id='word_1_133' title='bbox 639 1288 691 1336; x_wconf 92' lang='lat' dir='ltr'>in</span> <span class='ocrx_word' id='word_1_134' title='bbox 722 1286 908 1351; x_wconf 90' lang='lat' dir='ltr'>psalmo</span> <span class='ocrx_word' id='word_1_135' title='bbox 949 1288 1165 1335; x_wconf 85' lang='lat' dir='ltr'>canitur:</span> <span class='ocrx_word' id='word_1_136' title='bbox 1204 1286 1446 1335; x_wconf 79' lang='lat' dir='ltr'>Accedite</span> <span class='ocrx_word' id='word_1_137' title='bbox 1484 1287 1556 1334; x_wconf 80' lang='lat' dir='ltr'>ad</span> <span class='ocrx_word' id='word_1_138' title='bbox 1592 1299 1704 1335; x_wconf 74' lang='lat' dir='ltr'>eum</span> <span class='ocrx_word' id='word_1_139' title='bbox 1744 1291 1793 1334; x_wconf 83' lang='lat' dir='ltr'>et</span> <span class='ocrx_word' id='word_1_140' title='bbox 1831 1288 1903 1334; x_wconf 81' lang='lat' dir='ltr'>in-</span> 
     </span>
     <span class='ocr_line' id='line_1_22' title="bbox 220 1358 1903 1425; baseline -0.002 -16"><span class='ocrx_word' id='word_1_141' title='bbox 220 1362 548 1425; x_wconf 71' lang='lat' dir='ltr'>luminamini,</span> <span class='ocrx_word' id='word_1_142' title='bbox 581 1366 630 1410; x_wconf 85' lang='lat' dir='ltr'>et</span> <span class='ocrx_word' id='word_1_143' title='bbox 647 1360 813 1421; x_wconf 79' lang='lat' dir='ltr'>facies</span> <span class='ocrx_word' id='word_1_144' title='bbox 837 1365 1036 1409; x_wconf 82' lang='lat' dir='ltr'>vestrae</span> <span class='ocrx_word' id='word_1_145' title='bbox 1068 1374 1165 1408; x_wconf 79' lang='lat' dir='ltr'>non</span> <span class='ocrx_word' id='word_1_146' title='bbox 1199 1361 1507 1408; x_wconf 79' lang='lat' dir='ltr'>erubescent.</span> <span class='ocrx_word' id='word_1_147' title='bbox 1569 1358 1687 1407; x_wconf 91' lang='lat' dir='ltr'>Fide</span> <span class='ocrx_word' id='word_1_148' title='bbox 1721 1360 1903 1423; x_wconf 90' lang='lat' dir='ltr'>quippe</span> 
     </span>
     <span class='ocr_line' id='line_1_23' title="bbox 221 1433 1904 1499; baseline -0.001 -17"><span class='ocrx_word' id='word_1_149' title='bbox 221 1433 471 1482; x_wconf 80' lang='lat' dir='ltr'>acceditur</span> <span class='ocrx_word' id='word_1_150' title='bbox 523 1433 582 1482; x_wconf 92' lang='lat' dir='ltr'>ad</span> <span class='ocrx_word' id='word_1_151' title='bbox 622 1433 805 1499; x_wconf 87' lang='lat' dir='ltr'>Deum,</span> <span class='ocrx_word' id='word_1_152' title='bbox 852 1448 999 1497; x_wconf 89' lang='lat' dir='ltr'>quam</span> <span class='ocrx_word' id='word_1_153' title='bbox 1039 1433 1203 1481; x_wconf 88' lang='lat' dir='ltr'>cordis</span> <span class='ocrx_word' id='word_1_154' title='bbox 1243 1438 1436 1481; x_wconf 88' lang='lat' dir='ltr'>constat</span> <span class='ocrx_word' id='word_1_155' title='bbox 1475 1447 1606 1496; x_wconf 88' lang='lat' dir='ltr'>esse,</span> <span class='ocrx_word' id='word_1_156' title='bbox 1656 1447 1756 1481; x_wconf 92' lang='lat' dir='ltr'>non</span> <span class='ocrx_word' id='word_1_157' title='bbox 1797 1447 1904 1481; x_wconf 89' lang='lat' dir='ltr'>cor-</span> 
     </span>
     <span class='ocr_line' id='line_1_24' title="bbox 219 1505 1904 1572; baseline 0 -18"><span class='ocrx_word' id='word_1_158' title='bbox 219 1508 369 1571; x_wconf 82' lang='lat' dir='ltr'>poris,</span> <span class='ocrx_word' id='word_1_159' title='bbox 407 1506 409 1508; x_wconf 73' lang='grc'><strong>’</strong></span> <span class='ocrx_word' id='word_1_160' title='bbox 449 1506 553 1555; x_wconf 80' lang='lat' dir='ltr'>Sed</span> <span class='ocrx_word' id='word_1_161' title='bbox 586 1509 700 1571; x_wconf 89' lang='lat' dir='ltr'>quia</span> <span class='ocrx_word' id='word_1_162' title='bbox 741 1507 958 1572; x_wconf 90' lang='lat' dir='ltr'>spiritale</span> <span class='ocrx_word' id='word_1_163' title='bbox 999 1521 1180 1570; x_wconf 86' lang='lat' dir='ltr'>corpus</span> <span class='ocrx_word' id='word_1_164' title='bbox 1221 1508 1470 1555; x_wconf 89' lang='lat' dir='ltr'>nescimus</span> <span class='ocrx_word' id='word_1_165' title='bbox 1511 1512 1719 1569; x_wconf 85' lang='lat' dir='ltr'>quantos</span> <span class='ocrx_word' id='word_1_166' title='bbox 1757 1505 1904 1554; x_wconf 88' lang='lat' dir='ltr'>habe-</span> 
     </span>
     <span class='ocr_line' id='line_1_25' title="bbox 220 1575 1906 1648; baseline -0.001 -19"><span class='ocrx_word' id='word_1_167' title='bbox 220 1580 292 1629; x_wconf 89' lang='lat' dir='ltr'>bit</span> <span class='ocrx_word' id='word_1_168' title='bbox 323 1595 551 1629; x_wconf 81' lang='lat' dir='ltr'>accessus</span> <span class='ocrx_word' id='word_1_169' title='bbox 585 1575 670 1648; x_wconf 88' lang='lat' dir='ltr'>(de</span> <span class='ocrx_word' id='word_1_170' title='bbox 703 1595 758 1629; x_wconf 90' lang='lat' dir='ltr'>re</span> <span class='ocrx_word' id='word_1_171' title='bbox 793 1582 973 1645; x_wconf 87' lang='lat' dir='ltr'>quippe</span> <span class='ocrx_word' id='word_1_172' title='bbox 1006 1582 1271 1644; x_wconf 89' lang='lat' dir='ltr'>inexperta·</span> <span class='ocrx_word' id='word_1_173' title='bbox 1292 1575 1582 1646; x_wconf 87' lang='lat' dir='ltr'>loquimur),</span> <span class='ocrx_word' id='word_1_174' title='bbox 1613 1578 1699 1628; x_wconf 93' lang='lat' dir='ltr'>ubi</span> <span class='ocrx_word' id='word_1_175' title='bbox 1730 1578 1906 1645; x_wconf 87' lang='lat' dir='ltr'>aliqua,</span> 
     </span>
     <span class='ocr_line' id='line_1_26' title="bbox 222 1653 1904 1718; baseline -0.001 -16"><span class='ocrx_word' id='word_1_176' title='bbox 222 1669 344 1718; x_wconf 88' lang='lat' dir='ltr'>quae</span> <span class='ocrx_word' id='word_1_177' title='bbox 385 1653 526 1703; x_wconf 89' lang='lat' dir='ltr'>aliter</span> <span class='ocrx_word' id='word_1_178' title='bbox 564 1654 784 1718; x_wconf 84' lang='lat' dir='ltr'>intellegi</span> <span class='ocrx_word' id='word_1_179' title='bbox 823 1660 1050 1718; x_wconf 82' lang='lat' dir='ltr'>nequeat,</span> <span class='ocrx_word' id='word_1_180' title='bbox 1090 1653 1367 1702; x_wconf 89' lang='lat' dir='ltr'>divinarum</span> <span class='ocrx_word' id='word_1_181' title='bbox 1407 1655 1767 1718; x_wconf 87' lang='lat' dir='ltr'>scripturarum</span> <span class='ocrx_word' id='word_1_182' title='bbox 1805 1667 1904 1702; x_wconf 90' lang='lat' dir='ltr'>non</span> 
     </span>
     <span class='ocr_line' id='line_1_27' title="bbox 220 1728 1905 1793; baseline -0.001 -17"><span class='ocrx_word' id='word_1_183' title='bbox 220 1729 440 1777; x_wconf 87' lang='lat' dir='ltr'>occurrit</span> <span class='ocrx_word' id='word_1_184' title='bbox 478 1733 528 1776; x_wconf 89' lang='lat' dir='ltr'>et</span> <span class='ocrx_word' id='word_1_185' title='bbox 567 1729 816 1777; x_wconf 84' lang='lat' dir='ltr'>succurrit</span> <span class='ocrx_word' id='word_1_186' title='bbox 856 1730 1144 1793; x_wconf 82' lang='lat' dir='ltr'>auctoritaS,</span> <span class='ocrx_word' id='word_1_187' title='bbox 1190 1742 1394 1776; x_wconf 90' lang='lat' dir='ltr'>necesse</span> <span class='ocrx_word' id='word_1_188' title='bbox 1435 1733 1511 1776; x_wconf 88' lang='lat' dir='ltr'>est</span> <span class='ocrx_word' id='word_1_189' title='bbox 1560 1732 1616 1775; x_wconf 92' lang='lat' dir='ltr'>ut</span> <span class='ocrx_word' id='word_1_190' title='bbox 1655 1728 1905 1790; x_wconf 83' lang='lat' dir='ltr'>contingat</span> 
     </span>
     <span class='ocr_line' id='line_1_28' title="bbox 218 1800 1904 1866; baseline 0 -18"><span class='ocrx_word' id='word_1_191' title='bbox 218 1803 270 1849; x_wconf 91' lang='lat' dir='ltr'>in</span> <span class='ocrx_word' id='word_1_192' title='bbox 324 1800 466 1850; x_wconf 88' lang='lat' dir='ltr'>nobis</span> <span class='ocrx_word' id='word_1_193' title='bbox 514 1801 646 1865; x_wconf 90' lang='lat' dir='ltr'>quod</span> <span class='ocrx_word' id='word_1_194' title='bbox 694 1801 875 1866; x_wconf 88' lang='lat' dir='ltr'>legitur</span> <span class='ocrx_word' id='word_1_195' title='bbox 920 1803 972 1850; x_wconf 93' lang='lat' dir='ltr'>in</span> <span class='ocrx_word' id='word_1_196' title='bbox 1025 1800 1151 1849; x_wconf 90' lang='lat' dir='ltr'>libro</span> <span class='ocrx_word' id='word_1_197' title='bbox 1205 1801 1505 1865; x_wconf 88' lang='lat' dir='ltr'>Sapientiae:</span> <span class='ocrx_word' id='word_1_198' title='bbox 1566 1801 1904 1862; x_wconf 69' lang='lat' dir='ltr'>Coqitationes</span> 
     </span>
     <span class='ocr_line' id='line_1_29' title="bbox 219 1877 1747 1936; baseline -0.001 -13"><span class='ocrx_word' id='word_1_199' title='bbox 219 1877 506 1924; x_wconf 74' lang='lat' dir='ltr'>mortalium</span> <span class='ocrx_word' id='word_1_200' title='bbox 545 1877 752 1925; x_wconf 81' lang='lat' dir='ltr'>timidae</span> <span class='ocrx_word' id='word_1_201' title='bbox 790 1881 838 1925; x_wconf 88' lang='lat' dir='ltr'>et</span> <span class='ocrx_word' id='word_1_202' title='bbox 877 1877 1106 1924; x_wconf 79' lang='lat' dir='ltr'>incertae</span> <span class='ocrx_word' id='word_1_203' title='bbox 1139 1877 1493 1936; x_wconf 79' lang='lat' dir='ltr'>providentiae</span> <span class='ocrx_word' id='word_1_204' title='bbox 1530 1879 1747 1923; x_wconf 78' lang='lat' dir='ltr'>nostrae.</span> 
     </span>
     <span class='ocr_line' id='line_1_30' title="bbox 367 1944 1904 2013; baseline -0.001 -17"><span class='ocrx_word' id='word_1_205' title='bbox 367 1947 690 1998; x_wconf 86' lang='lat' dir='ltr'>Ratiocinatio</span> <span class='ocrx_word' id='word_1_206' title='bbox 725 1950 906 2013; x_wconf 91' lang='lat' dir='ltr'>quippe</span> <span class='ocrx_word' id='word_1_207' title='bbox 938 1947 1019 1996; x_wconf 92' lang='lat' dir='ltr'>illa</span> <span class='ocrx_word' id='word_1_208' title='bbox 1057 1947 1478 2013; x_wconf 86' lang='lat' dir='ltr'>philosophorum,</span> <span class='ocrx_word' id='word_1_209' title='bbox 1519 1944 1613 2011; x_wconf 83' lang='lat' dir='ltr'>qua</span> <span class='ocrx_word' id='word_1_210' title='bbox 1653 1946 1904 2011; x_wconf 90' lang='lat' dir='ltr'>disputant</span> 
     </span>
     <span class='ocr_line' id='line_1_31' title="bbox 219 2021 1903 2087; baseline 0 -17"><span class='ocrx_word' id='word_1_211' title='bbox 219 2023 287 2070; x_wconf 90' lang='lat' dir='ltr'>ita</span> <span class='ocrx_word' id='word_1_212' title='bbox 332 2023 512 2070; x_wconf 89' lang='lat' dir='ltr'>mentis</span> <span class='ocrx_word' id='word_1_213' title='bbox 557 2030 760 2087; x_wconf 88' lang='lat' dir='ltr'>aspectu</span> <span class='ocrx_word' id='word_1_214' title='bbox 814 2021 1147 2086; x_wconf 90' lang='lat' dir='ltr'>intellegibilia</span> <span class='ocrx_word' id='word_1_215' title='bbox 1193 2022 1349 2070; x_wconf 89' lang='lat' dir='ltr'>videri</span> <span class='ocrx_word' id='word_1_216' title='bbox 1395 2027 1444 2070; x_wconf 86' lang='lat' dir='ltr'>et</span> <span class='ocrx_word' id='word_1_217' title='bbox 1491 2035 1640 2069; x_wconf 90' lang='lat' dir='ltr'>sensu</span> <span class='ocrx_word' id='word_1_218' title='bbox 1680 2022 1903 2086; x_wconf 89' lang='lat' dir='ltr'>corporis</span> 
     </span>
     <span class='ocr_line' id='line_1_32' title="bbox 222 2093 1901 2162; baseline -0.001 -19"><span class='ocrx_word' id='word_1_219' title='bbox 222 2094 492 2162; x_wconf 85' lang='lat' dir='ltr'>sensibilia,</span> <span class='ocrx_word' id='word_1_220' title='bbox 532 2096 581 2144; x_wconf 92' lang='lat' dir='ltr'>id</span> <span class='ocrx_word' id='word_1_221' title='bbox 621 2102 696 2145; x_wconf 88' lang='lat' dir='ltr'>est</span> <span class='ocrx_word' id='word_1_222' title='bbox 736 2095 1030 2160; x_wconf 87' lang='lat' dir='ltr'>corporalia,</span> <span class='ocrx_word' id='word_1_223' title='bbox 1069 2103 1124 2144; x_wconf 89' lang='lat' dir='ltr'>ut</span> <span class='ocrx_word' id='word_1_224' title='bbox 1163 2110 1255 2144; x_wconf 85' lang='lat' dir='ltr'>neo</span> <span class='ocrx_word' id='word_1_225' title='bbox 1294 2093 1627 2159; x_wconf 88' lang='lat' dir='ltr'>intellegibilia</span> <span class='ocrx_word' id='word_1_226' title='bbox 1665 2109 1755 2159; x_wconf 91' lang='lat' dir='ltr'>per</span> <span class='ocrx_word' id='word_1_227' title='bbox 1795 2109 1901 2143; x_wconf 88' lang='lat' dir='ltr'>cor-</span> 
     </span>
     <span class='ocr_line' id='line_1_33' title="bbox 219 2168 1903 2233; baseline -0.001 -17"><span class='ocrx_word' id='word_1_228' title='bbox 219 2183 312 2232; x_wconf 89' lang='lat' dir='ltr'>pus</span> <span class='ocrx_word' id='word_1_229' title='bbox 354 2183 444 2217; x_wconf 88' lang='lat' dir='ltr'>nec</span> <span class='ocrx_word' id='word_1_230' title='bbox 485 2169 758 2233; x_wconf 87' lang='lat' dir='ltr'>corporalia</span> <span class='ocrx_word' id='word_1_231' title='bbox 803 2184 893 2233; x_wconf 89' lang='lat' dir='ltr'>per</span> <span class='ocrx_word' id='word_1_232' title='bbox 940 2184 992 2217; x_wconf 92' lang='lat' dir='ltr'>se</span> <span class='ocrx_word' id='word_1_233' title='bbox 1040 2170 1196 2233; x_wconf 89' lang='lat' dir='ltr'>ipsam</span> <span class='ocrx_word' id='word_1_234' title='bbox 1235 2183 1375 2217; x_wconf 89' lang='lat' dir='ltr'>mens</span> <span class='ocrx_word' id='word_1_235' title='bbox 1415 2168 1568 2217; x_wconf 87' lang='lat' dir='ltr'>valeat</span> <span class='ocrx_word' id='word_1_236' title='bbox 1605 2169 1813 2233; x_wconf 87' lang='lat' dir='ltr'>intueri,</span> <span class='ocrx_word' id='word_1_237' title='bbox 1861 2169 1903 2216; x_wconf 90' lang='lat' dir='ltr'>si</span> 
     </span>
     <span class='ocr_line' id='line_1_34' title="bbox 219 2241 1902 2307; baseline 0 -18"><span class='ocrx_word' id='word_1_238' title='bbox 219 2247 389 2304; x_wconf 90' lang='lat' dir='ltr'>posset</span> <span class='ocrx_word' id='word_1_239' title='bbox 434 2241 577 2290; x_wconf 89' lang='lat' dir='ltr'>nobis</span> <span class='ocrx_word' id='word_1_240' title='bbox 625 2257 733 2291; x_wconf 88' lang='lat' dir='ltr'>esse</span> <span class='ocrx_word' id='word_1_241' title='bbox 781 2243 1081 2307; x_wconf 87' lang='lat' dir='ltr'>certissima,</span> <span class='ocrx_word' id='word_1_242' title='bbox 1128 2242 1351 2306; x_wconf 86' lang='lat' dir='ltr'>profecto</span> <span class='ocrx_word' id='word_1_243' title='bbox 1400 2247 1592 2290; x_wconf 88' lang='lat' dir='ltr'>certum</span> <span class='ocrx_word' id='word_1_244' title='bbox 1643 2247 1775 2290; x_wconf 89' lang='lat' dir='ltr'>esset</span> <span class='ocrx_word' id='word_1_245' title='bbox 1812 2255 1902 2306; x_wconf 88' lang='lat' dir='ltr'>per</span> 
     </span>
     <span class='ocr_line' id='line_1_35' title="bbox 220 2313 1902 2379; baseline 0 -17"><span class='ocrx_word' id='word_1_246' title='bbox 220 2313 389 2363; x_wconf 88' lang='lat' dir='ltr'>oculos</span> <span class='ocrx_word' id='word_1_247' title='bbox 440 2316 662 2379; x_wconf 87' lang='lat' dir='ltr'>corporis</span> <span class='ocrx_word' id='word_1_248' title='bbox 714 2317 859 2364; x_wconf 85' lang='lat' dir='ltr'>etiam</span> <span class='ocrx_word' id='word_1_249' title='bbox 910 2315 1143 2379; x_wconf 89' lang='lat' dir='ltr'>spiritalis</span> <span class='ocrx_word' id='word_1_250' title='bbox 1190 2315 1323 2363; x_wconf 91' lang='lat' dir='ltr'>nullo</span> <span class='ocrx_word' id='word_1_251' title='bbox 1370 2315 1515 2364; x_wconf 93' lang='lat' dir='ltr'>modo</span> <span class='ocrx_word' id='word_1_252' title='bbox 1562 2329 1706 2378; x_wconf 90' lang='lat' dir='ltr'>posse</span> <span class='ocrx_word' id='word_1_253' title='bbox 1748 2313 1902 2363; x_wconf 87' lang='lat' dir='ltr'>videri</span> 
     </span>
     <span class='ocr_line' id='line_1_36' title="bbox 220 2386 1899 2452; baseline -0.001 -16"><span class='ocrx_word' id='word_1_254' title='bbox 220 2386 392 2437; x_wconf 88' lang='lat' dir='ltr'>Deum.</span> <span class='ocrx_word' id='word_1_255' title='bbox 470 2387 566 2437; x_wconf 89' lang='lat' dir='ltr'>Sed</span> <span class='ocrx_word' id='word_1_256' title='bbox 613 2390 757 2438; x_wconf 88' lang='lat' dir='ltr'>istam</span> <span class='ocrx_word' id='word_1_257' title='bbox 804 2390 1227 2437; x_wconf 87' lang='lat' dir='ltr'>ratiocinationem</span> <span class='ocrx_word' id='word_1_258' title='bbox 1274 2395 1324 2438; x_wconf 91' lang='lat' dir='ltr'>et</span> <span class='ocrx_word' id='word_1_259' title='bbox 1369 2404 1483 2438; x_wconf 87' lang='lat' dir='ltr'>vera</span> <span class='ocrx_word' id='word_1_260' title='bbox 1530 2390 1653 2437; x_wconf 87' lang='lat' dir='ltr'>ratio</span> <span class='ocrx_word' id='word_1_261' title='bbox 1702 2394 1750 2436; x_wconf 89' lang='lat' dir='ltr'>et</span> <span class='ocrx_word' id='word_1_262' title='bbox 1787 2402 1899 2452; x_wconf 89' lang='lat' dir='ltr'>pro—</span> 
     </span>
     <span class='ocr_line' id='line_1_37' title="bbox 220 2460 1900 2524; baseline -0.001 -14"><span class='ocrx_word' id='word_1_263' title='bbox 220 2460 416 2524; x_wconf 88' lang='lat' dir='ltr'>phetica</span> <span class='ocrx_word' id='word_1_264' title='bbox 465 2461 647 2511; x_wconf 90' lang='lat' dir='ltr'>inridet</span> <span class='ocrx_word' id='word_1_265' title='bbox 697 2464 977 2511; x_wconf 76' lang='lat' dir='ltr'>auctoritas,</span> <span class='ocrx_word' id='word_1_266' title='bbox 1056 2462 1177 2519; x_wconf 87' lang='lat' dir='ltr'>Quis</span> <span class='ocrx_word' id='word_1_267' title='bbox 1228 2465 1359 2511; x_wconf 90' lang='lat' dir='ltr'>enim</span> <span class='ocrx_word' id='word_1_268' title='bbox 1405 2465 1473 2512; x_wconf 86' lang='lat' dir='ltr'>ita</span> <span class='ocrx_word' id='word_1_269' title='bbox 1520 2463 1583 2510; x_wconf 88' lang='lat' dir='ltr'>sit</span> <span class='ocrx_word' id='word_1_270' title='bbox 1633 2476 1833 2510; x_wconf 86' lang='lat' dir='ltr'>aversus</span> <span class='ocrx_word' id='word_1_271' title='bbox 1874 2475 1900 2508; x_wconf 89' lang='lat' dir='ltr'>a</span> 
     </span>
     <span class='ocr_line' id='line_1_38' title="bbox 222 2531 1900 2601; baseline 0.001 -20"><span class='ocrx_word' id='word_1_272' title='bbox 222 2549 367 2599; x_wconf 85' lang='lat' dir='ltr'>vero,</span> <span class='ocrx_word' id='word_1_273' title='bbox 421 2541 477 2583; x_wconf 89' lang='lat' dir='ltr'>ut</span> <span class='ocrx_word' id='word_1_274' title='bbox 531 2535 695 2586; x_wconf 88' lang='lat' dir='ltr'>dicere</span> <span class='ocrx_word' id='word_1_275' title='bbox 753 2535 928 2585; x_wconf 88' lang='lat' dir='ltr'>audeat</span> <span class='ocrx_word' id='word_1_276' title='bbox 983 2535 1138 2585; x_wconf 90' lang='lat' dir='ltr'>Deum</span> <span class='ocrx_word' id='word_1_277' title='bbox 1192 2536 1464 2601; x_wconf 85' lang='lat' dir='ltr'>corporalia</span> <span class='ocrx_word' id='word_1_278' title='bbox 1519 2537 1611 2583; x_wconf 88' lang='lat' dir='ltr'>ista</span> <span class='ocrx_word' id='word_1_279' title='bbox 1668 2531 1900 2583; x_wconf 76' lang='lat' dir='ltr'>nescire?</span> 
     </span>
    </p>
   </div>
   <div class='ocr_carea' id='block_1_8' title="bbox 218 2647 1898 2762">
    <p class='ocr_par' dir='ltr' id='par_1_8' title="bbox 218 2647 1898 2762">
     <span class='ocr_line' id='line_1_39' title="bbox 341 2647 1898 2704; baseline 0.001 -15"><span class='ocrx_word' id='word_1_280' title='bbox 341 2649 382 2702; x_wconf 87' lang='lat'>1)</span> <span class='ocrx_word' id='word_1_281' title='bbox 415 2647 510 2690; x_wconf 77' lang='lat' dir='ltr'>Iob.</span> <span class='ocrx_word' id='word_1_282' title='bbox 546 2652 613 2701; x_wconf 84' lang='lat'>19,</span> <span class='ocrx_word' id='word_1_283' title='bbox 646 2652 716 2691; x_wconf 81' lang='lat'>26.</span> <span class='ocrx_word' id='word_1_284' title='bbox 780 2649 825 2704; x_wconf 87' lang='lat'>8)</span> <span class='ocrx_word' id='word_1_285' title='bbox 860 2653 898 2691; x_wconf 92' lang='lat'>1.</span> <span class='ocrx_word' id='word_1_286' title='bbox 931 2647 1030 2692; x_wconf 78' lang='lat' dir='ltr'>Cor.</span> <span class='ocrx_word' id='word_1_287' title='bbox 1068 2653 1136 2702; x_wconf 89' lang='lat'>13,</span> <span class='ocrx_word' id='word_1_288' title='bbox 1171 2653 1239 2692; x_wconf 84' lang='lat'>12.</span> <span class='ocrx_word' id='word_1_289' title='bbox 1304 2649 1376 2703; x_wconf 83' lang='lat'>14)</span> <span class='ocrx_word' id='word_1_290' title='bbox 1410 2652 1450 2693; x_wconf 82' lang='lat'>2.</span> <span class='ocrx_word' id='word_1_291' title='bbox 1484 2647 1583 2692; x_wconf 85' lang='lat' dir='ltr'>Cor.</span> <span class='ocrx_word' id='word_1_292' title='bbox 1618 2651 1658 2701; x_wconf 88' lang='lat'>3,</span> <span class='ocrx_word' id='word_1_293' title='bbox 1694 2650 1760 2690; x_wconf 87' lang='lat'>18.</span> <span class='ocrx_word' id='word_1_294' title='bbox 1826 2648 1898 2702; x_wconf 85' lang='lat'>16)</span> 
     </span>
     <span class='ocr_line' id='line_1_40' title="bbox 218 2704 917 2762; baseline 0.004 -15"><span class='ocrx_word' id='word_1_295' title='bbox 218 2704 289 2750; x_wconf 82' lang='lat' dir='ltr'>Ps.</span> <span class='ocrx_word' id='word_1_296' title='bbox 322 2710 393 2760; x_wconf 89' lang='lat'>33,</span> <span class='ocrx_word' id='word_1_297' title='bbox 427 2711 465 2749; x_wconf 89' lang='lat'>6.</span> <span class='ocrx_word' id='word_1_298' title='bbox 528 2707 602 2761; x_wconf 78' lang='lat'>23)</span> <span class='ocrx_word' id='word_1_299' title='bbox 635 2705 740 2762; x_wconf 81' lang='lat' dir='ltr'>Sap.</span> <span class='ocrx_word' id='word_1_300' title='bbox 774 2712 814 2761; x_wconf 86' lang='lat'>9,</span> <span class='ocrx_word' id='word_1_301' title='bbox 849 2711 917 2750; x_wconf 88' lang='lat'>14.</span> 
     </span>
    </p>
   </div>
   <div class='ocr_carea' id='block_1_9' title="bbox 339 2865 1225 2919">
    <p class='ocr_par' dir='ltr' id='par_1_9' title="bbox 339 2865 1225 2919">
     <span class='ocr_line' id='line_1_41' title="bbox 339 2865 1225 2919; baseline 0.005 -11"><span class='ocrx_word' id='word_1_302' title='bbox 339 2870 363 2908; x_wconf 81' lang='lat'><strong>7</strong></span> <span class='ocrx_word' id='word_1_303' title='bbox 396 2865 563 2911; x_wconf 84' lang='lat' dir='ltr'>faciem</span> <span class='ocrx_word' id='word_1_304' title='bbox 596 2866 655 2910; x_wconf 84' lang='lat' dir='ltr'>ad</span> <span class='ocrx_word' id='word_1_305' title='bbox 686 2865 716 2910; x_wconf 84' lang='lat' dir='ltr'>f.</span> <span class='ocrx_word' id='word_1_306' title='bbox 749 2866 819 2919; x_wconf 84' lang='lat' dir='ltr'>R,·</span> <span class='ocrx_word' id='word_1_307' title='bbox 849 2866 968 2911; x_wconf 85' lang='lat' dir='ltr'>facie</span> <span class='ocrx_word' id='word_1_308' title='bbox 1000 2867 1059 2911; x_wconf 85' lang='lat' dir='ltr'>ad</span> <span class='ocrx_word' id='word_1_309' title='bbox 1089 2867 1119 2911; x_wconf 90' lang='lat' dir='ltr'>f.</span> <span class='ocrx_word' id='word_1_310' title='bbox 1155 2871 1225 2912; x_wconf 88' lang='lat' dir='ltr'>Av</span> 
     </span>
    </p>
   </div>
  </div>
 </body>
</html>
