2054 3152
171 986 225 1025 10

171 1353 223 1392 15

167 1720 222 1760 20

166 2087 222 2127 25

166 2645 221 2683 30

262 188 331 239 62
933 193 968 228 s⁸
995 193 1271 228 AUGUSTINI

780 251 793 278 b

261 326 358 359 non
400 325 451 359 se
491 324 637 374 posse
677 306 933 372 cernebat„
972 306 1106 355 dedit
1145 322 1251 355 eam
1292 306 1537 356 fetandam
1577 308 1703 373 vire,
1744 306 1803 355 de
1844 322 1941 370 quo

259 400 433 449 parere
489 382 722 436 voluerat
763 396 854 429 nec
908 387 1149 445 potuerat.
1226 379 1402 444 Exegit
1455 382 1619 444 itaque
1676 382 1822 429 etiam
1871 383 1942 428 sic

261 458 481 506 debitum
521 456 580 504 de
621 456 796 503 marito
836 462 982 504 utens
1013 455 1122 503 iure
1163 470 1252 503 suo
1292 456 1343 502 in
1374 461 1517 503 utero
1558 453 1730 503 alieno,
1786 453 1940 503 Natus

261 540 335 579 est
391 545 506 594 ergo
561 528 757 595 Ismael,
813 530 942 577 sicut
990 535 1262 577 nascuntur
1312 528 1560 594 homineS,
1613 529 1940 592 permixtione

262 619 406 652 sexus
455 604 738 667 utriusque,
785 603 963 651 usitata
1010 601 1117 666 lege
1169 609 1387 651 naturae.
1463 601 1578 650 Ideo
1619 601 1803 650 dictum
1844 608 1942 649 est:

260 679 548 727 Secundum
588 691 822 734 carnem;
861 691 961 724 non
1001 675 1130 740 quod
1170 678 1263 724 ista
1302 675 1540 724 beneficia
1579 675 1666 724 Dei
1706 690 1803 723 non
1844 677 1943 723 sint

259 760 342 800 aut
381 766 479 799 non
518 749 599 798 illa
639 756 874 814 operetur
913 749 1070 809 DeuS‚
1112 751 1253 798 cuius
1294 750 1457 814 opifex
1498 751 1733 814 sapientia
1774 751 1937 797 adtin—

254 829 345 887 m't,
387 826 515 873 sicut
555 825 793 888 scriptum
835 831 924 890 est,
965 839 996 872 a
1031 826 1137 882 fine
1174 838 1332 884 usque
1371 827 1423 872 in
1457 826 1610 882 finem
1644 822 1854 884 fortiter
1893 829 1939 871 el

259 901 478 961 disponit
514 900 679 947 omnia
712 900 965 955 suaviter,-
1005 896 1091 945 sed
1130 896 1217 945 ubi
1256 896 1629 961 significandum
1669 896 1830 945 fuerat
1854 895 1942 943 Dei

259 972 441 1020 donum
453 971 648 1037 ‚·quo‹l
700 970 975 1019 indebitum
1014 969 1297 1018 hominibus
1336 971 1491 1034 gratia
1530 969 1819 1035 largiretur,
1870 971 1940 1017 sic

257 1047 477 1110 oportuit
516 1044 621 1092 dari
661 1044 837 1109 filium,
888 1059 1036 1108 quem
1075 1043 1133 1091 ad
1172 1043 1374 1092 modum
1413 1051 1616 1092 naturae
1656 1058 1755 1091 non
1795 1042 1939 1110 debe-

255 1118 401 1168 batur
433 1117 738 1167 excursibus,
815 1117 971 1182 Negat
1004 1119 1134 1165 enim
1161 1124 1349 1167 natura
1386 1119 1483 1166 iam
1521 1116 1647 1165 filios
1687 1116 1771 1165 tali
1811 1132 1939 1165 com-

256 1194 481 1242 mixtioni
520 1194 668 1240 maris
709 1198 758 1240 et
796 1191 1021 1256 feminae,
1062 1191 1219 1255 qualis
1259 1206 1367 1240 esse
1405 1197 1600 1255 poterat
1631 1189 1852 1238 Abrahae
1892 1197 1942 1238 et

258 1266 433 1314 Sarrae
472 1268 524 1314 in
563 1265 642 1313 illa
681 1267 777 1313 iam
817 1271 997 1330 aetate,
1045 1266 1192 1318 etiam
1230 1264 1452 1313 mulieris
1491 1263 1756 1312 accedente
1798 1265 1938 1312 steri·

255 1339 417 1405 litate,
472 1353 596 1403 quae
648 1354 740 1387 nec
790 1345 910 1387 tunc
961 1353 1135 1402 parere
1187 1339 1373 1403 potuit,
1426 1337 1619 1401 quando
1668 1353 1767 1385 non
1808 1344 1940 1386 aetas

256 1412 561 1478 fecunditati,
593 1411 678 1460 sed
703 1414 851 1461 aetati
882 1412 1157 1460 fecunditas
1190 1412 1358 1460 defuit.
1422 1410 1563 1468 Quod
1589 1425 1707 1475 ergo
1737 1417 1940 1459 naturae

257 1488 326 1534 sic
379 1487 578 1535 affectae
630 1486 823 1535 fructus
861 1487 1165 1549 posteritatis
1212 1500 1312 1533 non
1352 1483 1650 1550 debebatur,
1698 1485 1938 1548 significat

256 1559 388 1623 quod
438 1567 612 1608 natura
662 1561 857 1623 generis
908 1558 1109 1607 humani
1158 1565 1361 1623 peccato
1407 1560 1573 1606 vitiata
1624 1573 1678 1606 ac
1717 1573 1807 1622 per
1846 1557 1939 1606 hoc

255 1636 363 1682 iure
396 1633 618 1682 damnata
651 1633 775 1682 nihil
805 1647 948 1681 verae
982 1632 1228 1682 felicitatis
1259 1634 1310 1680 in
1348 1638 1604 1696 posterum
1642 1631 1940 1680 merebatur.

254 1706 406 1756 Recte
461 1708 612 1771 igitur
667 1707 908 1770 significat
954 1706 1109 1773 Isaac,
1163 1721 1253 1770 per
1303 1706 1740 1770 repromissionem
1779 1712 1940 1771 natuS,

254 1780 379 1829 filios
419 1782 618 1847 gratiae,
657 1782 787 1828 cives
828 1782 1036 1829 civitatis
1076 1779 1282 1846 liberae,
1322 1781 1481 1827 socios
1520 1781 1655 1843 pacis
1696 1785 1939 1845 aeternae,

254 1853 340 1902 ubi
395 1856 459 1902 sit
512 1869 612 1902 non
669 1869 805 1902 amor
858 1856 1087 1918 propriae
1148 1869 1201 1902 ac
1255 1855 1470 1917 privatae
1527 1852 1739 1917 quodam
1791 1851 1937 1900 modo

254 1927 532 1994 voluntatiS,
563 1927 650 1976 sed
675 1929 924 1976 communi
948 1927 1219 1990 eodemque
1251 1925 1527 1975 inmutabili
1559 1925 1688 1974 bono
1721 1925 1939 1989 gaudens

255 2010 401 2065 atque
450 2016 509 2049 ex
557 2000 727 2049 multis
774 2015 929 2049 unum
977 2017 1063 2050 cor
1104 2002 1310 2066 facienS,
1357 1999 1406 2047 id
1448 2006 1523 2047 est
1561 1999 1780 2062 perfecte
1822 2013 1935 2047 con-

256 2089 366 2123 cors
407 2073 716 2122 oboedientia
756 2075 987 2122 caritatis,

935 2273 1127 2327 CAPUT
1168 2273 1259 2325 IV.

381 2385 457 2432 De
495 2392 732 2432 terrenae
771 2385 989 2431 civitatis
1027 2385 1105 2431 vel
1141 2383 1518 2430 concertatione
1559 2383 1635 2430 vel
1664 2396 1810 2443 paee.

403 2487 619 2536 Terrena
650 2501 800 2550 porro
834 2486 1019 2551 civitaS,
1059 2499 1181 2548 quae
1215 2486 1512 2548 sempiterna
1553 2498 1652 2531 non
1691 2485 1786 2531 erit
1824 2478 1934 2548 (ne-

255 2576 349 2625 que
405 2562 558 2624 enim,
615 2575 726 2608 cum
782 2565 1000 2607 extremo
1057 2557 1296 2622 supplicio
1345 2557 1570 2606 damnata
1618 2557 1790 2622 fuerit,
1839 2558 1936 2604 iam

255 2636 423 2683 civitas
465 2628 610 2699 erit),
650 2633 727 2681 hie
766 2631 913 2680 habet
952 2631 1135 2680 bonum
1177 2646 1342 2697 suum,
1383 2632 1523 2679 cuius
1565 2627 1932 2678 societate'lae-

373 2764 415 2815 9)
451 2761 554 2817 Sap.
591 2765 630 2815 8,
666 2765 703 2803 1.

375 2928 399 2966 6
427 2921 678 2964 secundum
702 2921 934 2964 hominem
961 2918 1058 2962 AF
1078 2922 1092 2974 fl
1117 2922 1142 2960 8
1167 2919 1214 2961 in
1243 2919 1300 2972 V3
1335 2919 1392 2961 ad
1417 2933 1441 2961 v
1467 2922 1481 2975 n
1506 2923 1560 2962 29
1593 2918 1641 2960 in
1673 2918 1877 2960 extremo
1908 2929 1938 2958 v
