2054 3152
627 157 694 188 DE
720 155 958 188 CIVITATE
983 156 1073 188 Dm
1097 156 1139 188 L.
1164 156 1245 188 xv.
1273 158 1324 189 18.
1751 144 1819 195 97

127 271 389 322 altitudine
436 266 771 318 sacramenti?
831 268 1082 332 Numquid
1130 270 1261 317 enim
1301 268 1421 318 Abel
1468 285 1567 318 non
1607 271 1821 334 speravit

131 348 358 395 invocare
406 358 586 392 nomen
634 342 830 391 Domini
876 341 987 407 Dei,
1038 343 1180 391 cuius
1228 343 1526 392 sacrificium
1574 345 1819 409 scriptura

133 428 231 469 tam
279 423 536 482 acceptum
589 416 690 466 Deo
747 417 900 465 fuisse
957 412 1344 465 commemorat?
1413 416 1663 481 Numquid
1712 419 1818 482 ipse

128 492 249 541 Seth
299 506 397 540 non
446 492 661 555 speravit
707 492 935 539 invocare
986 504 1167 538 nomen
1215 489 1410 539 Domini
1457 490 1570 556 Dei,
1618 491 1678 539 de
1720 506 1817 555 quo

124 565 312 614 dictum
352 571 448 614 est:
501 565 777 614 Suscitavit
826 566 958 613 enim
997 565 1122 612 mihi
1158 564 1295 612 Deus
1334 579 1500 614 semen
1541 567 1687 614 aliud
1717 580 1815 627 pro
1851 575 1877 613 5

127 639 279 688 Abel?
342 637 441 687 Cur
496 654 613 703 ergo
677 638 791 687 huic
853 639 1053 702 proprie
1108 636 1376 704 tribuitur,
1432 638 1563 703 quod
1618 641 1816 703 piorum

123 714 342 761 omnium
374 711 677 777 intellegitur
717 727 826 761 esse
867 726 1143 776 commune,
1183 713 1278 760 nisi
1320 714 1432 776 quia
1472 711 1733 776 oportebat
1764 714 1815 761 in

123 801 204 852 eo,
251 788 336 852 qui
375 786 434 835 de
474 793 613 851 patre
655 787 1031 851 generationum
1070 787 1122 834 in
1162 785 1418 835 meliorem
1455 793 1669 852 partem,
1721 786 1813 834 hoc

122 868 198 910 est
230 875 473 925 supernae
507 862 731 926 civitatiS‚
771 867 1127 925 separatarum,
1166 861 1357 924 primus
1398 867 1814 909 commemoratur

122 941 338 999 exortuS,
377 934 700 999 praefigurari
732 934 998 999 hominem,
1030 934 1079 982 id
1112 941 1188 982 est
1219 933 1475 983 hominum
1508 936 1808 999 societatem,
1843 944 1898 983 10

123 1023 247 1072 quae
295 1023 395 1056 non
442 1008 715 1057 secundum
763 1008 1014 1057 hominem
1062 1009 1113 1056 in
1161 1023 1214 1056 re
1264 1007 1510 1057 felicitatis
1563 1015 1806 1072 terrenae,

123 1081 207 1130 sed
264 1082 536 1131 secundum
591 1081 748 1131 Deum
811 1083 928 1131 vivit
987 1083 1038 1130 in
1094 1097 1181 1147 spe
1237 1081 1483 1131 felicitatis
1538 1080 1808 1131 aeternae?

118 1154 221 1203 Nec
262 1155 447 1204 dictum
496 1163 592 1205 est:
639 1155 766 1221 „Hic
807 1157 1021 1220 speravit
1059 1157 1110 1203 in
1150 1155 1412 1204 Dominum
1452 1151 1661 1221 Deum“,
1702 1162 1808 1205 aut:

118 1227 239 1294 „Hic
278 1230 521 1278 invocavit
560 1244 741 1278 nomen
781 1228 975 1278 Domini
1015 1224 1152 1294 Dei“,
1204 1229 1312 1278 sed:
1359 1226 1526 1293 <Ηὶε>
1567 1232 1805 1291 speravit,

119 1304 293 1369 inquit,
333 1306 573 1353 invocare
611 1318 789 1353 nomen
822 1304 1026 1352 Domini
1055 1304 1164 1352 Det.
1243 1303 1371 1360 Quid
1412 1303 1505 1352 sibi
1544 1303 1637 1352 hoc
1676 1302 1806 1352 vult:
1842 1313 1894 1351 15

120 1377 357 1439 Sperave‘t
406 1380 671 1443 invocare,
732 1379 828 1426 nisi
883 1379 997 1441 quia
1058 1376 1317 1442 prophetia
1374 1384 1449 1426 cst
1512 1383 1803 1426 exorturum

118 1450 375 1517 populum,
423 1453 509 1515 qui
558 1451 832 1500 secundum
873 1451 1164 1500 electionem
1204 1453 1386 1515 gratiae
1427 1452 1678 1500 invocaret
1717 1466 1802 1499 no-

119 1539 232 1573 men
278 1524 472 1574 Domini
520 1522 642 1574 Dei?
703 1525 808 1574 Hoc
848 1532 948 1591 est,
1000 1525 1131 1590 quod
1178 1540 1268 1590 per
1316 1525 1464 1574 alium
1511 1525 1806 1590 prophetam

119 1598 305 1647 dictum
345 1598 595 1664 apostolus
635 1599 695 1648 de
735 1599 828 1648 hoc
868 1599 1050 1664 populo
1092 1599 1332 1663 intellegit
1371 1599 1430 1647 ad
1470 1598 1559 1648 Dei
1597 1601 1803 1663 gratiam

117 1674 418 1737 pertinente:
458 1674 526 1722 E't
562 1670 674 1733 erit,
714 1676 871 1723 omnis
911 1676 1000 1734 que·
1037 1675 1349 1722 invocaverit
1385 1688 1564 1722 nomen
1603 1674 1810 1723 Domini
1839 1682 1895 1721 20

118 1750 286 1795 salvus
318 1750 429 1795 erit.
505 1746 610 1795 Hoc
642 1749 806 1812 ipsum
846 1749 977 1795 enim
1017 1747 1148 1811 quod
1187 1746 1390 1796 dicitur:
1431 1748 1497 1795 Et
1533 1749 1810 1796 nominavit

121 1835 298 1870 nomen
345 1823 452 1869 eius
501 1821 662 1881 Εηοε,
717 1823 855 1882 quod
899 1823 1268 1883 interpretatur
1310 1822 1477 1880 homo,
1534 1835 1588 1868 ac
1629 1820 1805 1869 deinde

122 1894 338 1943 additur:
385 1895 482 1944 Hic
519 1898 747 1956 speravit
785 1897 1026 1944 invocare
1064 1908 1242 1943 nomen
1282 1895 1487 1943 Domini
1524 1895 1641 1956 Dei,
1688 1896 1806 1943 satis

121 1967 429 2034 ostenditur,
484 1968 615 2032 quod
670 1983 768 2017 non
823 1970 874 2016 in
930 1983 980 2017 se
1037 1970 1143 2032 ipso
1199 1983 1338 2033 spem
1388 1983 1573 2032 ponere
1630 1967 1807 2017 debeat

118 2041 289 2108 *h0m03
336 2044 634 2092 maledictus
690 2043 823 2091 enim
862 2045 1020 2091 omnis
1069 2037 1223 2108 (sicut
1278 2041 1392 2090 alibi
1438 2036 1667 2108 legitur),
1720 2044 1810 2103 qui
1842 2051 1896 2090 25

120 2130 255 2178 spem
300 2130 444 2165 suam
484 2119 630 2178 pontt
675 2119 726 2165 in
773 2118 990 2177 homine,
1039 2131 1093 2164 ac
1141 2131 1231 2180 per
1270 2115 1363 2164 hoc
1403 2130 1495 2164 nec
1533 2117 1584 2164 in
1625 2131 1699 2180 se,
1751 2124 1807 2164 ut

123 2191 186 2238 sit
239 2191 358 2238 civis
425 2189 626 2239 alterius
689 2191 899 2239 civitatis
914 2230 928 2255 ,
984 2204 1107 2254 quae
1166 2204 1266 2238 non
1321 2189 1596 2239 secundum
1652 2189 1804 2238 filium

116 2261 240 2312 Cain
287 2263 543 2312 dedicatur
588 2263 682 2312 hoc
727 2270 974 2328 tempore,
1024 2262 1073 2311 id
1122 2269 1196 2312 est
1246 2263 1466 2312 mortalis
1514 2263 1662 2312 huius
1702 2278 1804 2312 sae-

124 2336 222 2385 culi
267 2335 461 2386 labente
509 2343 821 2403 transcursu,
870 2336 955 2386 sed
996 2339 1046 2385 in
1085 2336 1167 2385 illa
1205 2336 1552 2386 inmortalitate
1593 2336 1805 2386 beatitu-

47 2443 53 2446 -
123 2409 251 2459 dinis
291 2412 633 2475 sempiternae.
1846 2421 1904 2460 30

244 2522 438 2625 θῖτᾶἓῃ.
482 2528 529 2578 4,
573 2528 642 2567 25.
707 2525 781 2579 21>
822 2524 952 2568 Rom.
998 2528 1067 2579 10,
1109 2528 1186 2578 133
1227 2524 1335 2568 Ioel.
1371 2528 1419 2578 2,
1463 2528 1534 2566 32.
1598 2524 1670 2578 26)
1703 2521 1810 2566 Hie-

122 2594 235 2625 rem.
329 2617 339 2636 ‚
402 2618 410 2626 .

247 2748 302 2786 14
332 2743 418 2787 Hic
450 2745 580 2788 tertio
620 2745 714 2788 loco
745 2758 828 2788 om.
871 2743 1009 2787 VRF
1036 2746 1052 2800 ΙΙ
1083 2748 1139 2788 20
1173 2743 1322 2788 omnis
1355 2743 1633 2800 quicumque
1664 2756 1690 2786 v
1714 2744 1729 2797 ss
1754 2748 1809 2786 26

123 2801 174 2845 in
204 2801 390 2846 homine
425 2803 516 2856 Vv‚·
545 2802 594 2847 in
623 2803 862 2847 hominem
885 2802 1030 2846 RAF
1051 2802 1208 2860 (prr.
1243 2803 1418 2858 „habet
1447 2803 1494 2845 in
1524 2802 1812 2857 hominem“)

215 2979 309 3005 Auo.
334 2980 386 3003 nn
412 2980 489 3005 exv.
514 2981 594 3007 mn.
640 2974 691 3007 11.
1431 2969 1458 3015 7⁷
