2044 3146
186 702 212 741 ‹2:-

159 1072 212 1110 10

158 1440 211 1478 15

153 1809 211 1847 20

258 171 366 223 230
935 181 970 216 S.
995 181 1268 216 AUGUS'rmx

930 333 1120 389 CAPUT
1160 335 1254 390 XI.

301 444 377 491 De
416 444 698 491 substantia
730 445 908 506 populi
946 443 1054 502 Dei,
1095 457 1227 504 quae
1264 446 1580 506 susceptione
1618 444 1792 492 earnis
1831 444 1881 491 in

367 517 563 566 Christo
604 522 689 576 est,
729 520 821 578 qm·
855 520 990 566 solus
1030 519 1246 566 eruendi
1282 518 1345 566 ab
1387 515 1569 578 inferis
1608 518 1825 566 animam

734 605 877 639 suam
916 591 1095 639 habuit
1126 596 1438 652 potestatem.

393 693 510 742 Post
559 693 679 742 haec
738 700 900 742 autem
956 693 1246 759 prophetata
1305 693 1362 742 ad
1417 693 1717 758 precandum
1779 694 1935 744 Deum

247 767 489 833 propheta
522 769 847 833 convertitur3
888 767 973 816 sed
1007 774 1056 816 et
1093 769 1197 831 ipsa
1238 769 1455 831 precatio
1495 766 1805 832 prophetatio
1847 775 1936 817 est.

256 843 418 903 Usque
447 856 559 902 que,
599 842 824 906 Domine,
865 844 1052 890 avertis
1085 843 1133 889 in
1171 843 1358 900 finem?
1398 839 1690 890 subauditur
1727 842 1934 907 „faciem

245 910 436 980 tuam“‚
468 916 625 964 ·sicut
689 913 802 963 alibi
857 914 1061 964 dicitur:
1138 915 1244 973 Quo
1307 930 1464 977 usque
1513 917 1701 964 avertis
1745 915 1933 977 faeiem

246 995 384 1038 tuam
431 1003 462 1037 a
502 990 611 1038 me?
687 987 810 1037 Nam
856 988 968 1038 ideo
1017 988 1213 1053 quidam
1263 988 1458 1038 codices
1496 987 1576 1038 hic
1616 1004 1715 1037 non
1753 988 1936 1039 habent

246 1065 448 1123 avertiS,
483 1062 567 1111 sed
600 1057 923 1129 „averteris“;
965 1077 1257 1127 quamquam
1289 1064 1446 1128 possit
1478 1062 1717 1127 intellegi:
1755 1063 1933 1130 „Aver-

245 1139 309 1186 tis
357 1136 745 1186 misericordiam
791 1143 948 1203 tuam,
1004 1152 1149 1201 quam
1197 1138 1468 1202 promisisti
1514 1131 1715 1186 David“.
1793 1136 1934 1196 Quod

246 1219 409 1260 autem
458 1210 601 1260 dixit:
657 1211 716 1259 In
760 1213 943 1271 finem,
992 1211 1107 1275 quid
1157 1218 1232 1260 est
1285 1213 1380 1260 nisi
1438 1226 1597 1276 usque
1644 1213 1694 1260 in
1751 1208 1936 1261 finem?

247 1285 343 1342 Qui
393 1284 503 1333 finis
551 1283 911 1349 intellegendus
967 1291 1043 1334 est
1087 1284 1316 1334 ultimum
1365 1291 1587 1351 tempuS‚
1640 1285 1834 1349 quando
1884 1288 1935 1334 in

247 1358 499 1407 Christum
538 1357 700 1407 Iesum
741 1360 888 1407 etiam
927 1373 1047 1423 gens
1087 1357 1166 1407 illa
1207 1365 1282 1408 est
1322 1358 1595 1424 creditura,
1634 1366 1745 1408 ante
1787 1375 1933 1424 quem

245 1433 391 1481 finem
426 1431 505 1480 illa
538 1432 646 1480 fieri
679 1431 987 1498 oportebant,
1027 1443 1151 1497 quae
1185 1435 1414 1498 superius
1455 1438 1747 1482 aerumnosa
1787 1433 1932 1482 defle-

245 1508 327 1555 vit.
406 1505 618 1570 Propter
651 1521 776 1569 quae
809 1512 857 1556 et
882 1506 961 1555 hic
1003 1508 1249 1571 sequitur:
1289 1507 1602 1556 Exardeseit
1636 1509 1771 1556 sieut
1802 1510 1934 1568 iqm's

244 1583 326 1629 ira
383 1586 495 1628 tua:
549 1585 788 1630 mem-ento
839 1595 971 1642 quae
1020 1587 1094 1630 est
1142 1595 1252 1630 mea
1302 1582 1598 1630 substantia.
1675 1579 1806 1629 Nihil
1854 1580 1932 1629 hic

244 1653 421 1703 melius
455 1668 598 1717 quam
631 1654 736 1718 ipse
770 1653 908 1704 Iesus
947 1653 1249 1719 intellegitur
1290 1653 1562 1704 substantia
1601 1653 1770 1719 populi
1810 1656 1936 1721 ei11S,

244 1743 302 1776 ex
345 1742 441 1792 quo
488 1734 663 1776 natura
710 1735 784 1777 est
831 1730 993 1777 carnis
1042 1730 1161 1777 eius,
1239 1729 1347 1778 Non
1389 1731 1518 1778 em'm
1558 1743 1707 1788 vane,
1759 1729 1935 1793 inquit,

244 1803 548 1851 eonstilulste'
595 1815 762 1850 omnes
803 1805 937 1861 filios
975 1804 1240 1852 hominum.
1317 1801 1423 1850 Nisi
1462 1803 1592 1850 enim
1632 1808 1765 1851 esset
1802 1817 1931 1851 unus

242 1875 372 1924 filius
412 1874 623 1923 hominis
671 1873 945 1925 substantia
983 1875 1155 1943 Israel,
1201 1891 1290 1941 per
1339 1890 1486 1940 quem
1525 1875 1680 1924 filium
1718 1875 1931 1924 hominis

242 1948 573 1997 liberarentur
623 1948 766 1997 multi
813 1949 899 1998 filii
954 1949 1232 2015 hominum,
1286 1964 1407 1998 vane
1454 1951 1625 2013 utique
1674 1950 1930 1998 constituti

243 2029 413 2070 essent
467 2037 637 2070 omnes
684 2022 769 2070 filii
816 2022 1087 2072 hominum.
1171 2023 1313 2072 Nunc
1360 2038 1476 2071 vero
1523 2023 1682 2070 omnis
1731 2022 1929 2085 quidem

243 2095 455 2144 humana
496 2102 668 2144 natura
707 2110 797 2159 per
835 2102 1094 2161 peccatum
1139 2098 1287 2161 primi
1325 2095 1538 2144 hominis
1576 2096 1627 2143 in
1666 2097 1928 2145 vanitatem

153 2176 204 2197 ‘⁷
244 2168 303 2217 de
352 2170 554 2216 veritate
604 2167 831 2233 conlapsa
880 2176 978 2235 est,
1036 2176 1240 2234 propter
1287 2168 1417 2234 quod
1469 2168 1588 2217 dicit
1633 2167 1756 2218 alius
1801 2169 1927 2234 psal-

243 2257 378 2291 mus:
434 2243 589 2290 Homo
637 2245 852 2291 vanitati
902 2245 1077 2292 similes
1119 2242 1292 2304 faetus
1340 2249 1434 2305 est,
1488 2244 1595 2291 dies
1643 2245 1750 2291 eius
1796 2246 1930 2292 velut

242 2317 424 2364 umbra
459 2321 819 2377 praetereunt;
867 2316 951 2364 sed
992 2331 1090 2365 non
1130 2331 1250 2365 vane
1291 2315 1421 2365 Deus
1462 2317 1718 2365 constituit
1756 2331 1926 2366 omnes

242 2389 368 2437 filios
424 2388 712 2454 hominum„
756 2390 868 2452 quia
924 2396 972 2438 et
1027 2389 1207 2438 multos
1264 2405 1290 2438 a
1341 2391 1552 2439 vanitate
1607 2388 1784 2438 liberat
1836 2405 1926 2454 per

243 2462 561 2511 mediatorem
593 2461 770 2528 lesum,
810 2469 858 2511 et
890 2478 1014 2527 quos
1045 2462 1324 2512 liberandos
1364 2479 1461 2511 non
1503 2477 1610 2511 esse
1650 2464 1925 2528 praescivit,

185 2544 200 2582 t
244 2536 300 2584 ad
336 2535 597 2585 utilitatem
629 2535 995 2585 liberandorum
1028 2543 1075 2585 et
1109 2539 1522 2602 comparationem
1555 2535 1763 2584 duarum
1794 2537 1925 2585 inter

364 2664 406 2714 7)
439 2663 491 2703 V.
527 2666 595 2706 47.
660 2664 703 2719 9)
728 2663 798 2708 Ps.
828 2667 895 2718 12,
925 2668 960 2708 1.
1025 2664 1098 2718 20)
1131 2663 1203 2707 Ps.
1238 2667 1308 2718 88,
1342 2668 1397 2706 47
1430 2677 1494 2718 sq.
1550 2665 1624 2717 27)
1657 2662 1729 2707 Ps.
1758 2667 1855 2716 143,
1881 2667 1923 2708 4.

362 2801 386 2837 2
422 2794 712 2850 susceptione
745 2794 816 2848 F,·
846 2809 929 2851 per
962 2796 1299 2851 susceptionem
1331 2809 1355 2838 v
1398 2796 1413 2850 ΙΙ
1452 2798 1478 2838 8
1511 2807 1601 2850 quo
1633 2807 1776 2849 usque
1807 2793 1925 2847 BA,-

241 2853 395 2907 Usque
429 2867 520 2907 quo
551 2867 576 2896 v
601 2854 616 2908 ΙΙ
643 2859 695 2897 15
720 2855 997 2910 oportebant
1027 2853 1116 2896 ΒΑ
1148 2854 1296 2907 (Neue
1328 2854 1418 2896 11²
1441 2868 1490 2909 p.
1526 2856 1620 2898 625
1651 2857 1758 2908 sq.);
1790 2866 1923 2909 opor—

238 2911 373 2955 tebat
404 2925 429 2956 v
453 2914 467 2968 Η
496 2917 547 2956 16
582 2912 847 2957 exardescet
879 2927 904 2957 v
