2054 3152
572 180 639 212 DE
664 178 903 212 CIVITATE
927 180 1016 214 Dm
1038 180 1079 212 L.
1104 180 1207 212 XVI.
1233 180 1269 213 c.
1294 183 1326 214 3.
1350 183 1382 215 4.
1714 170 1817 223 129

136 290 356 344 texitur?
410 291 660 356 Numquid
714 293 869 342 ceteri
923 294 1029 341 sine
1076 292 1188 342 filiis
1235 291 1618 344 remanserunt?
1679 293 1818 344 Absit

137 368 230 417 hoc
292 366 519 431 credere3
582 365 667 415 sed
730 372 932 432 genteS,
993 374 1198 432 propter
1259 383 1380 432 quas
1443 372 1817 418 commemorari

135 441 270 505 digni
301 447 482 505 essent,
522 455 619 488 non
654 441 825 504 utique
859 440 1102 506 fecerunt,
1143 443 1270 507 quia,
1311 443 1439 492 sieut
1471 442 1815 509 nascebantur,

132 513 240 563 aliis
278 512 508 578 gentibus
548 512 867 563 addebantur.

813 655 1007 711 CAPUT
1043 658 1134 711 IV.
1850 674 1876 713 5

244 750 320 799 De
358 751 651 800 diversitate
687 750 981 811 iniquarum
1014 752 1371 813 principioque
1411 752 1696 814 Babylonis.

283 852 407 902 Cum
439 867 556 917 ergo
588 853 639 900 in
673 853 776 901 suis
814 851 995 917 linguis
1033 854 1155 903 istae
1195 861 1367 918 gentes
1408 854 1560 903 fuisse
1601 855 1816 904 referan-

134 936 239 993 tur,
289 926 418 976 redit
464 934 628 976 tamen
675 933 901 975 narrator
948 926 1006 975 ad
1052 927 1173 976 illud
1220 934 1439 994 tempus,
1487 929 1681 992 quando
1722 944 1817 978 una
1887 950 1892 952 ·

135 1001 302 1066 lingua
341 1002 560 1050 omnium
600 1000 715 1066 suit,
761 1006 812 1049 et
849 999 962 1050 inde
1002 1003 1098 1050 iam
1140 1003 1361 1068 exponit,
1412 1001 1529 1066 quid
1569 1002 1817 1068 acciderit,

131 1081 188 1124 ut
219 1074 498 1139 linguarum
530 1074 787 1123 diversitas
818 1081 1122 1124 nasceretur.
1185 1076 1252 1124 Et
1281 1082 1408 1137 erat,
1448 1077 1624 1142 inquit,
1662 1079 1820 1126 omnis
1853 1087 1908 1127 10

132 1155 277 1199 terra
331 1150 520 1198 labium
575 1162 728 1197 unum
783 1154 832 1198 et
884 1162 983 1198 vox
1034 1164 1138 1198 una
1193 1151 1432 1198 omnibus,
1511 1150 1576 1198 Et
1621 1150 1819 1212 factum

133 1228 229 1282 est,
277 1237 390 1272 eum
430 1227 686 1271 moverent
723 1224 822 1285 ipsi
858 1223 922 1270 ab
970 1222 1195 1282 Oriente,
1247 1225 1550 1272 invenerunt
1588 1238 1819 1286 eampum

133 1299 184 1346 in
232 1302 375 1346 terra
424 1297 681 1356 Sennaar‚
730 1302 779 1345 et
823 1297 1184 1345 habitaverunt
1229 1298 1312 1345 ibi.
1391 1297 1458 1345 Et
1503 1299 1636 1347 dixit
1673 1300 1816 1347 homo

125 1372 386 1434 proximo:
437 1370 622 1430 Venite,
657 1369 915 1431 faciamus
946 1373 1131 1420 lateres
1163 1375 1211 1420 et
1242 1383 1517 1432 coquamus
1549 1373 1657 1421 illos
1698 1375 1816 1433 iyni.

132 1445 200 1493 Et
242 1443 377 1506 faeti
419 1449 538 1494 sunt
584 1446 681 1493 illis
727 1446 912 1494 lateres
963 1446 1016 1493 in
1062 1445 1302 1506 lapidem,
1352 1451 1401 1494 et
1446 1446 1666 1494 bitumen
1706 1452 1821 1495 erat
1854 1455 1906 1494 15

133 1521 230 1567 illis
283 1520 462 1584 lutum,
515 1522 567 1567 et
620 1519 887 1567 dixerunt:
953 1517 1146 1579 Venite,
1202 1521 1527 1578 aedificemus
1580 1521 1822 1568 nobismet

133 1594 253 1654 ipsis
307 1594 562 1641 civitatem
617 1598 666 1641 et
718 1597 933 1651 turrem,
990 1595 1136 1641 euius
1191 1599 1348 1655 eaput
1395 1595 1494 1642 erit
1543 1608 1701 1654 usque
1751 1595 1823 1642 ad

43 1663 53 1670 ”
133 1669 352 1726 eaelum,
401 1671 450 1715 et
490 1665 748 1727 faciamus
803 1672 1029 1715 nostrum
1084 1680 1261 1716 nomen
1309 1673 1579 1728 antequam
1627 1669 1817 1729 disper-

129 1754 318 1801 9amur
364 1742 416 1788 in
458 1738 647 1800 faeiem
694 1742 853 1788 omnis
907 1745 1093 1789 terrae.
1171 1741 1239 1788 Et
1277 1742 1538 1790 deseendit
1575 1741 1820 1790 Dominus

135 1814 309 1863 videre
347 1814 600 1862 civitatem
632 1819 680 1863 et
720 1818 927 1874 turrem,
968 1828 1118 1874 quam
1158 1815 1563 1873 aedificaverunt
1595 1816 1696 1874 filii
1731 1815 1815 1864 ho·
1851 1823 1907 1862 20

132 1889 334 1935 minum.
411 1887 479 1935 Et
517 1888 652 1935 dixit
690 1887 932 1936 Dominus
971 1887 1133 1936 Deus:
1179 1887 1316 1936 Eece
1357 1901 1520 1948 ,oenus
1573 1902 1726 1937 unum
1774 1894 1823 1937 et

137 1961 324 2010 labium
371 1975 526 2010 unum
574 1963 821 2018 omnium,·
868 1968 916 2010 et
962 1962 1058 2010 hoe
1106 1962 1476 2010 inchoaverunt
1517 1960 1720 2023 faeere,
1773 1967 1823 2011 et

136 2049 274 2084 nune
320 2048 420 2083 non
469 2036 706 2094 deficient
752 2049 817 2083 ex
864 2036 962 2083 illis
1010 2037 1178 2084 omnia
1233 2050 1364 2096 quae
1410 2037 1584 2084 eonati
1622 2034 1822 2097 fuerint

132 2106 340 2168 facere;
379 2110 556 2168 venite,
597 2114 646 2157 et
677 2109 1035 2158 descendentes
1074 2107 1447 2169 confundamus
1486 2110 1558 2158 ibi
1594 2111 1820 2170 linquam

135 2196 331 2242 eorum,
386 2187 444 2231 ut
496 2196 595 2231 non
662 2183 878 2231 audiant
941 2185 1285 2243 unusquisque
1349 2196 1518 2232 vocem
1578 2185 1816 2245 proximi.
1853 2191 1909 2231 -25

134 2255 201 2303 Et
248 2257 486 2318 dispersit
532 2270 615 2305 eos
654 2255 895 2304 Dominus
944 2257 1062 2304 inde
1107 2271 1261 2318 super
1294 2254 1484 2317 faciem
1523 2258 1681 2305 omnis
1722 2262 1818 2305 ter-

134 2344 257 2389 rae,
319 2335 370 2378 et
422 2334 751 2379 cessaverunt
811 2330 1142 2389 aedificantes
1196 2332 1450 2379 civitatem
1504 2335 1553 2379 et
1613 2336 1819 2379 turrem.

137 2403 355 2465 Propter
402 2404 497 2452 hoe
545 2405 850 2464 appellatum
898 2409 971 2452 est
1009 2417 1185 2452 nomen
1226 2405 1359 2452 illius
1399 2402 1650 2465 confusiO,
1699 2405 1820 2464 quia

133 2476 206 2524 ibi
234 2475 466 2538 confudit
496 2477 737 2526 Dominus
769 2477 906 2525 labia
946 2479 1104 2526 omnis
1143 2482 1316 2526 terrae
1324 2494 1344 2534 ;
1384 2483 1432 2526 et
1471 2479 1588 2526 inde
1627 2479 1817 2539 disper-

131 2551 199 2598 sit
236 2551 344 2598 illos
384 2551 626 2599 Dominus
667 2550 801 2598 Deus
839 2565 992 2612 super
1027 2549 1216 2611 faeiem
1256 2553 1413 2599 omnis
1453 2557 1638 2600 terrae.
1717 2549 1814 2598 Ista
1850 2559 1909 2599 30

252 2664 325 2717 30)
359 2661 471 2708 Gen.
506 2667 575 2717 11,
610 2667 632 2705 1
668 2677 766 2718 sqq.

256 2798 311 2837 14
340 2795 549 2849 proximo
592 2794 677 2837 VA
707 2807 787 2838 see.
822 2794 916 2839 eod.
950 2794 1108 2848 Alex.;
1146 2794 1358 2852 proximo
1392 2809 1473 2839 suo
1505 2794 1577 2838 Rv
1601 2796 1616 2851 ΙΙ
1643 2799 1696 2838 16
1728 2793 1815 2836 Ve-

134 2851 231 2895 nite
263 2853 311 2896 et
340 2851 439 2896 aed.
471 2866 497 2896 v
521 2854 536 2908 ΙΙ
562 2858 616 2897 18
647 2854 858 2897 nostrum
887 2866 1002 2907 mss,·
1031 2853 1166 2898 nobis
1196 2867 1223 2899 v
1246 2855 1262 2910 ΙΙ
1285 2859 1341 2897 25
1373 2852 1571 2910 proximi
1614 2852 1819 2909 VAFefy

133 2923 216 2955 see.
251 2909 435 2964 Graee.;
465 2910 665 2967 proximi
697 2911 768 2955 sui
799 2912 871 2957 Rv

223 2999 318 3024 Ano.
343 3000 395 3024 DE
421 2999 500 3026 ctv.
526 3001 608 3025 mu.
631 2994 682 3027 ΙΙ.
1439 2991 1464 3029 9
