2004 3140
607 147 671 178 DE
695 144 933 179 CIVITATE
957 145 1047 177 nm
1071 146 1115 178 L.
1140 147 1222 179 xx.
1247 144 1284 179 c.
1310 147 1366 179 16.
1710 133 1819 186 443

793 328 988 382 CAPUT
1020 328 1166 382 XVI.

538 438 613 487 De
652 439 792 487 caelo
832 452 957 486 novo
998 443 1047 486 ec
1085 442 1228 486 terra
1267 451 1409 485 nova.

287 541 450 590 Finito
502 547 665 589 autem
713 541 917 606 iudicio,
973 555 1070 604 quo
1118 541 1480 604 praenuntiavit
1530 539 1816 589 iudicandos

139 616 313 683 maloS,
360 620 515 664 restat
563 620 617 663 ut
669 616 814 663 etiam
855 614 913 662 de
954 614 1096 662 bonis
1135 613 1277 662 dicat.
1355 613 1456 661 Iam
1495 615 1627 662 enim
1668 614 1816 678 expli-

140 692 266 739 cavit
305 689 435 754 quod
475 688 693 737 breviter
740 704 766 736 a
804 687 1011 736 Domino
1059 687 1245 736 dictum
1285 694 1382 736 est:
1428 688 1516 736 Sic
1557 689 1699 737 ibunt
1737 690 1821 736 isti
1850 694 1876 734 5

136 767 190 813 in
221 766 522 827 supplicium
555 768 847 820 aeternum;
887 763 1113 826 sequitur
1146 767 1201 810 ut
1234 761 1458 826 explicet,
1500 761 1629 825 quod
1672 763 1819 810 etiam

138 837 207 886 ibi
247 839 545 886 conectitur:
587 837 717 885 Iusti
755 841 920 885 autem
962 839 1012 884 m
1052 839 1204 885 vitam
1245 841 1519 884 aeternam.
1598 836 1665 884 Et
1702 838 1818 895 vidi,

134 913 315 977 inquit,
364 914 559 960 caelum
606 925 784 959 novum
833 915 882 959 et
927 915 1119 959 terram
1166 924 1358 959 novam.
1436 910 1565 958 Nam
1598 911 1820 971 primum

135 988 330 1034 caelum
370 990 417 1034 et
457 990 599 1034 terra
639 989 973 1044 recesserunt,
1014 989 1062 1032 et
1099 998 1242 1032 mare
1283 986 1382 1032 iam
1422 997 1521 1031 non
1562 989 1646 1032 est.
1717 982 1817 1031 Isto

135 1060 220 1107 fiet
258 1058 458 1124 ordine,
506 1057 636 1122 quod
685 1059 915 1122 superius
966 1056 1372 1121 praeoccupando
1412 1058 1507 1104 iam
1548 1056 1698 1122 dixit,
1750 1057 1817 1104 vi-
1853 1063 1907 1103 10

137 1132 267 1181 disse
324 1147 376 1180 se
434 1147 583 1196 super
631 1130 866 1180 thronum
915 1131 1198 1196 sedentem,
1254 1132 1395 1179 cuius
1443 1145 1469 1177 a
1518 1131 1641 1178 facie
1693 1131 1818 1194 fugit

136 1205 325 1254 caelum
381 1211 429 1254 et
478 1212 625 1254 terra.
702 1204 934 1254 Iudicatis
984 1206 1165 1268 quippe
1214 1204 1312 1270 his,
1362 1205 1446 1268 qui
1495 1205 1667 1268 scripti
1718 1218 1818 1252 non

135 1286 250 1328 sunt
295 1281 347 1327 in
393 1278 520 1327 libro
568 1280 719 1339 vitae,
777 1284 825 1327 et
871 1280 922 1326 in
971 1284 1228 1326 aeternum
1273 1280 1438 1342 ignem
1489 1279 1653 1326 missis
1705 1271 1816 1344 (qui

133 1355 260 1417 ignis
302 1354 442 1402 cuius
485 1351 616 1401 modi
657 1359 705 1400 et
742 1354 794 1400 in
835 1367 930 1416 qua
972 1351 1142 1400 mundi
1181 1351 1257 1400 vel
1296 1367 1465 1400 rerum
1504 1356 1644 1415 parte
1684 1351 1815 1400 futu-

133 1442 220 1476 rus
260 1428 349 1493 sit,
394 1426 643 1474 hominem
685 1428 811 1475 scire
860 1425 1075 1474 arbitror
1114 1427 1388 1491 neminem,
1434 1426 1529 1473 nisi
1568 1425 1695 1473 forte
1738 1426 1817 1473 cui
1852 1431 1906 1472 15

137 1501 351 1565 Spiritus
392 1499 586 1549 divinus
626 1494 883 1567 ostendit),
924 1506 1042 1548 tuno
1083 1500 1239 1563 figura
1277 1499 1439 1548 huius·
1465 1498 1636 1547 mundi
1675 1513 1816 1547 mun-

134 1574 375 1623 danorum
425 1575 612 1638 ignium
664 1573 1044 1637 conflagratione
1097 1572 1413 1639 praeteribit,
1465 1574 1594 1621 sicut
1634 1573 1818 1621 factum

133 1654 208 1697 est
248 1648 607 1696 mundanarum
639 1663 877 1711 aquarum
915 1646 1236 1696 inundatione
1277 1646 1527 1695 diluvium.
1605 1645 1691 1694 Illa
1730 1647 1817 1694 ita-

134 1737 255 1788 que,
306 1726 361 1770 ut
408 1721 532 1786 dixi,
587 1721 966 1784 conflagratione
1016 1720 1261 1769 mundana
1311 1719 1669 1768 elementorum
1711 1734 1817 1767 cor-

132 1794 442 1859 ruptibilium
491 1794 771 1858 qualitateS,
820 1809 944 1858 quae
992 1793 1287 1858 corporibus
1335 1795 1519 1842 nostris
1572 1794 1815 1857 corrupti-
1851 1801 1908 1841 20

133 1868 314 1918 bilibus
369 1867 732 1934 congruebant,
787 1867 1004 1916 ardendo
1059 1869 1257 1931 penitus
1311 1865 1614 1931 interibunt,
1670 1872 1816 1929 atque

134 1944 239 2006 ipsa
295 1941 568 1990 substantia
620 1957 701 1990 eas
753 1941 1011 2005 qualitates
1068 1939 1291 2006 habebit,
1348 1955 1472 2004 quae
1525 1939 1817 2004 corporibus

134 2015 477 2064 inmortalibus
532 2014 743 2063 mirabili
805 2015 1075 2063 mutatione
1138 2015 1453 2078 conveniant3
1518 2019 1574 2062 ut
1629 2012 1818 2062 scilicet

135 2089 349 2138 mundus
388 2091 440 2137 in
487 2088 663 2137 melius
713 2090 974 2138 innovatus
1015 2094 1125 2153 apte
1166 2086 1569 2136 adcommodetur
1608 2086 1815 2135 homini-

135 2162 228 2211 bus
277 2164 423 2211 etiam
471 2178 617 2211 carne
664 2164 715 2211 in
764 2162 939 2212 melius
986 2163 1242 2210 innovatis,
1322 2160 1464 2219 Quod
1512 2166 1677 2210 autem
1729 2161 1817 2210 ait:
1851 2167 1906 2208 25

136 2237 203 2284 Et
250 2251 393 2286 mare
443 2239 544 2285 iam
594 2251 693 2286 non
741 2242 835 2285 esc:
884 2242 1052 2284 utrum
1098 2237 1307 2283 maximo
1364 2233 1446 2283 illo
1494 2234 1669 2282 ardore
1722 2236 1813 2283 sic-

135 2315 276 2358 cetur
315 2325 376 2358 an
410 2315 459 2358 et
490 2311 652 2374 ipsum
694 2315 913 2358 vertatur
951 2311 1002 2358 in
1045 2309 1233 2374 melius,
1273 2323 1372 2356 non
1412 2307 1552 2356 facile
1593 2307 1815 2357 dixerim.

137 2382 338 2432 Caelum
377 2385 558 2448 quippe
591 2398 771 2432 novum
812 2390 861 2432 et
900 2389 1084 2432 terram
1123 2397 1298 2430 novam
1338 2382 1555 2430 futuram
1594 2381 1816 2445 legimuS,

137 2456 196 2504 de
244 2458 368 2505 mari
414 2462 577 2506 autem
624 2472 748 2505 novo
797 2456 977 2520 aliquid
1027 2472 1103 2504 mc
1156 2457 1347 2525 uspiam
1385 2454 1561 2518 legisse
1601 2469 1700 2502 non
1739 2468 1815 2502 re-

138 2528 267 2594 colo;
307 2531 403 2578 nisi
443 2530 573 2594 quod
613 2532 664 2578 in
704 2530 796 2578 hoc
838 2530 1011 2578 eodem
1050 2529 1176 2578 libro
1217 2529 1489 2593 reperitur:
1547 2527 1819 2588 Tamquam
1851 2535 1908 2576 30

258 2657 302 2710 7)
334 2655 415 2699 Mt.
451 2660 521 2710 25,
553 2661 624 2700 46.
689 2659 732 2712 9)
764 2656 908 2712 Apoc.
941 2660 1013 2710 21,
1047 2661 1085 2700 1.

138 2875 159 2918 t
262 2819 287 2860 5
337 2815 402 2860 sio
441 2829 529 2860 mss
565 2817 618 2870 (l.
650 2820 710 2861 21
745 2830 781 2861 c.
813 2821 885 2873 1);
924 2830 1006 2860 om.
1045 2830 1072 2860 v
1110 2816 1126 2872 ΙΙ
1161 2820 1186 2859 9
1220 2816 1267 2859 et
1297 2815 1422 2859 terra
1450 2828 1563 2866 mss;
1594 2815 1641 2859 et
1671 2813 1823 2871 prima

162 2888 264 2919 erra
292 2888 319 2920 v
