2004 3140
619 132 686 165 DE
711 129 950 164 cIVI'rATE
973 131 1062 163 Dm
1086 131 1127 164 L.
1152 132 1235 164 xx.
1259 131 1297 164 c.
1323 133 1354 166 5.
1709 121 1816 174 413

133 245 226 295 Hic
288 245 523 296 discimus
581 260 694 294 cum
757 245 859 294 suis
930 244 1186 309 discipulis
1247 245 1576 295 iudicaturum
1639 244 1815 295 lesum.

135 319 274 370 Unde
331 327 379 370 et
429 318 542 368 alibi
590 318 782 368 Iudaeis
830 317 974 368 dixit:
1028 320 1088 368 Sa·
1132 334 1222 381 eqo
1274 322 1326 368 in
1366 320 1648 370 Beelzebub
1689 323 1816 370 eicio

136 397 424 460 daemonia,
471 395 572 453 filii
607 396 764 442 vestri
801 395 852 442 z'n
892 407 989 453 quo
1030 396 1251 442 eiciunt?
1330 394 1450 443 Ideo
1491 396 1589 456 ipsi
1626 395 1818 444 iudices
1857 388 1866 396 ’

135 473 286 519 erunt
338 470 504 518 vestri.
581 466 682 516 Nec
734 467 966 531 quoniam
1016 482 1165 531 super
1216 467 1476 516 duodecim
1528 467 1670 517 sedes
1718 483 1817 516 ses-

135 556 280 592 suros
320 556 428 591 esse
469 543 556 606 ait,
613 540 873 590 duodecim
921 540 1050 589 solos
1097 540 1321 589 homines
1362 557 1476 590 cum
1514 541 1596 590 illo
1636 541 1817 591 iudica·
1851 550 1877 590 5

133 623 275 665 turos
323 621 497 681 putare
545 614 796 664 dehemus,
874 614 1185 663 Duodenario
1234 616 1415 679 quippe
1464 630 1671 664 numero
1713 617 1818 664 uni-

134 705 278 739 versa
303 689 541 754 quaedam
566 689 835 753 significata
867 694 942 737 est
966 689 1288 738 iudicantium
1324 688 1583 738 multitudo
1615 695 1821 753 propter

133 764 256 813 duas
294 770 460 828 partes
494 763 688 812 numeri
726 764 1008 828 septenarii,
1048 778 1144 827 quo
1186 763 1490 827 significatur
1529 762 1819 828 plerumque

134 839 452 903 universitas3
509 852 633 901 quae
688 836 812 886 duae
867 842 1055 902 parteS,
1110 837 1159 886 id
1209 843 1286 886 est
1332 839 1426 886 tria
1474 843 1523 886 et
1573 842 1820 902 quattuor,

134 912 287 961 altera
325 927 415 976 per
447 911 650 960 alteram
689 910 1037 975 multiplicatae
1078 910 1338 960 duodecim
1379 908 1580 977 faciunt,
1619 926 1731 959 nam
1772 917 1821 959 et
1855 921 1910 962 10

137 992 369 1051 quattuor
408 991 485 1034 ter
518 991 567 1034 et
598 986 692 1034 tria
730 991 905 1049 quater
946 984 1207 1033 duodecim
1247 992 1385 1051 sunt,
1425 991 1474 1034 et
1515 986 1556 1033 si
1595 999 1691 1048 qua
1731 984 1821 1033 alia

135 1060 283 1109 huius
315 1058 606 1108 duodenarii
637 1060 846 1124 numeri,
886 1073 1010 1123 quae
1043 1058 1103 1106 ad
1136 1058 1228 1107 hoc
1262 1058 1432 1124 valeat,
1470 1060 1595 1107 ratio
1636 1060 1820 1123 reperi·

135 1141 232 1183 tur.
309 1132 552 1198 Alioquin,
592 1134 823 1197 quoniam
862 1134 912 1181 in
951 1132 1115 1181 locum
1148 1132 1294 1181 Iudae
1337 1132 1588 1182 traditoris
1627 1139 1820 1197 aposto-

136 1207 239 1257 lum
276 1206 528 1256 Matthiam
573 1206 782 1270 legimus
829 1206 1135 1270 ordinatum,
1186 1206 1437 1271 apostolus
1476 1205 1657 1256 Paulus
1669 1245 1684 1272 ,
1736 1208 1821 1271 qui

135 1280 248 1346 plus
302 1279 530 1329 omnibus
583 1280 679 1329 illis
725 1279 985 1347 laboravit,
1042 1279 1126 1329 ubi
1180 1280 1239 1329 ad
1286 1279 1603 1330 iudicandum
1655 1279 1822 1330 sedeat
1857 1291 1910 1330 15

134 1370 234 1404 non
274 1354 494 1419 habebit3
542 1356 628 1418 qui
672 1355 895 1419 profecto
937 1369 1051 1403 cum
1090 1354 1197 1403 aliis
1237 1357 1421 1403 sanctis
1459 1354 1519 1403 ad
1558 1369 1822 1404 numerum

135 1428 356 1478 iudicum
389 1444 441 1477 se
475 1430 726 1493 pertinere
761 1428 1083 1494 demonstrat,
1122 1444 1236 1478 cum
1269 1429 1408 1478 dicit:
1450 1430 1664 1478 Nescitis
1702 1432 1823 1490 quia

137 1506 341 1565 anqelos
381 1504 756 1553 iudicabimus?
818 1502 886 1552 De
927 1504 1047 1567 ipsis
1087 1518 1285 1567 quoque
1325 1502 1601 1552 iudicandis
1638 1504 1689 1551 in
1729 1502 1822 1551 hoc

137 1593 344 1626 numero
401 1577 701 1626 duodenario
759 1576 930 1626 similis
986 1592 1132 1626 causa
1186 1584 1274 1626 est..
1360 1576 1469 1626 Non
1524 1579 1655 1626 enim
1710 1579 1824 1641 quia

138 1650 325 1700 dictum
379 1657 475 1700 est:
532 1651 826 1701 Iudicantes
877 1652 1143 1701 duodecim
1202 1653 1366 1700 tribus
1418 1652 1607 1711 Israel,
1661 1650 1822 1700 tribus
1856 1661 1913 1700 20

138 1723 278 1791 Levi,
330 1740 454 1789 quae
503 1726 647 1773 tertia
693 1724 881 1773 decima
922 1731 1019 1790 est,
1067 1724 1125 1773 ab
1166 1726 1237 1773 eis
1277 1725 1535 1774 iudicanda
1576 1739 1675 1773 non
1714 1726 1823 1790 erit,

138 1805 222 1848 aut
261 1798 420 1847 solum
457 1785 593 1847 ilffim
633 1798 894 1863 populum,
934 1813 1032 1846 non
1072 1800 1218 1847 etiam
1258 1805 1429 1862 gentes
1469 1804 1660 1847 ceteras
1699 1798 1823 1847 iudi·

138 1871 335 1921 cabunt.
413 1871 555 1930 Quod
588 1878 752 1920 autem
792 1873 878 1921 ait:
920 1873 980 1920 In
1021 1875 1423 1937 reyeneratz'one,
1461 1871 1635 1936 procul
1674 1871 1823 1921 dubio

140 1953 450 1996 mortuorum
500 1948 919 2013 resurrectionem
971 1947 1168 1995 nomine
1228 1946 1382 1995 voluit
1434 1947 1823 2010 regenerationis

139 2019 370 2084 intellegi.
450 2019 531 2068 Sic
579 2021 711 2068 enim
759 2035 871 2068 caro
914 2026 1079 2069 nostra
1120 2019 1496 2085 regenerabitur
1535 2035 1624 2084 per
1664 2022 1822 2069 incor-
1856 2028 1912 2069 25

140 2095 444 2159 ruptionem,
491 2108 638 2157 quem
677 2093 735 2142 ad
778 2093 976 2144 modum
1017 2100 1092 2143 est
1131 2096 1291 2143 anima
1330 2100 1498 2143 nostra
1538 2100 1826 2158 regenerata

139 2182 229 2231 per
268 2167 427 2216 fidem.

288 2241 439 2290 Multa
476 2248 758 2308 praetereo,
805 2257 929 2306 quae
981 2241 1040 2290 de
1081 2241 1253 2290 ultimo
1295 2241 1476 2291 iudic'io
1515 2243 1582 2291 ita
1621 2242 1719 2290 dici
1759 2243 1825 2290 vi-

142 2314 345 2381 dentur,
392 2321 448 2364 ut
487 2315 748 2380 diligenter
787 2315 1095 2364 considerata
1134 2317 1447 2380 reperiantur
1487 2314 1712 2380 ambigua
1751 2315 1827 2364 vel

144 2390 296 2453 magis
329 2389 388 2438 ad
420 2389 551 2438 aliud
590 2391 903 2455 pertinentia,
945 2391 1044 2438 sive
1086 2389 1275 2438 scilicet
1314 2389 1373 2438 ad
1414 2405 1528 2438 eum
1562 2389 1825 2438 Salvatoris
1859 2398 1915 2437 30

145 2462 435 2522 adventum,
492 2478 589 2527 quo
639 2479 728 2527 per
784 2469 942 2512 totum
995 2463 1088 2512 hoc
1139 2469 1335 2527 tempus
1385 2465 1436 2511 in
1486 2462 1692 2511 ecclesia
1739 2477 1827 2511 sua

144 2537 306 2601 venit,
375 2536 467 2584 hoc
538 2542 613 2584 est
674 2538 723 2585 in
794 2536 1029 2585 membris
1101 2538 1227 2601 suis,
1290 2536 1619 2600 particulatim
1680 2542 1826 2600 atque

146 2609 404 2675 paulatim,
468 2612 698 2673 quoniam
760 2617 862 2659 tota
925 2625 1105 2674 corpus
1162 2617 1237 2658 est
1291 2611 1420 2675 eius;
1476 2612 1576 2658 sive
1633 2609 1691 2658 ad
1747 2625 1825 2659 ex-

147 2682 328 2731 cidium
374 2690 598 2732 terrenae
647 2683 977 2748 Hierusalem3
1026 2685 1140 2746 quia
1188 2689 1236 2731 et
1283 2683 1342 2731 de
1395 2683 1476 2731 illo
1518 2698 1631 2731 cum
1672 2683 1826 2747 loqui—

146 2761 249 2821 tur,
300 2756 591 2821 plerumque
647 2759 716 2806 sic
770 2757 1018 2822 loquitur,
1074 2762 1322 2820 tamquam
1376 2756 1435 2805 de
1491 2757 1586 2805 sule
1643 2756 1825 2806 saeculi
1857 2765 1912 2806 35

263 2870 310 2924 4)
341 2868 421 2911 Mt.
459 2873 526 2926 12,
559 2874 629 2913 27.
694 2870 766 2926 14)
798 2869 899 2913 Act.
935 2874 974 2924 1,
1008 2874 1076 2913 26.
1144 2870 1213 2924 15)
1251 2874 1286 2913 1.
1322 2868 1422 2914 Cor.
1466 2874 1532 2925 15,
1568 2873 1636 2914 10.
