2054 3152
259 183 328 235 60
932 193 967 226 S.
989 193 1266 228 AUGUSTINI

952 361 1147 415 CAPUT
1186 361 1256 414 II.

554 468 630 517 De
664 470 787 527 filiis
827 471 1001 518 carnis
1041 476 1091 518 et
1121 471 1244 529 filiis
1277 471 1639 532 promissionis,

407 570 592 620 Umbra
638 586 754 619 sane
803 571 1040 635 quaedam
1089 573 1299 621 civitatis
1345 571 1493 620 huius
1542 579 1592 620 et
1637 573 1797 635 imago
1836 585 1949 634 pro-

259 643 457 708 phetica
512 647 557 693 ei
604 645 948 709 significandae
994 647 1160 710 potius
1208 661 1351 710 quam
1406 644 1792 710 praesentandae
1848 658 1949 692 ser-

202 728 227 766 5
261 719 380 767 vivit
425 719 476 766 in
523 719 696 784 terris,
743 733 839 782 quo
888 734 994 767 eam
1045 726 1267 783 tempore
1308 719 1638 767 demonstrari
1677 716 1953 783 oportebat,

265 799 314 840 et
355 790 484 840 dieta
531 799 607 840 est
653 793 800 840 etiam
847 793 953 856 ipsa
993 794 1162 840 civitas
1203 799 1371 841 sancta
1410 794 1588 841 merito
1630 791 1951 856 significantis

266 866 515 931 imaginiS‚
561 879 660 913 non
708 880 993 931 expressae,
1041 867 1170 914 sicut
1217 866 1383 914 futura
1424 873 1520 931 est,
1566 866 1802 914 veritatis
1880 862 1949 912 De

263 938 354 986 hac
402 940 614 1003 imagine
663 937 908 987 serviente
959 945 1009 987 et
1055 938 1115 987 de
1162 938 1267 1004 illa,
1307 954 1454 1003 quam
1493 938 1757 1004 significat,
1795 936 1950 986 libera

266 1013 461 1060 civitate
517 1013 587 1060 sic
643 1011 892 1075 apostolus
949 1010 1007 1060 ad
1064 1011 1255 1061 Galatas
1307 1011 1550 1076 loquitur:
1604 1013 1771 1061 Dicite
1816 1013 1952 1071 mihi,

179 1096 231 1134 10
265 1086 448 1149 inquit,
486 1086 578 1134 sub
619 1088 727 1146 leqe
766 1089 984 1134 volentes
1023 1101 1129 1135 esse
1167 1089 1325 1147 leyem
1363 1100 1464 1135 non
1504 1087 1751 1134 audistis?
1813 1085 1952 1134 Seri-

259 1165 400 1220 ptum
440 1165 514 1207 est
552 1161 703 1218 enim,
755 1161 892 1219 quod
926 1160 1189 1209 Abraham
1229 1161 1354 1208 duos
1387 1162 1522 1219 filios
1560 1160 1758 1219 habuit,
1798 1172 1952 1207 unum

266 1234 328 1280 de
368 1235 557 1280 aneilla
598 1238 647 1280 et
684 1247 839 1281 unum
880 1234 942 1281 de
981 1234 1158 1282 libera.
1237 1233 1341 1283 Sed
1378 1235 1461 1282 ille
1499 1234 1724 1293 quidem,
1764 1235 1854 1293 qui
1891 1233 1956 1280 de

266 1307 480 1365 aneilla,
526 1308 805 1354 seeundum
860 1321 1068 1355 earnem
1116 1311 1267 1356 natus
1313 1312 1412 1363 est;
1462 1309 1552 1367 qui
1588 1311 1755 1355 autem
1795 1308 1858 1354 de
1896 1308 1951 1354 li—

267 1381 406 1439 bera,
439 1394 537 1440 per
568 1381 1004 1440 repromissionem
1013 1397 1033 1438 ;
1071 1395 1203 1440 quae
1240 1386 1358 1429 sunt
1394 1382 1446 1428 in
1487 1382 1748 1441 alleqoria.
1810 1379 1955 1428 Haec

178 1461 230 1501 15
265 1454 396 1502 enim
442 1458 561 1501 sunt
607 1455 707 1501 duo
755 1458 1071 1514 testamenta,
1118 1468 1273 1502 unum
1313 1455 1513 1515 quidem
1554 1469 1585 1502 a
1624 1459 1788 1502 monte
1827 1453 1955 1501 Sina

269 1529 321 1574 in
359 1528 650 1575 servitutem
677 1541 950 1588 yenerans,
989 1529 1127 1588 quod
1163 1534 1238 1576 est
1267 1529 1439 1588 Aqar5
1479 1527 1605 1575 Sina
1645 1529 1776 1575 enim
1814 1540 1955 1574 mons

269 1605 343 1648 est
387 1601 439 1647 in
487 1600 705 1659 Arabia,
753 1615 885 1661 quae
931 1603 1204 1657 coniuncta
1251 1608 1325 1650 est
1369 1602 1489 1650 huie
1536 1615 1668 1660 quae
1706 1615 1843 1648 nunc
1882 1604 1956 1648 esi

267 1673 588 1722 Hierusalem
596 1691 616 1730 ;
668 1676 827 1722 servit
879 1676 1010 1723 enim
1065 1689 1179 1724 eum
1224 1677 1347 1733 filiis
1397 1676 1514 1723 suis:
1600 1675 1741 1732 Quae
1788 1679 1954 1722 autem

267 1760 467 1795 sursum
500 1753 574 1795 est
603 1747 937 1808 Hierusalem,
977 1749 1140 1797 libera
1172 1754 1258 1808 est,
1298 1763 1430 1809 quae
1460 1753 1533 1796 est
1563 1753 1726 1796 mater
1765 1753 1954 1795 nostra.

179 1831 234 1870 20
270 1814 528 1882 Scriplum
584 1826 658 1869 est
711 1823 865 1869 enim:
918 1821 1143 1870 Laetare
1191 1824 1405 1881 sterili-9,
1461 1835 1593 1882 quae
1645 1835 1745 1870 non
1792 1822 1956 1882 paris,

269 1907 474 1955 erumpe
521 1899 569 1942 et
614 1897 869 1954 exclama,
924 1909 1056 1955 quae
1099 1909 1199 1944 non
1234 1897 1498 1956 parturis;
1537 1897 1774 1955 quoniam
1813 1894 1958 1942 multi

261 1969 360 2025 filii
399 1969 655 2027 desertae,
702 1970 864 2028 maqis
904 1982 1055 2028 qaam
1095 1971 1204 2016 eius
1243 1983 1374 2028 quae
1412 1969 1565 2016 habet
1601 1970 1777 2015 virum.
1855 1967 1956 2015 Nos

264 2046 459 2099 autem,
495 2039 712 2100 fratreS,
752 2043 1028 2090 seeundum
1067 2041 1222 2089 Isaac
1252 2043 1603 2103 promissionis
1635 2042 1737 2099 filii
1771 2054 1955 2088 sumus.

268 2113 371 2162 Sed
406 2116 541 2162 sicut
571 2119 704 2173 tune,
745 2115 835 2174 qui
862 2115 1139 2163 secundum
1179 2128 1387 2162 earnem
1426 2119 1576 2162 natus
1609 2112 1801 2174 fuerat,
1834 2128 1952 2175 per—

181 2197 237 2236 25
271 2187 578 2247 sequebatur
633 2201 765 2248 eum,
821 2189 911 2247 qui
953 2189 1229 2236 secundum
1277 2189 1534 2249 spiritum:
1590 2189 1662 2235 ita
1710 2192 1759 2234 et
1803 2201 1953 2235 nune.

274 2260 377 2308 Sed
414 2261 539 2320 quid
575 2261 702 2308 dicit
744 2262 1038 2322 scriptura?
1099 2261 1224 2310 Eiee
1264 2263 1500 2310 ancillam
1540 2266 1589 2309 et
1620 2262 1781 2320 filium
1821 2263 1928 2308 eius
1938 2277 1958 2318 ;

270 2347 369 2382 non
424 2335 555 2381 enim
616 2331 768 2382 lieres
818 2337 918 2382 erit
964 2337 1102 2393 silius
1158 2337 1377 2383 ancillae
1426 2348 1539 2383 eum
1587 2336 1695 2393 silio
1746 2334 1954 2382 liberae.

272 2407 372 2455 Nos
412 2412 592 2464 autem,
628 2405 839 2467 fratreS,
879 2421 979 2455 nori
1010 2422 1180 2457 sumus
1219 2410 1440 2457 ancillae
1471 2410 1583 2467 lilii,
1621 2408 1714 2455 sed
1748 2408 1956 2468 liberae,

271 2494 372 2540 qua
421 2481 654 2528 libertate
706 2481 934 2529 Christus
980 2495 1071 2530 nos
1117 2482 1363 2530 liberavit.
1440 2479 1571 2528 Haec
1620 2480 1776 2528 forma
1815 2478 1956 2527 intel-

178 2565 235 2604 30
268 2552 464 2616 legendi
511 2551 571 2600 de
620 2552 887 2618 apostolica
935 2555 1227 2603 auctoritate
1267 2553 1572 2603 descendens
1610 2553 1773 2602 locum
1813 2552 1956 2600 nobis

385 2666 458 2720 29)
492 2664 592 2709 Gal.
626 2670 668 2721 4,
701 2670 755 2709 21
791 2679 887 2720 sqq.

388 2803 439 2841 17
474 2799 554 2853 qui
579 2797 851 2841 coniunctus
876 2798 947 2840 est
969 2810 994 2840 v
1018 2798 1033 2852 ΙΙ
1060 2802 1112 2840 19
1143 2799 1302 2840 nostra
1335 2796 1571 2851 VRAFef
1592 2799 1952 2852 (proyr.p.16);

265 2857 472 2960 ἓῗῃῗέ]
510 2858 719 2900 nostrum
752 2869 776 2899 v
801 2857 815 2911 ΙΙ
840 2860 892 2899 21
929 2857 976 2898 et
1007 2855 1215 2899 exclama
1248 2854 1385 2898 VAF
1412 2857 1465 2907 (l.
1492 2860 1567 2909 18,
1593 2869 1626 2899 e.
1653 2858 1760 2909 29),·
1793 2856 1841 2896 et
1863 2853 1953 2923 eia.—
