2004 3140
143 967 198 1007 10

145 1335 198 1375 15

142 1703 198 1742 20

144 2071 197 2110 ⁶25

142 2438 199 2478 30

229 169 337 222 332
908 178 942 212 s.
967 178 1242 213 Anonsnm

227 295 399 358 utique
447 295 645 342 maioris
695 300 770 342 est
815 291 1020 359 gloriae,
1068 299 1251 356 quanto
1301 292 1528 342 meliores
1569 299 1686 342 sunt
1723 292 1912 358 lapides

227 369 347 433 vivi,
404 366 583 431 quibus
635 365 953 416 credentibus
1016 368 1361 431 renovatisque
1417 367 1739 416 construitur.
1818 365 1914 416 Sed

228 441 339 489 ideo
378 456 469 506 per
518 442 928 495 instaurationem
967 439 1138 505 templi
1175 439 1307 489 illius
1346 441 1618 505 significata
1658 447 1754 501 est,
1802 442 1916 506 quia

229 516 335 579 ipsa
374 516 625 564 renovatio
672 514 804 563 illius
851 514 1060 563 aedificii
1110 515 1352 578 significat
1391 514 1586 578 eloquio
1625 513 1916 579 prophetico

231 588 440 638 alterum
472 595 837 654 testamentum,
877 580 1314 653 quod‘appellatur
1345 603 1539 637 novum.
1617 588 1760 646 Quod
1799 603 1917 653 ergo

229 661 359 711 Deus
407 662 529 712 dixit
579 677 668 727 per
717 668 1046 711 memoratum
1092 661 1406 726 prophetam:
1453 663 1518 711 Et
1563 664 1694 712 dabo
1737 677 1917 725 pacem

231 739 282 784 in
322 739 431 786 loeo
479 739 591 796 iste,
639 751 730 800 per
778 735 1132 799 significantem
1180 735 1342 784 locum
1390 735 1494 800 ille,
1545 737 1628 800 qui
1669 750 1726 784 eo
1767 737 1915 801 signi-

228 809 420 876 ficatur,
443 809 806 874 intellegendus
832 815 927 875 est3
953 816 1023 874 ut,
1063 811 1175 874 quia
1207 809 1289 858 illo
1322 809 1429 858 loco
1461 811 1733 859 instaurato
1766 811 1917 874 signi-

228 883 370 932 ficata
409 890 486 933 est
533 883 761 949 ecclesia,
817 897 940 947 quae
982 883 1143 932 suerat
1182 882 1479 932 aedificanda
1518 898 1608 948 per
1648 882 1916 949 Christum,

230 956 351 1006 nihil
391 957 521 1006 aliud
570 958 862 1022 accipiatur,
909 957 1039 1021 quod
1080 956 1267 1006 dictum
1317 963 1412 1006 est:
1464 958 1608 1007 Dabo
1640 971 1824 1019 pacem
1865 959 1916 1006 in

229 1034 339 1080 loco
378 1034 486 1093 isto,
527 1032 623 1079 nisi
660 1029 816 1096 „dabo
849 1045 1021 1095 pacem
1059 1031 1109 1079 in
1149 1030 1274 1097 loco,
1314 1045 1460 1095 quem
1501 1031 1742 1095 significat
1779 1031 1919 1080 locus

233 1099 371 1154 iste“.
436 1104 678 1162 Quoniam
710 1106 872 1153 omnia
905 1105 1229 1168 significantia
1260 1104 1489 1154 videntur
1523 1103 1734 1168 quodam
1772 1104 1918 1154 modo

232 1193 403 1227 earum
443 1193 639 1244 rerum,
686 1193 808 1242 quas
849 1178 1151 1244 significant,
1204 1179 1449 1227 sustinere
1490 1193 1748 1246 personas3
1787 1180 1918 1228 sicut

230 1251 416 1301 dictum
468 1258 544 1301 est
594 1251 654 1300 ab
706 1251 948 1316 apostolo:
1002 1253 1159 1301 Petra
1209 1258 1325 1302 erat
1380 1253 1632 1312 Christus,
1689 1254 1919 1316 quoniam

231 1332 371 1391 petra
424 1325 532 1386 illa,
593 1325 652 1374 de
709 1341 805 1390 qua
858 1324 952 1374 hoc
1002 1325 1188 1375 dictum
1239 1333 1340 1392 est,
1394 1325 1700 1391 significabat
1745 1327 1918 1390 utique

236 1398 501 1448 Christum.
593 1398 748 1447 Maior
810 1405 885 1447 est
946 1401 1111 1463 itaque
1166 1398 1320 1464 gloria
1375 1399 1550 1448 domus
1604 1399 1751 1449 huius
1807 1402 1920 1448 novi

229 1474 514 1522 testamenti
577 1488 723 1537 quam
785 1472 960 1521 domus
1021 1474 1202 1537 prioris
1258 1475 1438 1522 veteris
1493 1475 1806 1539 testamenti,
1868 1481 1918 1523 et

230 1554 349 1596 tunc
389 1545 643 1611 apparebit
682 1548 837 1595 maior
870 1561 983 1595 cum
1022 1546 1343 1596 dedicabitur.
1421 1546 1560 1596 Tunc
1593 1549 1725 1596 enim
1756 1550 1921 1596 veniet

231 1623 550 1670 desideratus
605 1623 801 1670 cunctis
851 1622 1107 1681 afflatibus,
1164 1622 1292 1669 sicut
1341 1620 1521 1685 legitur
1574 1622 1623 1669 in
1680 1619 1920 1670 Hebraeo,

230 1693 351 1743 Nam
391 1695 581 1759 primus
614 1695 719 1743 eius
753 1693 989 1743 adventus
1031 1692 1246 1743 nondum
1282 1701 1386 1743 erat
1418 1694 1725 1743 desideratus
1764 1696 1917 1743 omni-

230 1767 323 1817 bus
356 1767 601 1832 gentibus,
678 1766 786 1816 Non
827 1769 958 1816 enim
998 1783 1145 1832 quem
1185 1767 1425 1817 deberent
1474 1767 1755 1817 desiderare
1797 1770 1918 1817 scie·

230 1841 374 1908 bant,
431 1843 482 1890 in
542 1856 685 1905 quem
745 1856 842 1890 non
910 1841 1236 1891 crediderant.
1337 1841 1477 1891 Tunc
1540 1843 1686 1891 etiam
1744 1857 1919 1891 secun·

230 1914 349 1964 dum
404 1916 712 1980 septuaginta
770 1916 1069 1980 interpretes
1131 1909 1270 1982 (quia
1330 1922 1378 1964 et
1438 1917 1544 1980 ipse
1599 1915 1919 1981 propheticus

231 2004 407 2038 sensus
462 1983 563 2056 est)
619 1992 819 2038 venient
868 2003 1000 2049 quae
1050 1992 1210 2038 electa
1260 1996 1379 2038 sunt
1431 1990 1636 2039 Domini
1680 1991 1742 2039 de
1796 2005 1917 2039 cun-

231 2065 325 2112 ctis
364 2064 613 2123 yentibuS.
702 2062 843 2110 Tunc
888 2064 1020 2110 enim
1063 2077 1176 2111 vere
1220 2078 1319 2111 non
1367 2065 1566 2112 venient
1613 2064 1707 2111 nisi
1746 2062 1917 2128 electa,

231 2135 290 2184 de
339 2134 519 2199 quibus
566 2135 686 2184 dicit
731 2134 1002 2199 apostolus:
1051 2136 1194 2184 Siout
1240 2138 1390 2197 elegit
1435 2151 1525 2186 nos
1564 2138 1616 2185 in
1655 2139 1760 2198 ipso
1800 2143 1921 2185 ante

230 2211 407 2258 mundi
437 2211 850 2258 constitutionem.
928 2207 1037 2272 Ipse
1071 2210 1252 2273 quippe
1293 2208 1608 2275 architectus,
1649 2211 1733 2273 qui
1773 2209 1916 2259 dixit:

232 2282 384 2331 Multi
428 2285 618 2343 vocati,
661 2285 826 2344 pauci
870 2297 988 2330 vero
1029 2285 1198 2342 electi,
1250 2297 1348 2330 non
1396 2282 1455 2331 de
1495 2282 1598 2348 his,
1637 2285 1722 2347 qui
1761 2284 1919 2332 vocati

231 2356 302 2404 sic
341 2361 606 2421 venerunt,
644 2362 700 2404 ut
738 2354 798 2403 de
839 2356 1059 2403 convivio
1099 2357 1469 2421 proicerentur,
1510 2355 1596 2405 sed
1636 2356 1695 2405 de
1747 2356 1920 2406 electis

230 2428 658 2478 demonstraturus
708 2435 785 2477 est
823 2428 1124 2478 aedificatam
1164 2429 1389 2496 domum,
1429 2445 1553 2494 quae
1595 2429 1777 2478 nullam
1816 2432 1917 2479 rui-

232 2517 343 2552 nam
376 2502 609 2567 deinceps
649 2501 943 2552 formidabit.
1019 2502 1161 2551 Nunc
1202 2509 1381 2569 autem,
1420 2503 1614 2568 quando
1656 2511 1704 2553 et
1743 2503 1793 2552 hi
1840 2519 1917 2552 re-

351 2660 394 2713 7)
433 2659 550 2716 Agg.
593 2663 639 2713 2,
685 2664 750 2704 10.
817 2660 888 2715 14)
931 2664 967 2704 1.
1010 2658 1109 2703 Cor.
1154 2664 1229 2714 10,
1271 2665 1310 2706 4.
1379 2661 1450 2716 19)
1490 2661 1609 2718 Agg.
1648 2654 1699 2718 2',
1739 2665 1780 2707 8.
1843 2660 1917 2715 27)

229 2717 347 2775 Eph.
384 2724 422 2772 1,
455 2723 495 2762 4,
559 2719 634 2774 28)
667 2718 749 2762 Mt.
785 2723 855 2774 22,
889 2723 957 2764 14.

350 2914 406 2953 20
435 2909 562 2967 prius
593 2922 619 2953 v
642 2911 658 2966 u
682 2915 737 2954 28
770 2912 927 2955 autem
958 2924 983 2955 v
