2054 3152
223 196 295 249 54
901 206 941 239 8.-
959 204 1236 240 Aueusrmr

222 320 321 369 lem
376 321 474 369 seri
529 321 633 368 siue
691 317 906 367 libidinis
961 317 1155 384 morbo,
1210 317 1295 367 sed
1351 333 1409 365 eo
1464 316 1726 366 voluntatis
1778 324 1903 366 nutu

222 399 541 442 moverentur
592 391 812 440 membra
857 391 938 440 illa
985 407 1081 456 quo
1123 398 1311 456 cetera,
1367 397 1416 439 et
1456 392 1560 439 sine
1601 390 1791 440 ardoris
1829 392 1901 439 in-

222 466 479 515 lecebroso
539 464 736 514 stimulo
801 480 912 514 cum
967 465 1317 530 tranquillitate
1375 465 1523 512 animi
1578 471 1626 512 et
1681 466 1902 529 corporis

221 539 353 588 nulla
394 540 713 603 corruptione
753 540 1048 604 integritatis
1086 538 1433 587 infunderetur
1472 539 1659 601 gremio
1700 539 1901 587 maritus

163 623 189 663 5
222 614 404 661 uxoris.
482 612 653 676 Neque
686 614 817 661 enim
858 615 970 677 quia
1010 613 1311 676 experientia
1349 610 1549 676 probari
1589 627 1688 660 non
1725 618 1904 676 potest,

219 685 332 734 ideo
367 685 668 735 credendum
700 701 799 734 non
833 693 921 751 est,
961 685 1154 749 quando
1194 684 1300 733 illas
1339 687 1561 749 corporis
1600 691 1767 749 partes
1807 699 1904 733 non

221 765 391 823 ageret
429 758 658 808 turbidus
699 759 852 825 calor,
901 759 985 809 sed
1027 765 1292 823 spontanea
1332 764 1573 825 potestaS,
1612 760 1740 807 sicut
1779 773 1903 823 opus

221 839 368 897 esset,
408 831 677 898 adhiberet,
717 835 783 882 ita
814 840 933 883 tunc
965 835 1184 898 potuisse
1217 839 1361 881 utero
1403 834 1625 896 coniugis
1665 832 1792 881 salva
1832 834 1903 880 in-

219 908 449 970 tegritate
483 907 682 954 feminei
716 907 939 970 genitalis
979 906 1116 954 virile
1159 921 1327 954 semen
1367 907 1564 971 inmitti,
1604 907 1732 955 sicut
1771 921 1902 954 nunc

135 991 189 1031 10
220 985 386 1044 potest
445 979 615 1027 eadem
674 981 954 1044 integritate
1007 979 1135 1028 salva
1186 994 1246 1028 ex
1296 985 1440 1028 utero
1491 981 1693 1044 virginis
1743 979 1904 1028 fluxus
1932 992 1943 998 ·

220 1054 465 1101 menstrui
512 1054 704 1101 cruoris
754 1054 925 1103 emitti.
1001 1052 1185 1102 Eadem
1233 1054 1413 1118 quippe
1465 1054 1539 1101 via
1578 1059 1747 1117 posset
1784 1052 1904 1101 illud

218 1126 358 1191 inici,
407 1120 502 1190 qua
549 1125 641 1174 hoc
690 1132 855 1190 potest
901 1128 1007 1176 eici.
1085 1126 1147 1176 Ut
1196 1127 1327 1175 enim
1374 1126 1432 1175 ad
1463 1125 1764 1191 (pariendum
1803 1141 1905 1175 non

221 1198 405 1247 doloris
453 1200 687 1264 gemituS,
736 1199 822 1248 sed
862 1202 1158 1250 maturitatis
1198 1199 1423 1264 inpulsus
1464 1200 1674 1248 feminea
1714 1201 1903 1248 viscera

218 1271 479 1338 relaxaret,
528 1274 597 1321 sic
646 1272 704 1321 ad
753 1273 1006 1323 fetandum
1046 1280 1093 1322 et
1134 1272 1512 1338 concipiendum
1551 1288 1649 1322 non
1689 1272 1904 1322 libidinis

133 1357 186 1396 15
220 1347 466 1410 appetitus
479 1385 493 1411 ‚
545 1345 631 1394 sed
682 1346 998 1396 voluntarius*
1034 1362 1155 1397 usus
1202 1354 1427 1396 naturam
1478 1353 1737 1410 utramque
1790 1362 1903 1396 con-

218 1421 461 1483 iungeret.
554 1418 622 1467 De
685 1419 836 1469 rebus
886 1420 1135 1485 loquimur
1197 1436 1329 1469 nunc
1378 1420 1622 1485 pudendis
1678 1427 1727 1469 et
1778 1420 1904 1486 ideo,

219 1493 454 1557 quamviS,
494 1498 758 1556 antequam
797 1509 966 1543 earum
1004 1494 1229 1559 puderet,
1269 1493 1438 1558 quales
1478 1509 1586 1543 esse
1626 1495 1905 1558 potuissent

218 1567 519 1614 coniciamus
574 1572 629 1614 ut
679 1582 943 1631 possumus
956 1608 968 1634 ,
1023 1575 1187 1617 tamen
1235 1582 1439 1616 necesse
1492 1575 1591 1633 est,
1641 1574 1696 1616 ut
1736 1574 1904 1616 nostra

219 1639 485 1703 disputatio
533 1641 685 1704 magis
726 1641 950 1690 frenetur
989 1657 1066 1707 ea,
1108 1656 1232 1705 quae
1272 1656 1362 1690 nos
1402 1647 1624 1706 revocat,
1664 1656 1902 1690 verecun-

132 1724 188 1764 20
221 1711 312 1777 dia,
354 1727 500 1776 quam
541 1712 833 1779 eloquentia,
874 1730 997 1779 quae
1038 1714 1180 1763 nobis
1220 1729 1397 1779 parum
1435 1716 1668 1779 suppetit,
1707 1714 1901 1764 adiuve-

219 1791 316 1834 tur.
377 1784 500 1834 Nam
533 1801 646 1835 cum
685 1786 735 1834 id
769 1788 900 1851 quod
931 1787 1040 1837 dico
1082 1804 1172 1837 nec
1212 1790 1308 1852 ipsi
1347 1790 1539 1852 experti
1578 1788 1776 1847 fuerint,
1818 1790 1903 1852 qui

217 1860 435 1923 experiri
466 1865 737 1924 potuerunt
770 1855 1028 1927 (quoniam
1058 1868 1451 1927 praeoccupante
1475 1867 1678 1927 peccato
1704 1861 1905 1911 exilium

217 1931 278 1980 de
309 1931 535 1996 paradiso
568 1939 680 1982 ante
721 1942 1026 1996 meruerunt,
1069 1951 1214 2000 quam
1253 1934 1347 1984 sibi
1385 1937 1437 1984 in
1475 1950 1625 2000 opere
1666 1934 1902 1983 serendae

216 2007 501 2070 propaginis
525 2007 789 2071 tranquillo
815 2007 1019 2058 arbitrio
1052 2003 1415 2075 convenirent),
1446 2023 1544 2072 quo
1577 2008 1721 2057 modo
1755 2023 1902 2073 nunc,

129 2090 184 2130 25
218 2093 331 2127 cum
370 2080 463 2127 ista
501 2088 973 2147 commemorantur,
1013 2082 1242 2132 sensibus
1282 2083 1500 2131 occurrit
1539 2081 1767 2131 humanis
1807 2080 1902 2130 nisi

219 2153 522 2216 experientia
546 2152 762 2202 libidinis
786 2155 1027 2223 turbidae,
1059 2171 1158 2205 non
1183 2157 1468 2205 coniectura
1490 2154 1707 2219 placidae
1733 2155 1901 2204 volun·

217 2221 368 2274 tatis?
436 2224 562 2275 Hinc
603 2234 679 2276 est
717 2228 849 2291 quod
887 2230 1076 2294 inpedit
1113 2229 1399 2293 loquentem
1435 2229 1618 2294 pudor,
1672 2230 1764 2278 etsi
1803 2243 1901 2277 non

217 2297 413 2347 deficiat
451 2302 575 2348 ratio
616 2302 927 2365 cogitantem.
997 2302 1180 2352 Verum
1218 2309 1382 2352 tamen
1421 2303 1748 2366 omnipotenti
1786 2301 1901 2366 Deo,

217 2386 410 2434 summo
457 2387 513 2421 ac
553 2389 742 2423 summe
782 2374 911 2424 bono
952 2378 1165 2426 creatori
1203 2377 1423 2425 omnium
1462 2383 1772 2441 naturarum,
1819 2390 1898 2423 vo-

129 2457 186 2497 30
217 2444 464 2495 luntatum
503 2453 667 2496 autem
706 2447 948 2498 bonarum
986 2451 1198 2499 adiutori
1237 2456 1286 2499 et
1323 2451 1708 2515 remuneratori,
1754 2448 1898 2497 mala-

215 2534 331 2568 rum
369 2526 534 2569 autem
569 2520 790 2571 relictori
828 2530 877 2571 et
916 2523 1214 2589 damnatori,
1253 2529 1574 2587 utrarumque
1616 2522 1899 2586 ordinatori,

216 2607 318 2641 non
350 2592 507 2642 defuit
536 2596 711 2659 utique
745 2595 1019 2663 consilium,
1058 2612 1155 2662 quo
1189 2603 1381 2646 certum
1420 2611 1682 2645 numerum
1721 2589 1899 2644 civium

214 2667 268 2714 in
308 2681 396 2715 sua
435 2669 671 2732 sapientia
710 2668 1126 2733 praedestinatum
1166 2671 1313 2719 etiam
1352 2684 1410 2718 ex
1451 2670 1677 2718 damnato
1716 2683 1896 2734 genere

215 2738 431 2788 humano
494 2756 609 2790 suae
665 2743 874 2791 civitatis
928 2743 1175 2808 impleret,
1233 2758 1330 2792 non
1390 2758 1474 2791 eos
1536 2745 1631 2792 iam
1694 2743 1897 2807 meritiS,

129 2822 184 2863 35
218 2813 412 2875 quando
453 2814 652 2878 quidem
691 2816 919 2864 universa
958 2831 1116 2865 massa
1155 2825 1401 2881 tamquam
1441 2818 1491 2863 in
1532 2818 1693 2865 vitiata
1733 2815 1896 2864 radice

218 2885 443 2934 damnata
483 2895 571 2951 est,
611 2889 696 2938 sed
737 2889 890 2952 gratia
930 2889 1215 2939 discernens
1256 2897 1304 2939 et
1343 2888 1560 2938 liberatis
1599 2904 1699 2938 non
1739 2888 1896 2937 solum
