2044 3146
584 163 651 197 DE
676 162 917 198 CIVITATE
940 165 1028 198 Dm
1051 166 1093 198 L.
1118 165 1222 198 ΧΠ.
1249 165 1285 198 c.
1310 166 1365 200 38.
1731 153 1832 205 187

142 281 246 343 psit
281 278 511 340 lapidem,
552 290 698 338 quem
736 280 998 340 supposuit
1035 280 1108 327 ibi
1142 279 1234 327 sub
1268 283 1423 341 caput
1453 292 1611 336 suum,
1653 283 1702 327 et
1730 283 1830 327 sta-

148 355 244 402 tuit
287 353 423 401 illum
462 352 658 400 titulum
707 355 755 399 et
791 350 1083 414 superfudit
1120 355 1280 401 oleum
1322 354 1370 401 in
1412 366 1656 402 cacumen
1697 354 1832 410 eius;

145 431 196 477 et
239 426 436 475 vocavit
475 424 630 474 Iacob
671 438 848 474 nomen
888 428 989 474 loci
1027 428 1186 475 illius:
1227 428 1400 475 domus
1440 426 1548 476 Dei.
1627 425 1730 475 Hoc
1771 425 1831 475 ad

144 497 452 566 prophetiam
475 500 713 563 pertinet3
753 513 844 548 nec
886 513 1021 547 more
1062 499 1314 548 idolatriae
1362 499 1572 564 lapidem
1613 499 1832 564 perfudit

145 572 251 621 oleo
277 571 435 638 Iacob,
474 571 607 621 velut
646 572 830 622 faciens
871 572 1009 621 illum
1035 572 1212 639 Deum3
1254 587 1414 637 neque
1448 575 1579 622 enim
1612 573 1829 622 adoravit
1863 582 1888 622 5

145 645 357 696 eundem
403 645 615 711 lapidem
661 644 737 695 vel
785 648 831 695 ei
878 647 1190 712 sacrificavit3
1248 646 1334 696 sed
1375 648 1606 711 quoniam
1647 646 1830 697 Christi

145 735 324 769 nomen
364 735 391 768 a
430 719 693 769 chrismate
735 727 826 786 est,
864 720 914 769 id
954 727 1030 770 est
1068 720 1128 769 ab
1162 723 1413 786 unctione,
1451 721 1675 785 profecto
1708 720 1828 785 figu-

143 800 305 843 ratum
344 799 421 842 est
458 793 539 843 hic
579 793 782 859 aliquid,
834 794 966 859 quod
1014 794 1073 843 ad
1112 809 1342 859 magnum
1382 798 1628 860 pertineat
1669 809 1827 844 sacra-

144 874 379 918 mentum.
472 867 660 917 Scalam
715 883 831 916 vero
884 869 1031 918 istam
1085 868 1388 934 intellegitur
1443 870 1548 934 ipse
1607 868 1827 917 Salvator

144 941 286 990 nobis
310 943 361 990 in
386 943 674 990 memoriam
699 956 930 991 revocare
962 943 1014 991 in
1039 942 1304 1008 evangeliO,
1343 941 1443 1007 ubi,
1484 957 1597 991 cum
1622 942 1828 992 dixisset
1865 952 1917 992 10

143 1015 202 1064 de
235 1014 523 1065 Nathanael:
563 1015 699 1065 Ecce
738 1031 856 1065 vere
894 1017 1148 1076 Israelita,
1190 1019 1241 1066 in
1280 1031 1378 1078 quo
1419 1018 1562 1065 dolus
1601 1031 1699 1066 non
1740 1022 1826 1077 est,

144 1091 259 1154 quia
296 1088 448 1138 Israel
486 1089 675 1138 viderat
722 1091 866 1139 istam
905 1091 1142 1138 visionem
1183 1085 1313 1157 (ipse
1355 1097 1430 1139 est
1470 1091 1600 1138 enim
1641 1085 1827 1157 Iacob),

144 1163 318 1212 eodem
355 1162 462 1211 loco
502 1164 590 1212 ait:
631 1164 801 1225 Amen,
835 1178 994 1223 amen,
1035 1165 1150 1213 dico
1183 1165 1333 1223 vobis,
1374 1164 1605 1213 videbitis
1630 1167 1826 1213 caelum

143 1242 372 1299 apertum
405 1242 455 1286 et
485 1240 690 1298 anyelos
715 1237 814 1287 Dei
842 1239 1171 1288 ascendentes
1203 1243 1253 1287 et
1284 1239 1642 1287 descendentes
1673 1252 1828 1300 super

137 1313 297 1370 filium
335 1312 560 1360 hominis.
1864 1320 1917 1361 15

291 1384 520 1434 Perrexit
558 1400 676 1449 ergo
715 1384 859 1434 Iacob
899 1386 950 1433 in
989 1384 1412 1449 Mesopotamiam,
1452 1391 1507 1433 ut
1547 1385 1660 1433 inde
1703 1387 1826 1434 acci-

143 1465 284 1523 peret
321 1473 540 1508 uxorem.
604 1458 742 1508 Unde
784 1465 948 1508 autem
987 1457 1055 1507 illi
1095 1458 1331 1508 acciderit
1370 1465 1604 1523 quattuor
1643 1458 1825 1508 habere

144 1533 372 1598 feminaS,
427 1533 487 1582 de
536 1532 717 1597 quibus
765 1531 1024 1582 duodecim
1071 1532 1197 1581 filios
1245 1538 1295 1581 et
1341 1546 1490 1582 unam
1528 1531 1676 1581 filiam
1715 1548 1826 1597 pro-

145 1608 352 1670 creavit,
408 1621 521 1668 cum
570 1621 740 1656 earum
787 1605 970 1655 nullam
1018 1608 1334 1671 concupisset
1380 1605 1590 1671 inlicite,
1644 1606 1827 1655 indicat

144 1681 391 1744 scriptura
437 1679 612 1729 divina.
690 1679 762 1728 Ad
810 1695 958 1729 unam
1005 1681 1187 1744 quippe
1228 1679 1563 1744 accipiendam
1603 1688 1824 1745 venerat3
1861 1690 1916 1730 20

144 1753 230 1803 sed
270 1767 384 1802 cum
416 1753 487 1802 illi
519 1753 671 1802 altera
705 1752 818 1818 [pro
844 1752 1018 1815 altera]
1047 1754 1302 1818 supposita
1326 1754 1515 1819 fuisset,
1555 1768 1646 1802 nec
1672 1755 1829 1818 ipsam

143 1827 347 1892 dimisit,
402 1842 498 1891 qua
542 1828 770 1877 nesciens
819 1842 939 1876 usus
987 1827 1149 1876 fuerat
1195 1828 1246 1875 in
1293 1833 1461 1892 nocte,
1512 1841 1573 1875 ne
1614 1826 1826 1876 ludibrio

144 1915 250 1949 eam
290 1899 542 1950 videretur
580 1900 835 1966 habuisse,
882 1907 931 1950 et
969 1915 1028 1950 eo
1067 1906 1317 1967 tempore,
1358 1899 1552 1965 quando
1593 1899 1826 1964 multipli-

144 1973 327 2023 candae
366 1975 669 2038 posteritatis
709 1989 855 2024 causa
894 1973 1063 2039 plures
1102 1989 1283 2023 uxores
1324 1974 1402 2023 lex
1433 1973 1565 2023 nulla
1595 1973 1825 2038 prohibe-

142 2047 239 2113 bat,
278 2049 467 2113 accepit
506 2050 653 2097 etiam
692 2047 837 2114 illam,
877 2049 958 2097 cui
997 2046 1084 2097 uni
1115 2049 1211 2096 iam
1243 2048 1401 2097 futuri
1433 2049 1648 2111 coniugii
1681 2047 1826 2100 fidem
1859 2056 1915 2096 25

142 2122 340 2171 fecerat.
419 2120 554 2179 Quae
594 2137 706 2171 cum
747 2128 878 2171 esset
918 2121 1124 2187 steriliS,
1164 2121 1388 2171 ancillam
1428 2136 1590 2186 suam,
1631 2121 1689 2169 de
1731 2136 1826 2186 qua

142 2195 267 2244 filios
290 2197 397 2260 ipsa
428 2197 720 2261 susciperet,
752 2197 929 2245 marito
962 2195 1119 2259 dedit3
1161 2195 1292 2260 quod
1325 2197 1472 2245 etiam
1497 2196 1652 2244 maior
1685 2209 1826 2243 soror

144 2270 272 2335 eiuS,
327 2271 547 2334 quamvis
593 2271 896 2334 peperisset,
950 2270 1158 2334 imitata,
1212 2271 1442 2334 quoniam
1499 2268 1825 2333 multiplicare

143 2342 332 2406 prolem
386 2342 637 2409 cupiebat,
693 2344 868 2392 effecit.
960 2342 1152 2392 Nullam
1207 2341 1351 2391 Iacob
1406 2341 1587 2406 legitur
1640 2343 1824 2406 petisse

143 2423 340 2480 praeter
378 2431 542 2481 unam,
581 2432 673 2466 nec
713 2432 834 2466 usus
871 2416 1098 2482 plurimis
1138 2417 1234 2465 nisi
1265 2415 1536 2480 gignendae
1568 2414 1720 2480 prolis
1753 2415 1826 2463 of·
1858 2425 1913 2464 30

261 2544 304 2598 3)
337 2542 448 2588 Gen.
481 2548 552 2599 28,
588 2548 642 2587 10
675 2558 774 2599 sqq.
839 2546 910 2599 15)
943 2542 1006 2587 Io.
1046 2549 1082 2596 1,
1115 2547 1170 2586 47
1206 2557 1304 2598 sqq.

265 2722 289 2760 1
320 2716 387 2761 ibi
426 2717 588 2763 VAb²v
603 2735 619 2772 ;
650 2719 741 2764 sibi
763 2719 950 2763 RParr.
976 2719 1070 2764 rell.
1096 2720 1112 2775 ss
1136 2719 1220 2763 sub
1255 2717 1531 2762 VAFParr.
1547 2734 1563 2771 ,·
1595 2731 1731 2774 super
1754 2717 1825 2771 R;

145 2774 206 2818 ad
234 2788 259 2818 v
283 2777 298 2831 ss
322 2788 456 2819 suum
486 2790 568 2822 om.
600 2792 626 2822 v
656 2779 673 2835 ΙΙ
704 2784 729 2822 2
762 2778 810 2822 in
841 2778 1032 2822 titulum
1062 2791 1088 2821 v
1119 2779 1134 2833 11
1168 2782 1219 2820 11
1255 2777 1548 2821 Nathanaele
1578 2791 1604 2820 v
1628 2780 1644 2833 [Ι
1672 2782 1723 2820 12
1756 2779 1829 2821 est

144 2845 227 2877 om.
268 2833 312 2876 V
335 2835 351 2890 ΙΙ
384 2839 436 2878 19
469 2836 817 2893 concupisceret
847 2851 870 2881 v
909 2839 924 2893 u
963 2841 1016 2880 21
1051 2850 1134 2893 pro
1167 2836 1315 2880 altera
1346 2849 1428 2881 om.
1474 2835 1556 2879 VR
1579 2837 1595 2891 Η
1628 2840 1681 2879 22
1716 2835 1826 2890 quia.

155 2891 279 2948 VFu
302 2897 357 2936 27
390 2892 537 2938 filium
566 2894 612 2939 R
