2004 3140
203 139 312 192 540
882 149 915 182 S.
947 148 1224 183 Aueustrnss

203 267 352 325 quasi
381 279 479 326 per
520 259 720 325 ignem?
789 261 945 318 Simul
985 263 1095 326 quis
1135 264 1226 312 iste
1268 264 1346 326 sit,
1385 264 1714 329 inquiramus3
1753 263 1887 312 hunc

204 344 367 387 tamen
407 352 506 385 non
547 352 655 386 esse
696 338 1029 385 certissimum
1070 343 1159 402 est,
1199 351 1259 385 ne
1300 336 1511 386 duorum
1552 336 1886 402 apostolorum

204 413 472 460 sententias
504 412 756 460 mittamus
788 412 839 459 in
871 411 1041 476 rixam,
1081 412 1123 459 si
1156 425 1284 459 unus
1317 410 1456 460 dicit:
1493 410 1731 478 „Etiamsi
1762 410 1886 459 mala

202 499 352 549 opera
392 486 502 549 quis
542 483 786 550 habuerit,
825 483 1028 532 salvabit
1067 499 1180 533 eum
1219 499 1308 548 per
1346 486 1509 549 ignem
1550 480 1725 550 fides“;
1766 484 1888 533 alius

144 568 170 608 5
203 565 389 608 autem:
429 559 489 607 Sz'
525 573 681 622 opera
720 573 821 607 non
859 559 1066 624 habeat,
1118 560 1364 619 numquid
1393 561 1586 620 poterit
1617 561 1747 618 fides
1785 561 1885 608 sal-

201 647 326 682 vare
365 630 512 682 eum?

349 705 661 756 Inveniemus
717 721 834 770 ergo
890 707 1000 770 quis
1051 708 1209 771 possit
1248 705 1422 754 salvari
1462 720 1552 770 per
1602 706 1790 770 ignem,
1845 706 1887 752 si

200 782 340 845 prius
390 782 725 830 invenerimus
773 779 890 844 quid
939 781 1002 829 sit
1049 779 1231 829 habere
1278 781 1329 828 in
1376 779 1694 828 fundamento
1747 777 1884 828 Chri-

203 860 347 903 stum.
427 854 568 912 Quod
615 861 670 903 ut
716 853 775 902 de
823 855 928 918 ipsa
977 850 1297 903 similitudine
1337 855 1630 918 quantocius
1670 852 1888 901 adverta-

115 939 168 978 10
201 943 333 977 mus:
382 928 501 976 nihil
548 930 599 976 in
651 928 871 976 aedificio
923 930 1244 992 praeponitur
1283 927 1625 993 fundament03
1665 927 1888 991 quisquis

200 1003 365 1066 itaque
407 1004 477 1050 sic
510 1001 657 1051 habet
688 1003 739 1050 in
773 1001 920 1050 corde
955 1001 1221 1068 Christum,
1260 1009 1316 1051 ut
1356 1003 1401 1050 ei
1440 1008 1639 1050 terrena
1678 1007 1727 1050 et
1765 1007 1886 1049 tem-

198 1075 385 1140 poralia
439 1091 531 1124 nec
587 1091 644 1124 ea
706 1091 830 1139 quae
887 1075 1021 1125 licita
1083 1082 1199 1125 sunt
1259 1082 1406 1140 atque
1461 1089 1696 1124 concessa
1748 1088 1888 1139 prae·

198 1156 363 1216 ponat,
403 1149 778 1199 fundamentum
816 1148 966 1199 habet
1006 1149 1280 1215 Christum,
1328 1151 1370 1199 si
1409 1155 1572 1198 autem
1612 1149 1887 1214 praeponit,

200 1224 293 1271 etsi
342 1223 563 1272 videatur
609 1222 792 1273 habere
839 1223 985 1272 fidem
1027 1223 1231 1290 Christi,
1283 1239 1381 1272 non
1421 1230 1496 1272 est
1534 1229 1699 1272 tamen
1738 1224 1789 1270 in
1829 1236 1887 1270 eo

113 1306 166 1346 15
200 1296 576 1346 fundamentum
631 1296 888 1362 ChristuS,
950 1299 1032 1347 cui
1083 1297 1198 1347 talia
1251 1303 1647 1362 praeponuntur3
1702 1302 1886 1360 quanto

199 1372 367 1436 magiS,
399 1372 441 1419 si
473 1370 703 1420 salutaria
735 1378 998 1436 praecepta
1031 1378 1352 1421 contemnens
1385 1371 1658 1420 committat
1688 1368 1888 1434 inlicita,

198 1459 298 1493 non
335 1446 682 1509 praeposuisse
723 1443 996 1511 Christum,
1046 1445 1134 1494 sed
1180 1445 1519 1511 postposuisse
1561 1444 1887 1509 convincitur,

199 1532 345 1582 quem
378 1517 663 1582 posthabuit
694 1520 1019 1583 imperantem
1059 1521 1159 1568 sive
1204 1518 1574 1584 concedentem,
1613 1517 1731 1566 dum
1771 1531 1884 1566 con-

199 1597 273 1640 tra
325 1593 433 1640 eius
482 1594 722 1657 imperata
773 1594 874 1641 sive
923 1608 1157 1642 concessa
1205 1607 1344 1642 suam
1392 1606 1483 1657 per
1529 1591 1710 1656 flagitia
1757 1589 1886 1639 dele-

109 1675 164 1714 20
197 1666 268 1729 git
314 1665 511 1729 explere
564 1665 840 1715 libidinem!
897 1666 949 1716 Si
1003 1668 1114 1732 quis
1162 1668 1326 1731 itaque
1379 1666 1686 1714 Christianus
1734 1663 1891 1728 diligit

197 1741 511 1788 meretricem
560 1741 704 1804 eique
753 1739 1026 1789 adhaerens
1072 1756 1227 1790 unum
1275 1755 1456 1805 corpus
1504 1739 1739 1805 efficitur,
1792 1739 1888 1787 iam

193 1813 247 1861 in
295 1812 615 1862 fundamento
664 1829 763 1862 uon
810 1813 957 1864 habet
1004 1813 1269 1864 Christum.
1348 1813 1400 1862 Si
1447 1815 1557 1878 quis
1606 1818 1771 1861 autem
1818 1811 1887 1860 di·

196 1885 303 1950 ligit
347 1902 554 1936 uxorem
604 1902 770 1954 suam,
818 1890 859 1936 si
907 1888 1180 1937 secundum
1229 1887 1507 1953 Christum,
1555 1888 1666 1950 quis
1707 1888 1752 1934 ei
1799 1885 1886 1934 du·

196 1959 321 2008 bitet
365 1961 416 2009 in
464 1961 782 2011 fundamento
839 1977 948 2011 esse
1004 1958 1290 2012 Christum?
1348 1963 1389 2010 si
1443 1975 1563 2009 vero
1615 1958 1888 2009 secundum

108 2043 163 2082 25
195 2033 290 2082 hoc
339 2034 611 2100 saeculum,
658 2037 699 2084 si
740 2036 1024 2102 carnaliter,
1075 2037 1118 2084 si
1163 2037 1214 2084 in
1254 2034 1426 2083 morbo
1467 2034 1886 2098 concupiscentia-

197 2121 331 2172 rum,
389 2109 518 2157 sicut
575 2116 625 2157 et
682 2116 855 2173 gentes
911 2124 1034 2173 quae
1088 2111 1317 2174 ignorant
1363 2108 1542 2174 Deum,
1594 2109 1740 2156 etiam
1794 2106 1887 2154 hoc

197 2181 470 2230 secundum
521 2183 713 2231 veniam
764 2182 992 2232 concedit
1037 2180 1310 2248 apostolt1S,
1364 2184 1513 2230 immo
1564 2196 1655 2246 per
1695 2186 1886 2245 aposto·

195 2252 298 2302 lum
343 2253 583 2304 Christus,
648 2255 819 2304 Potest
861 2271 978 2320 ergo
1024 2262 1073 2305 et
1114 2258 1208 2304 iste
1255 2257 1307 2303 in
1346 2254 1665 2304 fundamento
1705 2253 1885 2303 habere
1957 2246 1970 2257 ⁴

198 2325 463 2376 Christum.
544 2327 594 2376 Si
648 2330 778 2378 enim
818 2328 939 2377 nihil
979 2331 1024 2378 ei
1063 2329 1172 2378 talis
1212 2329 1484 2377 affectionis
1524 2327 1886 2392 voluptatisque

109 2411 165 2449 30
196 2409 490 2467 praeponat,
537 2404 757 2466 quamvis
798 2402 1175 2466 superaedificet
1214 2402 1366 2468 ligna,
1405 2402 1600 2467 fenum,
1640 2400 1885 2466 stipulam,

198 2472 423 2523 Christus
474 2482 550 2524 est
597 2475 997 2542 fundamentum,
1043 2483 1247 2541 propter
1294 2475 1387 2524 hoc
1444 2475 1605 2525 salvus
1655 2477 1750 2523 erit
1795 2488 1886 2539 per

316 2587 358 2642 1)
392 2591 430 2629 1.
465 2586 564 2631 Cor.
598 2593 638 2643 3,
674 2592 741 2632 15.
805 2590 880 2643 21)
914 2594 950 2633 1.
988 2587 1087 2632 Cor.
1123 2593 1171 2645 6,
1207 2593 1274 2632 16.
1339 2590 1413 2644 23)
1446 2587 1562 2644 Eph.
1597 2591 1637 2643 5,
1670 2591 1740 2631 25.
1805 2587 1879 2641 26)

197 2649 236 2687 1.
270 2644 430 2689 Thess.
465 2650 507 2701 4,
540 2651 579 2691 5.

222 2880 243 2923 t
314 2825 339 2863 9
373 2821 433 2923 dj
462 2835 544 2866 om.
577 2821 622 2866 R
645 2824 660 2878 ΙΙ
687 2828 738 2866 11
771 2824 824 2866 ut
853 2836 945 2867 non
980 2822 1023 2867 ei
1046 2823 1089 2866 A
1114 2824 1129 2879 ΙΙ
1155 2826 1208 2866 18
1241 2824 1347 2879 post
1376 2823 1491 2866 haec
1523 2822 1690 2866 habuit
1719 2821 1762 2865 A
1787 2822 1802 2878 ΙΙ
1826 2825 1882 2865 26

194 2891 218 2922 e
273 2892 353 2924 om.
