2004 3140
98 953 151 992 10

97 1322 149 1362 15

95 1692 150 1731 20

95 2062 150 2101 25

97 2431 152 2469 30

187 153 297 207 614
855 165 889 197 s.
922 164 1197 199 AUGUSTINI

186 277 415 326 admonet
478 293 591 326 eum
653 293 775 342 quae
840 293 1037 327 sursum
1094 286 1209 328 sunt
1263 283 1449 344 sapere.
1539 280 1694 328 Porro
1750 282 1872 330 mira

184 351 453 417 mobilitaS,
501 367 625 416 quae
673 351 866 415 linguae
908 367 962 400 ac
1004 352 1229 401 manibus
1269 353 1516 403 adtributa
1556 360 1652 420 est,
1705 354 1764 402 ad
1803 354 1872 403 lo-

186 425 436 489 quendum
470 432 518 474 et
551 425 866 474 scribendum
893 431 1002 490 apta
1034 431 1179 490 atque
1213 429 1511 477 conveniens
1544 434 1593 476 et
1625 428 1683 476 ad
1717 443 1866 492 opera

184 500 365 548 artium
403 498 727 563 plurimarum
769 500 1143 564 officiorumque
1185 499 1494 567 complenda,
1546 517 1707 550 nonne
1749 503 1867 551 satis

183 572 420 638 ostendit,
467 573 597 637 quali
644 575 830 622 animae
878 581 934 622 ut
981 575 1189 623 serviret
1234 574 1329 622 tale
1371 576 1434 623 sit
1474 590 1654 639 corpus
1695 574 1863 624 adiun-

184 644 354 696 ctum?
401 642 716 711 quamquam'
744 654 793 696 et
833 647 1065 696 detractis
1105 647 1483 697 necessitatibus
1524 649 1759 713 operandi
1798 651 1862 698 ita

183 722 403 770 omnium
434 724 648 785 partium
682 723 1002 786 congruentia
1036 737 1298 770 numerosa
1339 724 1401 770 sit
1441 729 1489 771 et
1527 722 1733 787 pulchra
1773 722 1868 772 sibi

181 794 789 862 parilitate‘respondeat,
836 802 891 844 ut
938 797 1129 844 nescias
1179 801 1347 844 utrum
1397 797 1448 844 in
1499 812 1557 844 eo
1610 796 1864 845 condendo

182 870 337 917 maior
370 870 432 917 sit
465 870 689 918 utilitatis
722 868 885 917 habita
918 870 1043 917 ratio
1078 885 1223 933 quam
1264 870 1471 919 decoris,
1551 869 1696 919 Certe
1737 872 1870 919 enim

184 942 305 991 nihil
354 943 576 992 videmus
628 951 848 992 creatum
897 945 948 991 in
988 958 1195 1007 corpore
1246 944 1472 992 utilitatis
1521 959 1688 1010 causa,
1738 944 1870 1008 quod

183 1032 282 1065 non
328 1016 505 1065 habeat
556 1018 703 1066 etiam
753 1017 945 1066 decoris
997 1017 1174 1066 locum.
1251 1017 1368 1066 Plus
1417 1024 1581 1066 autem
1629 1017 1771 1066 nobis
1823 1017 1873 1066 id

183 1097 457 1157 appareret,
500 1093 542 1139 si
582 1106 815 1140 numeros
856 1105 1223 1156 mensurarum,
1266 1090 1445 1155 quibus
1485 1093 1616 1140 inter
1660 1107 1712 1140 se
1753 1107 1870 1140 cun-

183 1171 261 1214 cta
302 1180 485 1213 conexa
518 1173 634 1214 sunt
666 1171 715 1213 et
747 1170 983 1230 coaptata,
1024 1180 1304 1230 nossemus3
1346 1181 1470 1229 quos
1511 1166 1716 1214 forsitan
1756 1165 1867 1214 data

183 1254 332 1303 opera
364 1240 414 1286 iu
447 1239 538 1305 his,
577 1254 701 1303 quae
735 1240 854 1287 foris
895 1241 1128 1304 eminent,
1166 1238 1379 1287 humana
1417 1245 1586 1303 posset
1624 1240 1866 1303 vestigare

183 1312 419 1378 sollertia;
469 1328 592 1377 quae
639 1328 755 1361 vero
806 1319 938 1361 tecta
984 1319 1100 1361 sunt
1148 1319 1196 1361 et
1235 1328 1262 1361 a
1301 1314 1484 1361 nostris
1525 1319 1713 1361 remota
1753 1328 1866 1361 con-

184 1386 451 1452 spectibuS,
492 1388 639 1435 sicuti
671 1393 745 1455 est
785 1393 919 1435 tanta
957 1385 1254 1450 perplexitas
1294 1400 1531 1435 venarum
1571 1393 1716 1450 atque
1757 1402 1868 1435 ner-

182 1475 356 1509 vorum
397 1468 446 1508 et
484 1462 744 1526 viscerum,
786 1467 977 1508 secreta
1014 1459 1257 1519 vitalium,
1298 1461 1519 1508 invenire
1561 1460 1724 1509 nullus
1764 1466 1870 1524 pot-

183 1539 271 1582 est.
358 1533 482 1591 Quia
541 1535 631 1582 etsi
693 1533 998 1582 medicorum
1049 1533 1299 1597 diligentia
1354 1533 1587 1582 nonnulla
1642 1533 1871 1600 crudeliS,

183 1623 308 1671 quos
364 1609 662 1656 anatomicos
716 1607 991 1674 appellant,
1044 1607 1242 1656 laniavit
1296 1623 1503 1672 corpora
1558 1613 1869 1656 mortuorum

185 1683 284 1730 sive
326 1683 474 1730 etiam
512 1683 642 1730 inter
690 1696 863 1730 manus
904 1683 1116 1730 secantis
1155 1683 1616 1745 perscrutantisque
1657 1682 1869 1730 morien-

183 1757 307 1804 tium
356 1762 502 1820 atque
550 1757 602 1803 in
657 1754 887 1804 carnibus
942 1755 1170 1804 humanis
1227 1757 1345 1804 satis
1394 1755 1657 1804 inhumane
1709 1754 1872 1804 abdita

183 1835 362 1878 cuncta
402 1831 576 1878 rimata
609 1837 698 1894 est,
738 1836 793 1877 ut
838 1829 956 1893 quid
996 1836 1045 1878 et
1084 1844 1181 1893 quo
1222 1829 1366 1877 modo
1408 1827 1588 1892 quibus
1627 1828 1748 1877 locis
1788 1844 1871 1877 cu-

182 1903 391 1952 randum
444 1909 576 1952 esset
626 1903 925 1952 addisceret:
973 1917 1207 1952 numeros
1255 1910 1420 1951 tamen
1467 1903 1527 1951 de
1577 1901 1756 1966 quibus
1802 1901 1869 1950 lo-

185 1992 325 2043 quor,
366 1975 546 2040 quibus
579 1978 837 2042 coaptatio,
879 1992 1004 2040 quae
1044 1971 1257 2042 ἁρμονία
1289 1975 1473 2025 Graece
1514 1975 1709 2042 dicitur,
1749 1982 1868 2024 tam-

186 2065 332 2114 quam
365 2051 621 2099 cuiusdam
645 2052 830 2115 organi,
863 2052 1171 2099 extrinsecus
1205 2057 1350 2114 atque
1384 2051 1684 2098 intrinsecus
1717 2051 1869 2098 totius

184 2126 408 2188 corporis
449 2131 663 2190 constat,
703 2124 820 2187 quid
862 2123 1042 2189 dicam,
1082 2139 1226 2172 nemo
1266 2123 1416 2172 valuit
1454 2125 1703 2188 invenire,
1744 2138 1869 2187 quos

183 2213 327 2245 nemo
369 2212 517 2246 ausus
557 2203 632 2245 est
672 2194 948 2261 quaerere?
988 2199 1072 2261 qui
1111 2199 1153 2245 si
1192 2199 1295 2246 noti
1335 2212 1444 2245 esse
1484 2199 1778 2263 potuissent,
1817 2198 1867 2245 in

182 2270 504 2319 interioribus
546 2286 741 2334 quoque
775 2270 1062 2336 visceribuS,
1102 2285 1226 2334 quae
1267 2269 1456 2318 nullum
1496 2276 1747 2319 ostentant
1785 2269 1867 2318 de-

184 2359 297 2404 cUS,
347 2346 415 2393 ita
463 2343 729 2392 delectaret
776 2343 1090 2408 pulchritudo
1131 2345 1361 2409 rationis,
1415 2349 1472 2392 ut
1510 2345 1643 2391 omni
1683 2343 1866 2392 formae

185 2419 464 2483 apparenti,
513 2433 636 2482 quae
678 2416 833 2466 oculis
872 2417 1057 2482 placet,
1104 2419 1260 2481 ipsius
1300 2418 1505 2484 mentiS,
1547 2431 1669 2481 quae
1711 2416 1868 2466 oculis

182 2493 370 2557 utitur,
431 2492 769 2556 praeferretur
829 2490 1047 2540 arbitrio.
1137 2490 1263 2539 Sunt
1324 2506 1439 2539 vero
1502 2490 1741 2554 quaedam
1801 2492 1868 2539 ita

181 2566 342 2629 posita
381 2567 432 2613 in
473 2580 702 2630 corpore,
754 2572 809 2613 ut
849 2565 1185 2614 tantummodo
1226 2565 1458 2613 decorem
1496 2563 1728 2629 habeant,
1768 2579 1867 2612 non

183 2644 233 2686 et
271 2653 439 2704 usum3
487 2640 617 2687 sicut
663 2637 811 2687 habet
850 2645 1024 2702 pectus
1063 2638 1201 2686 virile
1242 2637 1503 2703 mamillaS,
1550 2639 1679 2686 sicut
1716 2637 1866 2686 facies

184 2710 401 2776 barbam,
442 2727 589 2775 quam
628 2727 727 2761 non
768 2727 876 2760 esse
918 2714 1245 2777 munimento,
1286 2711 1371 2759 sed
1410 2710 1538 2759 virili
1577 2716 1864 2759 ornamento

309 2901 359 2939 17
393 2896 572 2940 uiscera
603 2897 647 2940 R
