2004 3140
140 553 167 592 5

117 921 170 962 10

117 1289 169 1330 15

113 1655 168 1695 20

115 2024 170 2064 25

114 2392 172 2432 30

202 122 309 175 570
869 130 903 164 S.
928 130 1206 164 Anons'rnn

202 246 359 312 gressi
400 252 516 293 sunt
555 242 753 308 medici,
792 250 1029 307 parantur
1069 245 1230 292 omnia
1271 258 1395 308 quae
1435 242 1556 292 hora
1594 242 1675 291 illa
1713 258 1883 308 posce-

201 320 298 385 bat,
338 317 590 367 tremenda
639 317 936 366 ferramenta
974 317 1298 381 proferuntur
1337 317 1569 366 adtonitis
1609 318 1884 381 suspensis-

203 408 298 458 que
339 390 581 440 omnibus,
657 390 741 440 Eis
782 398 972 452 autem,
1014 406 1224 454 quorum
1265 397 1370 440 erat
1409 393 1564 440 maior
1604 392 1886 456 auctoritaS,

202 467 449 516 defectum
513 466 660 514 animi
723 466 829 513 eius
893 463 1188 513 consolando
1245 464 1549 529 erigentibus
1601 465 1659 514 ad
1711 479 1885 514 manus

202 541 387 590 secturi
436 538 655 588 membra
702 540 751 586 in
804 538 986 587 lectulo
1035 545 1419 604 componuntur,
1467 537 1723 588 solvuntur
1770 538 1886 587 nodi

200 615 599 679 ligamentorum,
647 612 862 661 nudatur
908 612 1046 661 locus
1059 652 1074 678 ,
1119 613 1320 676 inspicit
1369 611 1591 661 medicus
1630 620 1680 661 et
1719 628 1885 661 secan-

201 689 317 738 dum
357 686 494 736 illum
535 689 695 735 sinum
738 693 953 735 armatus
993 693 1139 750 atque
1179 688 1400 735 intentus
1439 687 1660 750 inquirit.
1739 686 1886 735 Scru-

202 768 333 811 tatur
374 760 530 809 oculis
570 761 834 825 digitisque
887 766 1183 826 contrectat,
1231 766 1437 824 temptat
1476 759 1689 824 denique
1729 760 1887 809 modis

201 834 456 891 omnibus:
502 862 562 868 —
606 836 792 883 invenit
824 835 1154 883 firmissimam
1194 835 1489 883 cicatricem.
1566 833 1665 882 Iam
1705 833 1887 884 laetitia

203 909 279 958 illa
333 915 381 957 et
432 908 536 957 laus
585 914 731 972 atque
782 910 1050 972 gratiarum
1105 909 1230 956 actio
1279 907 1589 956 misericordi
1636 914 1684 957 et
1733 909 1887 956 omni-

202 983 393 1048 potenti
447 982 578 1048 De0,
634 996 757 1046 quae
813 982 920 1031 fusa
976 988 1051 1030 est
1101 997 1186 1030 ore
1242 983 1461 1030 omnium
1515 980 1886 1030 lacrimantibus

201 1056 405 1122 gaudiiS,
444 1071 543 1104 non
577 1062 653 1104 est
684 1055 1032 1104 committenda
1065 1057 1187 1104 meis
1220 1055 1404 1122 verbis3
1445 1057 1690 1120 cogitetur
1722 1057 1886 1120 potius

202 1146 345 1195 quam
388 1129 593 1178 dicatur.

349 1203 404 1252 In
461 1203 631 1252 eadem
686 1201 978 1267 Carthagine
1033 1202 1341 1269 Innocentia,
1396 1203 1763 1268 religiosissima
1819 1203 1886 1252 fe-

204 1280 359 1342 mina,
409 1277 467 1326 de
514 1278 761 1341 primariis
808 1278 964 1342 ipsius
1012 1278 1221 1326 civitatis
1235 1316 1247 1342 ,
1298 1279 1348 1325 in
1395 1277 1607 1326 mamilla
1653 1292 1888 1326 cancrum

203 1350 432 1417 habebat,
487 1366 615 1416 rem,
671 1352 799 1399 sicut
853 1349 1031 1399 medici
1079 1351 1273 1416 dicunt,
1325 1350 1471 1399 nullis
1518 1351 1888 1400 medicamentis

204 1424 484 1474 sanabilem.
560 1424 657 1472 Aut
697 1439 814 1488 ergo
846 1423 1065 1488 praecidi
1104 1423 1229 1472 solet
1269 1432 1317 1472 et
1357 1439 1382 1473 a
1422 1439 1629 1489 corpore
1671 1426 1888 1490 separari

203 1498 478 1547 membrum
530 1497 615 1546 ubi
666 1499 907 1563 nascitur,
954 1504 1062 1563 aut,
1111 1504 1165 1546 ut
1212 1497 1459 1562 aliquanto
1507 1498 1693 1547 diutius
1741 1498 1886 1548 homo

202 1575 353 1638 vivat,
400 1579 564 1621 tamen
612 1571 725 1620 inde
774 1577 932 1619 morte
974 1570 1241 1634 quamlibet
1279 1571 1467 1620 tardius
1508 1571 1761 1638 adfutura,
1813 1588 1887 1622 sc·

205 1645 420 1695 cundum
452 1644 764 1710 Hippocratis
799 1650 855 1693 ut
895 1645 1062 1693 ferunt
1101 1647 1395 1694 sententiam
1435 1647 1593 1694 omnis
1633 1652 1708 1695 est
1748 1647 1887 1695 omit-

205 1719 350 1768 tenda
401 1720 604 1768 curati0.
681 1718 786 1767 Hoc
832 1717 912 1767 illa
961 1733 986 1766 a
1036 1720 1197 1783 perito
1245 1719 1435 1768 medico
1477 1726 1526 1768 et
1564 1735 1680 1769 suae
1721 1719 1888 1770 domui

206 1793 581 1842 familiarissimo
615 1798 872 1857 acceperat
902 1799 952 1840 et
985 1791 1042 1840 ad
1076 1792 1233 1841 solum
1266 1792 1423 1841 Deum
1455 1808 1508 1842 se
1548 1793 1732 1842 orando
1773 1809 1886 1842 con-

204 1873 431 1916 verterat.
508 1866 813 1915 Admonetur
861 1867 911 1914 in
952 1868 1137 1915 somnis
1176 1868 1538 1931 propinquante
1577 1867 1786 1934 Pascha,
1833 1874 1890 1916 ut

203 1944 254 1988 in
292 1947 431 2005 parte
472 1940 765 1988 feminarum
805 1938 1086 1988 observanti
1125 1940 1183 1988 ad
1222 1939 1582 2007 baptisterium,
1622 1956 1886 2005 quaecum-

205 2029 299 2078 que
347 2013 415 2062 illi
461 2012 702 2078 baptizata
740 2014 969 2077 primitus
1010 2016 1336 2080 occurrisset,
1385 2016 1602 2078 signaret
1640 2016 1686 2063 ei
1724 2014 1888 2064 locum

202 2089 340 2151 signo
390 2086 586 2135 Christi.
663 2086 825 2152 Fecit,
871 2093 920 2136 et
971 2087 1232 2137 confestim
1271 2089 1452 2136 sanitas
1493 2095 1756 2137 consecuta
1797 2095 1886 2138 est.

201 2160 419 2208 Medicus
452 2175 583 2226 sane,
623 2162 708 2223 qui
740 2162 786 2208 ei
825 2159 1014 2208 dixerat
1054 2167 1108 2209 ut
1147 2160 1268 2209 nihil
1308 2163 1576 2210 curationis
1616 2161 1887 2228 adhiberet,

203 2235 244 2282 si
283 2233 426 2297 paulo
459 2233 645 2281 diutius
684 2232 828 2281 vellet
867 2234 1044 2299 vivere,
1084 2248 1197 2282 cum
1235 2235 1533 2298 inspexisset
1571 2250 1677 2284 eam
1715 2241 1887 2300 postea

204 2313 253 2355 et
299 2307 605 2355 sanissimam
644 2307 989 2372 comperisset,
1037 2321 1181 2370 quam
1227 2308 1366 2371 prius
1405 2307 1586 2357 habere
1624 2308 1742 2358 illud
1786 2323 1887 2358 ma-

205 2380 305 2428 lum
344 2379 427 2428 tali
466 2381 773 2444 inspectione
807 2387 1115 2446 cognoverat,
1155 2382 1394 2444 quaesivit
1432 2380 1491 2429 ab
1532 2397 1588 2430 ea
1626 2382 1884 2431 vehemen-

204 2461 280 2502 ter
321 2452 436 2518 quid
470 2452 774 2502 adhibuisset
806 2454 1089 2513 curationis,
1130 2455 1350 2520 cupienS,
1391 2462 1628 2518 quantum
1667 2455 1886 2520 intellegi

204 2527 362 2592 datur,
402 2542 544 2575 nosse
579 2525 1003 2587 medicamentum,
1044 2542 1140 2591 quo
1174 2526 1485 2592 Hippocratis
1525 2529 1743 2578 definitio
1782 2531 1886 2577 vin-

205 2607 417 2650 ceretur.
496 2599 716 2664 Cumque
750 2599 808 2648 ab
851 2615 906 2647 ea
945 2600 1062 2664 quid
1103 2601 1284 2649 sactum
1325 2608 1457 2650 esset
1495 2601 1727 2667 audisset,
1766 2617 1884 2651 voce

207 2857 253 2902 P
322 2804 376 2843 23
411 2800 812 2856 appropinquante
845 2814 870 2843 v
916 2803 931 2856 ΙΙ
977 2805 1031 2844 31
1067 2800 1316 2844 curationis
1347 2801 1392 2844 R
1424 2802 1523 2846 edd.
1555 2806 1682 2855 vett.‚·
1721 2815 1804 2846 om.
1839 2802 1885 2844 A

253 2872 345 2902 arr.
378 2872 403 2901 v
