2044 3146
182 944 237 984 10

181 1314 234 1354 15

178 1682 235 1723 20

178 2051 234 2091 25

177 2420 234 2460 30

269 147 330 200 2]
343 147 378 199 Ο
959 155 994 189 s.
1018 154 1293 190 Aucusrmr

270 273 516 322 iudicium
557 274 605 319 et
636 270 893 335 iustitiam,
933 270 1087 333 magis
1125 268 1219 317 hoc
1258 275 1580 334 praeceptum
1619 269 1678 318 ad
1716 276 1957 336 utrosque

269 344 494 394 homines
540 345 836 410 pertineret,
883 348 933 392 et
979 341 1367 392 mediterraneos
1408 350 1457 393 et
1494 345 1781 393 maritimos
1861 345 1957 396 Sed

270 434 332 468 ne
366 420 625 482 quisquam
656 423 855 482 putaret
886 423 1000 482 post
1037 417 1186 466 finem
1225 418 1366 482 vitae,
1409 431 1532 482 quae
1573 419 1624 466 in
1663 417 1756 467 hoc
1796 421 1959 483 agitur

270 507 502 558 corpore,
542 505 804 556 superesse
844 497 1040 556 tempus
1079 490 1317 540 iudicium
1355 493 1692 556 iustitiamque
1732 492 1959 560 faciendi,

272 581 419 631 quam
451 565 569 614 dum
603 570 734 614 esset
772 567 820 613 in
863 579 1010 614 carne
1051 579 1151 613 non
1191 565 1322 631 fecit,
1363 571 1413 614 et
1451 566 1521 615 sic
1561 566 1781 616 divinum
1819 568 1959 616 evadi

270 655 416 705 posse
471 639 732 689 iudicium:
796 642 846 688 in
901 641 1064 688 medio
1119 645 1292 688 terrae
1345 637 1467 688 mihi
1522 639 1716 690 videtur
1770 639 1959 691 dictum

268 729 413 781 „cum
446 715 656 778 quisque
688 714 807 762 vivit
836 714 887 761 in
919 707 1172 778 corpore“.
1234 712 1290 760 ln
1329 712 1420 762 hac
1461 714 1642 778 quippe
1681 715 1779 763 vita
1819 730 1957 764 suam

267 796 452 837 terram
491 789 701 851 quisque
735 786 1037 852 circumfert,
1077 801 1224 850 quam
1263 787 1505 835 moriente
1543 787 1740 837 homine
1781 790 1958 854 recipit

268 869 401 910 terra
441 862 731 927 communiS,
770 862 1053 925 resurgenti
1091 861 1263 924 utique
1303 860 1572 910 redditura.
1648 861 1863 911 Proinde
1904 866 1955 912 z'n

272 937 434 985 medio
465 941 654 995 terrae,
694 934 743 983 id
777 941 866 1001 est,
906 949 1020 983 cum
1052 935 1212 983 anima
1244 932 1412 984 nostra
1451 937 1546 983 isto
1586 942 1786 984 terreno
1826 935 1954 986 clau-

270 1009 404 1058 ditur
436 1023 660 1073 corpore,
699 1007 980 1057 faciendum
1012 1014 1087 1057 est
1117 1007 1354 1057 iudicium
1396 1014 1542 1073 atque
1582 1011 1783 1075 iustitia,
1823 1010 1953 1074 quod

267 1082 410 1132 nobis
448 1084 607 1147 prosit
654 1084 705 1130 in
744 1088 1025 1148 posterum,
1073 1081 1268 1147 quando
1308 1085 1492 1145 recipit
1529 1087 1740 1145 quisque
1776 1099 1953 1134 secun—

269 1159 385 1206 dum
418 1172 493 1218 ea,
533 1171 665 1217 quae
697 1171 795 1218 per
836 1170 1021 1219 corpus
1050 1159 1219 1217 qessit,
1257 1159 1362 1206 sive
1393 1158 1575 1206 bonum
1613 1161 1717 1208 sive
1754 1161 1953 1207 malum.

268 1232 370 1280 Per
418 1245 602 1292 corpus
649 1232 832 1294 quippe
878 1229 947 1278 ibi
994 1230 1115 1279 dixit
1161 1230 1412 1295 apostolus
1459 1245 1548 1295 per
1588 1238 1807 1298 tempuS,
1857 1247 1954 1296 quo

267 1306 385 1354 vixit
423 1306 475 1353 in
514 1319 738 1368 corpore.
814 1303 985 1368 Neque
1028 1305 1158 1352 enim
1199 1305 1240 1352 si
1281 1305 1391 1368 quis
1430 1304 1640 1370 maligna
1679 1311 1844 1355 mente
1885 1314 1954 1355 at-

269 1394 363 1443 que
403 1379 551 1443 impia
591 1379 884 1442 cogitatione
932 1377 1238 1442 blasphemet
1276 1393 1437 1442 neque
1477 1378 1527 1427 id
1568 1378 1679 1428 ullis
1718 1378 1954 1428 membris

267 1453 490 1517 corporis
529 1457 786 1517 operetur,
833 1450 943 1500 ideo
983 1466 1081 1500 non
1122 1453 1217 1500 erit
1256 1467 1396 1518 reUS,
1437 1454 1550 1516 quia
1588 1452 1638 1501 id
1678 1468 1776 1502 non
1816 1459 1954 1503 motu

267 1527 490 1590 corporis
537 1526 710 1591 gessit,
762 1540 874 1575 cum
921 1525 1014 1574 hoc
1053 1540 1143 1590 per
1181 1524 1301 1574 illud
1341 1532 1537 1590 tempus
1576 1529 1807 1593 gesserit,
1855 1542 1954 1591 quo

267 1601 419 1664 gessit
459 1605 508 1648 et
547 1614 741 1664 corpus
819 1599 919 1648 Isto
966 1599 1111 1648 modo
1160 1606 1493 1663 congruenter
1532 1600 1751 1665 intellegi
1788 1607 1954 1665 potest

269 1675 415 1722 etiam
468 1672 611 1738 illud,
666 1673 795 1737 quod
851 1674 902 1721 in
955 1673 1141 1737 psalmo
1188 1672 1389 1737 legitur:
1452 1675 1591 1724 Deus
1644 1681 1810 1724 autem
1857 1690 1956 1725 rex

266 1754 436 1797 noster
483 1754 602 1796 ante
646 1750 855 1796 saecula
903 1753 1142 1809 operatus
1189 1753 1264 1796 est
1307 1751 1520 1797 salutem
1559 1751 1612 1798 in
1650 1750 1813 1799 medio
1853 1755 1951 1799 ter-

266 1837 388 1880 rae,·
438 1827 494 1870 ut
532 1820 770 1869 Dominus
821 1820 960 1870 Iesus
1007 1822 1276 1886 accipiatur
1322 1821 1454 1871 Deus
1502 1829 1693 1888 noster,
1741 1824 1826 1887 qui
1877 1829 1953 1872 est

266 1901 378 1943 ante
419 1894 627 1958 saecula,
667 1896 780 1959 quia
818 1910 909 1958 per
948 1896 1111 1960 ipsum
1151 1895 1275 1944 facta
1317 1902 1432 1945 sunt
1472 1895 1680 1962 saecula,
1720 1903 1953 1961 operatus

267 1968 475 2018 salutem
508 1975 727 2017 nostram
751 1970 801 2017 in
827 1968 988 2017 medio
1021 1975 1198 2036 terrae,
1231 1984 1342 2018 cum
1375 1968 1589 2019 Verbum
1623 1985 1736 2019 caro
1768 1970 1951 2019 factum

267 2049 343 2091 est
381 2050 430 2091 ct
469 2049 669 2091 terreno
709 2041 942 2092 habitavit
979 2044 1030 2091 in
1071 2057 1293 2107 corpore.
1789 2083 1797 2089 .

414 2115 598 2164 Deinde
644 2122 816 2179 postea
863 2130 1008 2180 quam
1053 2115 1402 2181 prophetatum
1451 2122 1526 2165 est
1572 2118 1623 2165 in
1670 2116 1746 2166 his
1786 2117 1953 2167 verbis

265 2188 455 2254 Annae,
502 2204 599 2253 quo
648 2189 792 2237 modo
839 2188 1038 2253 gloriari
1089 2188 1285 2255 debeat,
1335 2191 1419 2254 qui
1457 2189 1721 2257 gloriatur,
1759 2205 1860 2239 non
1898 2192 1952 2240 in-

267 2277 318 2311 se
358 2264 546 2329 utique,
586 2262 669 2312 sed
711 2263 763 2311 in
795 2261 1018 2329 Domiiio,
1055 2269 1260 2328 propter
1299 2262 1694 2331 retributionem,
1734 2280 1858 2329 quae
1899 2266 1950 2314 in

266 2335 343 2384 die
376 2336 546 2386 iudicii
577 2337 741 2385 futura
775 2342 872 2385 est:
913 2338 1154 2387 Dominus
1194 2339 1436 2398 ascendit,
1476 2339 1651 2405 inquit,
1692 2340 1744 2387 in
1784 2341 1954 2388 caelos

269 2415 318 2459 et
357 2413 544 2469 tonui&
584 2413 689 2472 ipse
722 2411 969 2460 e‘udz'cabit
1007 2416 1236 2460 extrema
1276 2417 1463 2472 terrae,
1503 2415 1625 2473 quia
1665 2414 1824 2462 iustus
1863 2417 1952 2462 est.

265 2483 477 2533 Prorsus
528 2484 750 2533 ordinem
802 2486 962 2533 tenuit
1016 2485 1340 2534 confessionis
1395 2485 1626 2534 fidelium.
1716 2484 1951 2535 Ascendit

267 2559 398 2607 enirn
443 2560 494 2606 in
542 2557 731 2607 caelum
770 2557 1007 2607 Dominus
1048 2558 1297 2625 Christus,
1346 2564 1394 2608 et
1439 2558 1554 2607 inde
1594 2564 1833 2608 venturus
1874 2565 1952 2608 est

266 2630 323 2679 ad
355 2633 489 2680 vivos
522 2639 570 2680 et
608 2638 830 2680 mortuos
869 2631 1169 2681 iudicandos
1245 2632 1367 2681 Nam
1407 2635 1518 2694 quis
1557 2634 1806 2695 aseendit,
1857 2633 1952 2681 sic-

387 2745 459 2799 13)
492 2748 531 2790 2.
559 2743 657 2789 Cor.
693 2748 734 2801 5,
770 2750 836 2789 10.
901 2747 976 2802 22)
1007 2745 1079 2789 Ps.
1116 2749 1184 2800 73,
1221 2749 1287 2789 12.
1352 2746 1515 2801 25)10.
1546 2750 1679 2803 1,14.

384 2895 409 2933 5
443 2904 546 2933 cum
579 2890 624 2935 R
647 2893 662 2948 ss
689 2896 741 2935 12
773 2891 967 2949 recipiet
995 2905 1024 2936 υ
