2044 3146
171 923 226 962 10

171 1292 223 1331 15

169 1661 225 1701 20

167 2030 223 2070 25

170 2400 226 2438 30

258 123 365 177 258
940 132 974 166 s.
999 132 1282 168 AUGUSTINL

259 249 423 298 fecere
462 249 619 296 virtus
659 253 792 296 tanta
830 245 1064 312 habetur,
1111 252 1350 311 quantum
1389 263 1494 299 eam
1534 247 1700 297 verbis
1737 253 1953 312 potuere

259 320 495 371 extollere
548 320 799 385 praeclara
852 315 1103 385 ingenia.“
1183 321 1387 372 Accedit
1438 321 1555 372 huic
1611 322 1796 374 civitati
1849 337 1950 377 non

259 410 406 460 parva
446 396 592 444 etiam
634 410 692 443 ex
724 394 904 444 litteris
944 401 994 444 et
1031 394 1337 459 philosophis
1375 395 1545 462 gloria,
1585 395 1716 460 quod
1741 394 1824 445 'ihi
1861 411 1946 460 po·

258 470 505 519 tissimum
537 468 649 518 talia
682 468 843 518 studia
873 469 1151 533 viguerunt.
1227 468 1350 518 Nam
1382 476 1621 534 quantum
1661 468 1848 518 adtinet
1886 468 1947 519 ad

259 544 545 609 imperium,
592 542 782 592 nullum
830 543 986 591 maius
1036 544 1210 606 primis
1258 543 1566 608 temporibus
1618 558 1765 608 quam
1802 543 1948 608 Assy·

259 619 450 666 riorum
489 617 604 682 fuit,
652 632 744 665 nec
783 623 882 665 tam
922 616 1064 681 longe
1105 616 1299 681 lateque
1340 616 1596 683 diffusum,
1637 618 1818 683 quippe
1861 616 1950 666 ubi

258 690 416 740 Ninus
458 706 560 757 reli,
599 689 703 741 Beli
743 690 886 756 filius,
927 692 1207 740 universam
1239 690 1418 756 Asiam,
1458 706 1582 756 quae
1622 693 1774 740 totius
1813 690 1952 740 orbis

263 765 322 813 ad
354 779 618 814 numerum
647 766 863 829 partium
893 766 1040 813 tertia
1073 764 1268 830 dicitur,
1307 764 1366 814 ad
1406 764 1794 829 magnitudinem
1832 766 1956 815 vero‘

259 837 458 887 dimidia
496 840 772 903 reperitur,
821 853 982 902 usque
1023 838 1082 886 ad
1120 837 1301 902 Libyae
1342 839 1465 887 fines
1506 838 1760 903 subegisse
1799 838 1949 889 tradi-

259 919 354 961 tur.
434 912 562 960 S‘olis
595 914 776 976 quippe
817 911 950 961 Indis
989 913 1041 960 in
1079 911 1303 976 partibus
1336 911 1554 962 Orientis
1594 928 1694 965 non
1732 912 1949 965 domina·

257 986 426 1052 batur,
476 1001 600 1050 quos
648 992 812 1035 tamen
861 1001 918 1034 eo
961 985 1195 1034 defuncto
1238 986 1521 1039 Samiramis
1561 1002 1687 1036 uxor
1726 988 1834 1036 eius
1873 991 1952 1035 est

259 1060 489 1124 adgressa
521 1059 761 1108 bellandO.
837 1059 908 1108 Ita
958 1060 1143 1110 sactum
1191 1066 1280 1127 est,
1319 1068 1388 1127 ut,
1430 1062 1731 1125 quicumque
1763 1063 1814 1109 in
1852 1060 1949 1110 illis

257 1135 405 1183 terris
443 1133 614 1199 populi
661 1135 760 1183 sive
802 1149 944 1198 reges
985 1140 1147 1200 erant,
1194 1133 1510 1199 Assyriorum
1548 1150 1701 1200 regno
1743 1134 1945 1183 dicioni-

258 1223 354 1272 que
399 1214 634 1272 parerent
680 1215 728 1257 et
775 1207 1014 1272 quidquid
1067 1210 1398 1273 imperaretur
1449 1209 1717 1261 efficerent.
1795 1207 1945 1257 Abra-

258 1282 368 1331 ham
408 1283 560 1346 igitur
607 1283 658 1329 in
707 1296 764 1330 eo
805 1297 958 1346 regno
1011 1283 1138 1346 apud
1181 1281 1448 1331 Chaldaeos
1487 1282 1601 1331 Nini
1639 1281 1949 1347 temporibus

257 1362 401 1405 natus
449 1362 536 1405 est.
617 1355 713 1404 Sed
763 1357 993 1419 quoniam
1042 1371 1124 1404 res
1171 1355 1385 1405 Graecae
1437 1355 1589 1406 multo
1639 1363 1756 1406 sunt
1805 1354 1948 1406 nobis

257 1444 403 1495 quam
455 1429 679 1493 Assyriae
732 1431 950 1479 notiores
962 1469 976 1495 ‚
1029 1436 1077 1479 et
1122 1444 1212 1495 per
1261 1429 1475 1480 Graecos
1530 1430 1589 1480 ad
1636 1429 1836 1479 Latinos
1890 1444 1947 1478 ac

258 1503 434 1552 deinde
468 1503 526 1551 ad
559 1502 820 1564 Romanos,
862 1505 946 1567 qui
979 1505 1126 1554 etiam
1163 1506 1260 1568 ipsi
1299 1502 1459 1553 Latini
1499 1511 1629 1570 sunt,
1667 1511 1949 1568 temporum

259 1578 438 1626 seriem
478 1576 791 1626 deduxerunt
839 1579 923 1641 qui
964 1584 1159 1641 gentem
1198 1578 1368 1642 populi
1406 1577 1615 1629 Romani
1652 1581 1706 1628 in
1744 1578 1949 1641 orig'inis

260 1653 366 1701 eius
406 1652 696 1715 antiquitate
743 1652 907 1701 rimati
957 1658 1093 1700 sunt:
1147 1651 1210 1700 ob
1250 1651 1344 1700 hoc
1384 1651 1646 1719 debennis‚
1698 1651 1785 1705 ubi
1824 1666 1949 1716 opus

257 1732 346 1790 est,
386 1724 611 1789 Assyrios
645 1727 899 1774 nominare
932 1740 1092 1791 regeS,
1124 1732 1180 1775 ut
1212 1733 1443 1791 appareat
1475 1734 1623 1790 quem
1655 1725 1714 1774 ad
1746 1725 1947 1774 modum

255 1798 548 1864 Babylonia,
604 1800 743 1863 quasi
797 1801 955 1863 prima
1010 1799 1194 1867 Roma,
1254 1815 1368 1849 cum
1421 1802 1683 1865 peregrina
1748 1801 1799 1849 in
1853 1799 1948 1849 hoc

255 1873 439 1922 mundo
488 1872 577 1921 Dei
624 1874 817 1922 civitate
865 1880 1151 1939 procurrat3
1206 1889 1287 1923 res
1335 1880 1526 1941 autem,
1581 1889 1703 1938 quas
1742 1879 1948 1938 propter

258 1948 677 2012 comparationem
711 1948 920 1996 civitatis
952 1949 1230 2014 utriusque,
1269 1954 1498 1997 terrenae
1532 1948 1720 1997 scilicet
1752 1953 1802 1996 et
1841 1961 1947 1996 cae·

258 2020 419 2081 lestiS‚
466 2020 582 2070 huic
630 2022 768 2085 operi
816 2027 1011 2085 oportet
1058 2023 1302 2087 inserere,
1348 2023 1504 2086 magis
1552 2037 1611 2070 ex
1651 2020 1851 2071 Graecis
1899 2027 1949 2070 et

256 2093 465 2160 LatiniS‚
512 2094 597 2143 ubi
645 2100 695 2143 et
740 2096 846 2158 ipsa
893 2094 1047 2142 Roma
1095 2096 1234 2158 quasi
1283 2095 1499 2143 secunda
1544 2093 1809 2158 Babylonia
1859 2100 1949 2160 est,

257 2167 493 2216 debemus
533 2168 807 2217 adsumere.

407 2241 612 2298 Quando
645 2256 761 2305 ergo
795 2247 939 2290 natus
973 2247 1048 2290 est
1079 2240 1336 2307 Abraham,
1377 2241 1584 2291 secundi
1623 2257 1766 2306 reges
1807 2247 1947 2292 erant

259 2314 388 2379 apud
421 2314 646 2379 Assyrios
677 2314 850 2380 Ninus,
890 2314 1018 2379 apud
1053 2315 1306 2379 Sicyonios
1338 2314 1555 2381 Europs3
1594 2317 1742 2381 primi
1781 2321 1946 2366 autem

260 2389 358 2438 illic
411 2388 590 2455 Belus,
651 2388 732 2437 hic
786 2388 1043 2452 Aegialeus
1101 2390 1316 2441 fuerunt.
1396 2388 1519 2439 Cum
1573 2404 1689 2438 vero
1746 2403 1946 2453 egresso

257 2462 499 2512 Abraham
553 2462 611 2511 de
652 2462 915 2527 Babylonia
962 2465 1189 2526 promisit
1235 2465 1282 2514 ei
1319 2462 1452 2512 Deus
1500 2479 1560 2515 ex
1598 2462 1680 2512 illo
1720 2478 1945 2527 magnam

258 2543 455 2600 gentem
496 2538 711 2586 futuram
745 2543 795 2585 et
824 2538 875 2584 in
910 2538 1016 2586 cius
1051 2538 1238 2590 semine
1277 2538 1498 2586 omnium
1537 2538 1757 2601 gentium
1796 2535 1945 2585 bene-

376 2651 420 2705 2)
454 2648 551 2693 Cat.
586 2654 624 2694 8.

378 2817 430 2854 11
473 2811 730 2856 samiramis
768 2825 857 2855 mss
898 2816 938 2856 et
977 2812 1043 2856 sic
1075 2815 1354 2864 constantem
1403 2811 1521 2856 Sem.
1555 2824 1580 2854 v
1626 2812 1643 2866 ΙΙ
1690 2814 1742 2853 18
1777 2809 1942 2854 deinde

259 2870 401 2913 etiam
434 2870 493 2913 ad
524 2872 568 2913 A
592 2872 607 2926 Η
632 2876 683 2914 21
718 2870 958 2915 nominare
989 2871 1059 2924 Β,-
1090 2883 1347 2915 memorare
1378 2884 1404 2914 υ
