2004 3140
607 159 673 192 DE
696 157 934 192 ommA'rE
958 159 1048 191 Dm
1071 159 1113 192 L.
1138 159 1220 192 xx.
1245 158 1281 192 0.
1306 161 1360 193 24.
1725 148 1833 201 469

149 276 416 340 accipiatur
470 275 521 321 in
570 287 648 339 e0,
705 271 835 336 quod
883 271 1070 322 dictum
1111 279 1207 322 est:
1263 274 1372 335 Ipsi
1409 275 1672 341 peribunt,
1720 289 1832 323 cum

149 349 240 398 soli
280 347 400 398 caeli
431 347 584 395 infimi
616 347 828 411 perituri
868 348 981 412 sint,
1022 361 1168 411 quem
1209 347 1268 396 ad
1308 347 1508 397 modum
1547 350 1597 397 in
1638 355 1832 413 aposto-

139 423 237 473 lica
277 421 356 470 illa
395 420 604 486 epistula
644 435 670 468 a
709 426 812 469 toto
862 436 977 486 pars
1018 423 1280 488 accipitur,
1328 422 1458 486 quod
1498 422 1680 471 diluvio
1719 437 1830 487 per-

129 498 242 545 ·isse
283 495 444 554 dictus
484 502 560 544 est
600 495 836 561 mundUS,
876 497 1098 559 quamvis
1137 495 1239 543 sola
1280 498 1386 544 eius
1427 511 1539 545 cum
1581 498 1683 546 suis
1723 512 1829 546 cae-

145 570 204 618 lis
266 584 379 634 pars
441 570 538 617 ima
599 570 818 633 perierit.
898 568 996 618 Sed
1059 571 1172 633 quia
1234 569 1358 636 hoc,
1420 576 1476 619 ut
1537 571 1666 637 dixi,
1728 586 1828 620 non
1860 577 1885 617 5

146 642 500 709 dignabuntur,
538 658 599 692 ne
639 643 715 691 vel
754 643 962 707 apostoli
1000 642 1136 692 Petri
1176 643 1448 708 adprobent
1489 659 1716 710 sensum,
1756 644 1832 693 vel

143 724 334 767 tantum
374 716 647 766 concedant
678 716 1048 781 conflagrationi
1086 719 1395 786 novissimae,
1434 725 1673 782 quantum
1713 718 1829 767 dici-

143 806 253 841 mus
307 791 516 841 valuisse
568 791 828 857 diluvium,
884 793 968 855 qui
1014 791 1162 840 nullis
1209 794 1372 858 aquis,
1426 793 1574 841 nullis
1622 793 1830 842 flammis

142 872 300 915 totum
333 881 489 930 genus
521 865 788 914 humanum
826 867 990 930 perire
1029 881 1174 931 posse
1217 867 1543 916 contendunt:
1583 874 1736 916 restat
1775 873 1831 915 ut

142 939 331 1004 dicant,
385 939 515 1003 quod
564 947 827 1004 propterea
882 939 949 988 dii
995 955 1170 988 eorum
1215 940 1490 990 Hebraeam
1541 942 1829 1006 sapientiam
1863 947 1918 986 10

141 1013 460 1080 laudaverint,
501 1015 615 1078 quia
653 1016 803 1062 istum
842 1013 1084 1078 psalmum
1123 1030 1223 1063 non
1261 1015 1494 1079 legerant.

290 1087 345 1136 In
385 1087 570 1152 psalmo
612 1089 759 1136 etiam
799 1087 1208 1153 quadragensimo
1247 1104 1378 1137 nono
1420 1089 1479 1137 de
1519 1088 1700 1138 iudicio
1741 1088 1831 1138 Dei

141 1163 406 1210 novissimo
466 1161 768 1226 intellegitur
830 1161 1038 1211 dictum:
1109 1164 1245 1212 Deus
1300 1162 1597 1225 manifestus
1650 1166 1826 1223 veniet,

142 1236 277 1286 Deus
316 1242 498 1296 noster,
540 1242 590 1285 et
618 1250 718 1285 non
757 1238 933 1285 silebit.
1012 1237 1154 1298 lanis
1194 1240 1245 1286 in
1285 1242 1554 1300 conspectu
1595 1239 1702 1287 eius
1742 1253 1826 1286 ar-

141 1311 298 1370 debit,
347 1315 397 1359 et
446 1312 497 1358 in
544 1312 766 1359 circuitu
819 1313 926 1359 eius
973 1316 1237 1373 tempestas
1283 1313 1470 1361 valida.
1548 1313 1831 1361 Advocabit
1862 1318 1914 1357 15

139 1387 335 1433 caelum
396 1398 598 1433 sursum
660 1390 710 1433 et
769 1390 961 1434 terram
1025 1388 1320 1435 discernere
1375 1388 1615 1449 populum
1668 1400 1826 1435 suum.

145 1458 461 1519 Conqreyate
517 1460 591 1507 illi
637 1461 789 1507 iustos
837 1462 965 1519 eim,
1021 1463 1111 1521 quz'
1164 1462 1436 1523 disponunt
1484 1465 1829 1510 testamentum

139 1534 246 1580 eius
292 1547 446 1594 super
494 1534 772 1592 sacrificia.
849 1532 954 1582 Hoc
1001 1549 1091 1582 nos
1131 1534 1190 1583 de
1231 1533 1438 1583 Domino
1477 1533 1590 1583 Iesu
1632 1533 1827 1583 Christo

138 1605 490 1671 intellegimus,
537 1621 684 1670 quem
730 1622 986 1672 speramus
1037 1607 1097 1656 de
1138 1607 1272 1657 caelo
1313 1624 1421 1657 esse
1462 1615 1727 1657 venturum
1767 1607 1827 1656 ad

137 1680 271 1727 vivos
312 1686 361 1728 et
401 1686 623 1728 mortuos
671 1680 974 1731 iudicandoS.
1049 1682 1339 1731 Manifestus
1380 1684 1511 1731 enim
1550 1683 1715 1731 veniet
1752 1683 1824 1730 in·
1858 1688 1914 1728 20

81 1778 91 1782 -
137 1760 215 1802 ter
261 1755 419 1802 iustos
467 1760 516 1802 et
568 1755 780 1804 iniustos
826 1755 1133 1805 iudicaturus
1180 1757 1336 1822 iuste,
1392 1757 1476 1820 qui
1514 1758 1654 1820 prius
1693 1757 1828 1805 venit

138 1827 364 1876 occultus
418 1827 478 1876 ab
533 1829 731 1877 iniustis
787 1829 1080 1878 iudicandus
1134 1832 1331 1879 iniuste.
1416 1829 1557 1895 Ipse,
1610 1830 1826 1895 inquam,

137 1901 434 1962 manifestus
484 1905 649 1952 veniet
693 1909 742 1952 et
787 1917 886 1952 non
932 1905 1116 1965 silebit,
1164 1904 1214 1953 id
1254 1911 1352 1970 est,
1398 1905 1450 1952 in
1490 1918 1607 1952 voce
1647 1902 1826 1952 iudicis

138 1975 653 2042 evidens'apparebit,
700 1978 785 2040 qui
822 1978 962 2042 prius
1003 1993 1117 2026 cum
1156 1980 1372 2027 venisset
1410 1976 1634 2026 occultus
1646 2017 1660 2043 ,
1712 1983 1825 2026 ante

135 2048 351 2097 iudicem
392 2048 547 2115 siluit,
596 2050 790 2114 quando
838 2052 966 2100 sicut
1013 2053 1116 2101 ovis
1157 2051 1216 2100 ad
1255 2051 1606 2101 immolandum
1647 2050 1824 2100 ductus
1858 2057 1912 2096 25

139 2130 214 2171 est
260 2130 309 2172 et
356 2125 484 2172 sicut
531 2138 685 2188 agnus
726 2139 890 2174 coram
932 2125 1166 2175 tondente
1207 2126 1300 2175 fuit
1339 2128 1444 2175 sine
1485 2140 1627 2191 voce,
1678 2140 1827 2189 quem

138 2196 196 2245 ad
237 2196 437 2245 modum
477 2196 536 2245 de
573 2197 655 2246 illo
694 2214 785 2262 per
817 2198 1011 2248 Esaiam
1050 2199 1258 2264 legimus
1298 2199 1646 2265 prophetatum
1687 2206 1736 2247 et
1775 2200 1826 2247 in

137 2270 387 2335 evangelio
420 2270 643 2320 videmus
674 2272 945 2337 impletum.
1024 2273 1092 2322 De
1125 2276 1237 2338 igne
1270 2289 1387 2323 vero
1430 2280 1480 2322 et
1519 2279 1826 2339 tempestate,

138 2358 250 2392 cum
303 2346 355 2392 in
409 2343 580 2393 Esaiae
631 2345 891 2410 prophetia
942 2347 1036 2396 tale
1089 2347 1271 2412 aliquid
1322 2354 1670 2412 tractaremus,
1727 2355 1823 2410 quo

137 2418 281 2466 modo
321 2425 488 2467 essent
526 2418 645 2467 haec
685 2420 1037 2488 intellegenda,
1085 2423 1180 2470 iam
1220 2422 1445 2471 diximus.
1526 2420 1667 2478 Quod
1706 2434 1822 2468 vero
1857 2425 1912 2464 30

138 2489 322 2540 dictum
363 2498 459 2541 est:
498 2492 780 2542 Advocabz't
811 2498 1007 2544 caelum
1045 2510 1270 2544 sursum:
1311 2496 1540 2559 quoniam
1581 2494 1737 2542 sancti
1776 2499 1826 2541 et

137 2563 255 2612 iusti
294 2571 428 2614 recte
462 2565 651 2615 caelum
687 2566 1010 2634 appellantur,
1050 2570 1282 2617 nimirum
1323 2568 1415 2616 hoc
1457 2574 1545 2631 est,
1587 2565 1717 2630 quod
1758 2568 1825 2615 ait

257 2693 328 2746 18)
361 2690 434 2735 Ps.
467 2696 537 2748 49,
570 2698 596 2736 3
631 2708 728 2749 sqq.
791 2694 866 2750 26)
899 2694 1019 2739 Esai.
1055 2699 1126 2748 53,
1161 2699 1198 2739 7.
1263 2695 1337 2750 28)
1368 2694 1452 2738 Mt.
1486 2698 1556 2749 26,
1591 2699 1659 2739 63.

258 2843 310 2880 11
343 2838 639 2882 laudauerint
668 2839 738 2893 R;
769 2841 1079 2885 laudauerunt
1110 2842 1180 2884 Av
1227 2844 1243 2897 Η
1290 2845 1342 2885 15
1378 2841 1621 2885 circumitu
1652 2855 1677 2884 v
1716 2843 1732 2897 ΙΙ
1768 2844 1822 2884 18

134 2895 334 2940 Domino
366 2898 523 2941 nostro
554 2911 580 2941 v
604 2900 698 2954 1129
729 2899 826 2944 tale
857 2913 941 2945 om.
973 2900 1020 2944 R
