2004 3140
475 143 542 174 nn
566 139 806 175 crw‘rA'rE
830 141 918 173 Dm
941 141 984 173 L.
1007 141 1153 174 xvm.
1177 140 1216 174 c.
1241 141 1294 174 11.
1318 142 1372 174 12.
1663 127 1772 181 269

88 258 246 322 syrios
284 259 515 319 regnaret
553 251 833 319 AscatadeS,
873 253 1002 318 apud
1043 253 1299 319 Sicyonios
1339 253 1604 319 MarathuS,
1644 253 1773 318 apud

86 330 291 395 Argivos
342 328 563 393 Triopas
648 326 840 377 Educto
892 334 1058 396 autem
1106 327 1288 393 populo
1339 329 1392 377 in
1443 334 1608 377 monte
1658 326 1775 376 Sina

86 403 320 453 divinitus
351 408 603 467 acceptam
633 401 835 451 tradidit
865 401 1039 468 legem,
1079 401 1210 466 quod
1242 408 1383 451 vetus
1415 402 1598 451 dicitur
1626 407 1774 451 testa-

87 483 331 542 mentum,
371 477 486 541 quia
522 477 878 540 promissiones
918 482 1143 525 terrenas
1183 475 1354 542 habet,
1394 483 1443 525 et
1481 491 1572 541 per
1609 475 1775 524 Iesum

86 550 337 600 Christum
368 550 591 599 futurum
625 550 787 599 fuerat
816 556 1168 600 testamentum
1199 565 1395 616 novum,
1436 565 1533 614 quo
1566 564 1774 614 regnum
1807 557 1834 598 5

86 623 333 674 caelorum
395 625 787 689 promitteretur.
886 623 1030 673 Hunc
1100 625 1233 673 enim
1302 623 1529 673 ordinem
1589 624 1776 672 servari

85 697 358 764 oportebat,
398 700 529 747 sicut
558 699 611 747 in
642 713 743 747 uno
777 713 975 763 quoque
1006 697 1220 765 homine,
1261 699 1347 763 qui
1385 699 1436 747 in
1468 697 1626 747 Deum
1662 712 1775 762 pro-

83 773 201 840 ficit,
238 772 289 822 id
328 774 504 838 agitur,
544 772 675 837 quod
716 774 782 822 ait
821 772 1086 839 apostoluS,
1125 779 1181 822 ut
1219 787 1319 822 non
1357 774 1425 822 sit
1456 774 1605 835 prius
1643 772 1781 832 quod

84 849 315 910 spiritale
347 852 447 904 est;
486 848 579 897 sed
606 848 744 908 quod
772 850 1005 909 animale,
1040 852 1218 910 postea
1247 849 1479 909 spiritale
1487 864 1506 904 ;
1545 846 1778 911 quoniam

86 923 215 970 sicut
247 921 367 970 dicit
398 927 448 970 et
480 935 652 970 verum
686 927 775 982 est,
810 924 1007 984 primus
1038 923 1182 971 homo
1222 923 1285 971 de
1316 927 1474 981 terra,
1514 926 1750 971 terrenus
1758 935 1777 977 ;
1811 927 1866 967 10

85 997 336 1045 secundus
383 996 526 1044 homo
575 997 638 1044 de
687 998 844 1046 eaelo.
921 995 1066 1044 Rexit
1104 1002 1269 1045 autem
1307 994 1546 1060 populum
1584 994 1777 1058 Moyses

85 1084 176 1134 per
223 1083 377 1118 annos
426 1068 748 1134 quadraginta
801 1071 852 1118 in
908 1069 1106 1119 deserto
1158 1076 1207 1119 et
1245 1075 1472 1118 mortuus
1513 1075 1588 1117 est
1627 1082 1776 1116 anno·

86 1158 199 1192 rum
238 1148 439 1192 centum
479 1150 528 1192 et
567 1144 754 1209 viginti,
795 1158 908 1192 cum
941 1142 1193 1193 Christum
1233 1145 1382 1192 etiam
1419 1145 1525 1208 ipse
1565 1141 1776 1207 prophe·

85 1223 238 1266 tasset
275 1231 367 1282 per
405 1217 587 1281 figuras
627 1216 1028 1266 observationum
1067 1217 1338 1266 carnalium
1376 1219 1428 1266 in
1459 1214 1776 1266 tabernaculo

87 1298 136 1340 et
186 1290 462 1340 sacerdotio
515 1298 565 1341 et
620 1291 873 1340 sacrificiis
920 1291 1125 1356 aliisque
1174 1292 1394 1357 mysticis
1443 1290 1771 1356 plurImisque
1807 1296 1862 1337 15

86 1364 342 1415 mandatis,
419 1364 576 1430 Moysi
623 1367 865 1415 successit
910 1365 1051 1415 Iesus
1105 1365 1235 1415 Nave
1284 1371 1334 1415 et
1379 1367 1431 1414 in
1478 1371 1612 1414 terra
1665 1379 1777 1428 pro-

86 1440 336 1490 missionis
383 1438 725 1489 introductum
770 1439 1010 1505 populum
1057 1439 1330 1489 conlocavit
1375 1454 1436 1489 ex
1485 1440 1778 1488 auctoritate

87 1512 250 1563 divina
298 1512 554 1562 debellatis
601 1513 854 1580 gentibUS,
902 1529 930 1563 a
970 1513 1150 1578 quibus
1190 1514 1362 1563 eadem
1400 1514 1508 1562 loca
1546 1511 1778 1562 teneban-

87 1594 185 1637 tur.
263 1586 358 1645 Qui
404 1602 516 1636 cum
564 1587 804 1652 populum
850 1589 1061 1638 rexisset
1106 1595 1219 1653 post
1266 1594 1478 1637 mortem
1516 1586 1672 1651 Moysi
1710 1587 1778 1634 vi-

88 1662 213 1726 ginti
252 1668 302 1710 et
340 1668 532 1726 septem
571 1676 748 1726 annoS,
789 1664 937 1711 etiam
974 1664 1080 1726 ipse
1121 1662 1386 1712 defunctus
1426 1668 1502 1711 est
1539 1665 1778 1725 regnante
1812 1666 1868 1707 20

89 1734 219 1800 apud
251 1734 477 1799 Assyrios
510 1741 679 1784 octavo
712 1735 903 1784 decimo
927 1737 1149 1801 Amynta,
1189 1737 1319 1800 apud
1352 1736 1608 1800 Sicyonios
1640 1741 1779 1783 sexto

90 1808 280 1857 decimo
329 1807 536 1874 Corace,
583 1809 713 1873 apud
751 1808 956 1873 Argivos
997 1809 1188 1858 decimo
1228 1809 1415 1875 Dana0,
1462 1807 1591 1874 apud
1631 1807 1779 1857 Athe-

90 1883 288 1931 nienses
329 1889 504 1946 quarto
543 1881 880 1933 Erichthonio,

750 2084 949 2140 CAPUT
981 2086 1101 2140 XII.
1162 2076 1166 2079 ’

93 2193 169 2242 De
214 2195 381 2242 saeris
422 2191 673 2253 falsorum
721 2195 952 2254 deorum,
1007 2209 1140 2255 quae
1186 2208 1332 2255 reyes
1385 2193 1638 2243 Graeciae
1685 2193 1782 2241 illis
1814 2198 1870 2239 25

93 2268 397 2329 temporibus
429 2269 769 2329 instituerunt,
809 2283 941 2329 quae
980 2270 1044 2317 ab
1078 2270 1218 2317 exitu
1252 2269 1423 2317 Israel
1457 2282 1524 2316 ex
1556 2266 1782 2329 Aeqypto

299 2355 458 2402 usque
497 2342 569 2390 ad
605 2342 792 2391 obitum
833 2343 949 2391 Iesu
990 2343 1130 2392 Nave
1170 2344 1574 2391 dinumerantur.

239 2443 336 2492 Per
374 2443 495 2493 haec
535 2444 773 2511 tempora,
811 2445 861 2493 id
901 2451 978 2494 est
1017 2444 1075 2494 ab
1116 2447 1251 2494 exitu
1282 2444 1433 2494 lsrael
1473 2459 1533 2493 ex
1563 2443 1782 2507 Aegypto

93 2532 250 2582 usque
284 2517 343 2567 ad
376 2525 588 2568 mortem
618 2518 731 2568 Iesu
763 2518 909 2585 Nave,
947 2534 1037 2584 per
1077 2534 1225 2584 quem
1263 2517 1476 2584 populus
1514 2516 1646 2566 idem
1685 2522 1782 2564 ter·

215 2647 286 2702 11)
323 2651 360 2690 1.
394 2646 496 2690 Cor.
531 2651 600 2703 15,
633 2651 689 2691 46
724 2642 789 2702 sq‘.

216 2828 238 2865 1
273 2823 541 2868 maratheus
572 2823 618 2867 A
663 2826 679 2880 ΙΙ
728 2829 780 2868 11
815 2824 871 2868 de
905 2824 1035 2868 caelo
1066 2823 1165 2880 Req
1194 2823 1298 2877 (vol.
1334 2823 1386 2879 I,
1428 2825 1543 2878 598,
1582 2824 1686 2876 16);
1726 2821 1783 2866 de

95 2881 225 2926 caelo
258 2882 471 2926 caelestis
502 2882 574 2927 Av
598 2884 613 2939 ῑΙ
640 2888 694 2928 16
723 2883 850 2929 terra,
880 2883 951 2938 R‚·
980 2885 1154 2928 terram
1185 2883 1257 2927 Av
