<?xml version="1.0" encoding="UTF-8"?>
<!DOCTYPE html PUBLIC "-//W3C//DTD XHTML 1.0 Transitional//EN"
    "http://www.w3.org/TR/xhtml1/DTD/xhtml1-transitional.dtd">
<html xmlns="http://www.w3.org/1999/xhtml" xml:lang="en" lang="en">
 <head>
  <title>
</title>
<meta http-equiv="Content-Type" content="text/html;charset=utf-8" />
  <meta name='ocr-system' content='tesseract 3.04.00' />
  <meta name='ocr-capabilities' content='ocr_page ocr_carea ocr_par ocr_line ocrx_word'/>
</head>
<body>
  <div class='ocr_page' id='page_1' title='image "./decivitatedeilib02auguuoft_0628.png"; bbox 0 0 2004 3140; ppageno 0'>
   <div class='ocr_carea' id='block_1_1' title="bbox 210 152 1222 205">
    <p class='ocr_par' dir='ltr' id='par_1_1' title="bbox 210 152 1222 205">
     <span class='ocr_line' id='line_1_1' title="bbox 210 152 1222 205; baseline -0.012 -1"><span class='ocrx_word' id='word_1_1' title='bbox 210 152 319 205; x_wconf 76' lang='lat'>624</span> <span class='ocrx_word' id='word_1_2' title='bbox 891 160 926 194; x_wconf 85' lang='lat' dir='ltr'>s.</span> <span class='ocrx_word' id='word_1_3' title='bbox 949 160 1222 195; x_wconf 78' lang='lat' dir='ltr'>AUGUSTINI</span> 
     </span>
    </p>
   </div>
   <div class='ocr_carea' id='block_1_2' title="bbox 121 273 1909 2476">
    <p class='ocr_par' dir='ltr' id='par_1_2' title="bbox 121 273 1909 2476">
     <span class='ocr_line' id='line_1_2' title="bbox 213 273 1893 340; baseline -0.002 -14"><span class='ocrx_word' id='word_1_4' title='bbox 213 283 376 326; x_wconf 86' lang='lat' dir='ltr'>autem</span> <span class='ocrx_word' id='word_1_5' title='bbox 432 289 564 324; x_wconf 84' lang='lat' dir='ltr'>nuno</span> <span class='ocrx_word' id='word_1_6' title='bbox 611 274 753 337; x_wconf 88' lang='lat' dir='ltr'>longe</span> <span class='ocrx_word' id='word_1_7' title='bbox 807 274 960 340; x_wconf 80' lang='lat' dir='ltr'>infra,</span> <span class='ocrx_word' id='word_1_8' title='bbox 1016 273 1376 337; x_wconf 87' lang='lat' dir='ltr'>quantumlibet</span> <span class='ocrx_word' id='word_1_9' title='bbox 1425 280 1663 339; x_wconf 85' lang='lat' dir='ltr'>provectu</span> <span class='ocrx_word' id='word_1_10' title='bbox 1714 275 1893 323; x_wconf 83' lang='lat' dir='ltr'>mentis</span> 
     </span>
     <span class='ocr_line' id='line_1_3' title="bbox 212 346 1893 412; baseline -0.001 -14"><span class='ocrx_word' id='word_1_11' title='bbox 212 349 464 398; x_wconf 86' lang='lat' dir='ltr'>excellant.</span> <span class='ocrx_word' id='word_1_12' title='bbox 543 347 964 397; x_wconf 82' lang='lat' dir='ltr'><strong>Considerandum</strong></span> <span class='ocrx_word' id='word_1_13' title='bbox 1014 354 1089 396; x_wconf 89' lang='lat' dir='ltr'>est</span> <span class='ocrx_word' id='word_1_14' title='bbox 1135 349 1264 396; x_wconf 87' lang='lat' dir='ltr'>enim</span> <span class='ocrx_word' id='word_1_15' title='bbox 1315 354 1527 412; x_wconf 88' lang='lat' dir='ltr'>quantus</span> <span class='ocrx_word' id='word_1_16' title='bbox 1566 349 1641 396; x_wconf 83' lang='lat' dir='ltr'>vir</span> <span class='ocrx_word' id='word_1_17' title='bbox 1680 346 1893 397; x_wconf 85' lang='lat' dir='ltr'>dicebat:</span> 
     </span>
     <span class='ocr_line' id='line_1_4' title="bbox 215 422 1897 485; baseline -0.001 -13"><span class='ocrx_word' id='word_1_18' title='bbox 215 425 296 472; x_wconf 79' lang='lat' dir='ltr'>Ex</span> <span class='ocrx_word' id='word_1_19' title='bbox 330 429 483 485; x_wconf 78' lang='lat' dir='ltr'>parte</span> <span class='ocrx_word' id='word_1_20' title='bbox 520 425 704 471; x_wconf 76' lang='lat' dir='ltr'>seimus</span> <span class='ocrx_word' id='word_1_21' title='bbox 744 427 793 470; x_wconf 85' lang='lat' dir='ltr'>et</span> <span class='ocrx_word' id='word_1_22' title='bbox 831 437 896 470; x_wconf 83' lang='lat' dir='ltr'>ex</span> <span class='ocrx_word' id='word_1_23' title='bbox 928 426 1084 483; x_wconf 78' lang='lat' dir='ltr'>parte</span> <span class='ocrx_word' id='word_1_24' title='bbox 1114 422 1489 484; x_wconf 77' lang='lat' dir='ltr'>prophetamus,</span> <span class='ocrx_word' id='word_1_25' title='bbox 1531 424 1690 472; x_wconf 80' lang='lat' dir='ltr'>donee</span> <span class='ocrx_word' id='word_1_26' title='bbox 1727 424 1897 472; x_wconf 80' lang='lat' dir='ltr'>veniat</span> 
     </span>
     <span class='ocr_line' id='line_1_5' title="bbox 211 493 1893 558; baseline -0.002 -12"><span class='ocrx_word' id='word_1_27' title='bbox 211 499 348 558; x_wconf 82' lang='lat' dir='ltr'>quod</span> <span class='ocrx_word' id='word_1_28' title='bbox 378 495 664 558; x_wconf 79' lang='lat' dir='ltr'>perfeetum</span> <span class='ocrx_word' id='word_1_29' title='bbox 705 500 803 552; x_wconf 81' lang='lat' dir='ltr'>est;</span> <span class='ocrx_word' id='word_1_30' title='bbox 844 501 913 544; x_wconf 86' lang='lat' dir='ltr'>et:</span> <span class='ocrx_word' id='word_1_31' title='bbox 975 493 1206 544; x_wconf 75' lang='lat' dir='ltr'><em>Videmus</em></span> <span class='ocrx_word' id='word_1_32' title='bbox 1245 510 1380 544; x_wconf 78' lang='lat' dir='ltr'>nune</span> <span class='ocrx_word' id='word_1_33' title='bbox 1414 511 1510 557; x_wconf 84' lang='lat' dir='ltr'>per</span> <span class='ocrx_word' id='word_1_34' title='bbox 1547 499 1802 558; x_wconf 80' lang='lat' dir='ltr'>speculum</span> <span class='ocrx_word' id='word_1_35' title='bbox 1843 497 1893 543; x_wconf 80' lang='lat' dir='ltr'>in</span> 
     </span>
     <span class='ocr_line' id='line_1_6' title="bbox 152 568 1893 632; baseline -0.002 -12"><span class='ocrx_word' id='word_1_36' title='bbox 152 580 177 620; x_wconf 86' lang='lat'>5</span> <span class='ocrx_word' id='word_1_37' title='bbox 212 573 517 632; x_wconf 58' lang='lat' dir='ltr'>aenigmate,</span> <span class='ocrx_word' id='word_1_38' title='bbox 565 575 686 619; x_wconf 77' lang='lat' dir='ltr'>tune</span> <span class='ocrx_word' id='word_1_39' title='bbox 732 575 899 618; x_wconf 82' lang='lat' dir='ltr'>autem</span> <span class='ocrx_word' id='word_1_40' title='bbox 941 568 1130 630; x_wconf 79' lang='lat' dir='ltr'>faeiem</span> <span class='ocrx_word' id='word_1_41' title='bbox 1179 571 1251 618; x_wconf 80' lang='lat' dir='ltr'>ad</span> <span class='ocrx_word' id='word_1_42' title='bbox 1289 568 1493 630; x_wconf 76' lang='lat' dir='ltr'>faeiem.</span> <span class='ocrx_word' id='word_1_43' title='bbox 1573 568 1653 618; x_wconf 87' lang='lat' dir='ltr'>Sic</span> <span class='ocrx_word' id='word_1_44' title='bbox 1691 570 1787 617; x_wconf 89' lang='lat' dir='ltr'>iam</span> <span class='ocrx_word' id='word_1_45' title='bbox 1827 569 1893 616; x_wconf 89' lang='lat' dir='ltr'>vi·</span> 
     </span>
     <span class='ocr_line' id='line_1_7' title="bbox 211 642 1895 709; baseline -0.002 -16"><span class='ocrx_word' id='word_1_46' title='bbox 211 645 329 693; x_wconf 86' lang='lat' dir='ltr'>dent</span> <span class='ocrx_word' id='word_1_47' title='bbox 361 645 518 692; x_wconf 86' lang='lat' dir='ltr'>sancti</span> <span class='ocrx_word' id='word_1_48' title='bbox 549 642 723 709; x_wconf 79' lang='lat' dir='ltr'>angeli,</span> <span class='ocrx_word' id='word_1_49' title='bbox 763 644 847 707; x_wconf 89' lang='lat' dir='ltr'>qui</span> <span class='ocrx_word' id='word_1_50' title='bbox 879 644 1027 692; x_wconf 89' lang='lat' dir='ltr'>etiam</span> <span class='ocrx_word' id='word_1_51' title='bbox 1059 644 1217 692; x_wconf 83' lang='lat' dir='ltr'>nostri</span> <span class='ocrx_word' id='word_1_52' title='bbox 1257 642 1415 707; x_wconf 84' lang='lat' dir='ltr'>angeli</span> <span class='ocrx_word' id='word_1_53' title='bbox 1455 642 1572 691; x_wconf 85' lang='lat' dir='ltr'>dicti</span> <span class='ocrx_word' id='word_1_54' title='bbox 1612 649 1742 709; x_wconf 74' lang='lat' dir='ltr'>sunt,</span> <span class='ocrx_word' id='word_1_55' title='bbox 1781 643 1895 707; x_wconf 88' lang='lat' dir='ltr'>quia</span> 
     </span>
     <span class='ocr_line' id='line_1_8' title="bbox 213 715 1894 781; baseline -0.001 -15"><span class='ocrx_word' id='word_1_56' title='bbox 213 719 343 766; x_wconf 81' lang='lat' dir='ltr'>eruti</span> <span class='ocrx_word' id='word_1_57' title='bbox 383 717 442 766; x_wconf 91' lang='lat' dir='ltr'>de</span> <span class='ocrx_word' id='word_1_58' title='bbox 482 723 724 781; x_wconf 80' lang='lat' dir='ltr'>potestate</span> <span class='ocrx_word' id='word_1_59' title='bbox 758 715 1076 765; x_wconf 86' lang='lat' dir='ltr'>tenebrarum</span> <span class='ocrx_word' id='word_1_60' title='bbox 1118 722 1166 765; x_wconf 91' lang='lat' dir='ltr'>et</span> <span class='ocrx_word' id='word_1_61' title='bbox 1206 722 1407 780; x_wconf 84' lang='lat' dir='ltr'>accepto</span> <span class='ocrx_word' id='word_1_62' title='bbox 1448 717 1651 781; x_wconf 89' lang='lat' dir='ltr'>spiritus</span> <span class='ocrx_word' id='word_1_63' title='bbox 1689 716 1894 780; x_wconf 89' lang='lat' dir='ltr'>pignore</span> 
     </span>
     <span class='ocr_line' id='line_1_9' title="bbox 210 789 1895 855; baseline -0.001 -15"><span class='ocrx_word' id='word_1_64' title='bbox 210 791 445 851; x_wconf 71' lang='lat' dir='ltr'>translati⁴</span> <span class='ocrx_word' id='word_1_65' title='bbox 475 791 534 839; x_wconf 90' lang='lat' dir='ltr'>ad</span> <span class='ocrx_word' id='word_1_66' title='bbox 574 805 782 855; x_wconf 88' lang='lat' dir='ltr'>regnum</span> <span class='ocrx_word' id='word_1_67' title='bbox 824 789 1006 838; x_wconf 82' lang='lat' dir='ltr'>Christi</span> <span class='ocrx_word' id='word_1_68' title='bbox 1047 789 1103 838; x_wconf 92' lang='lat' dir='ltr'>ad</span> <span class='ocrx_word' id='word_1_69' title='bbox 1147 805 1230 838; x_wconf 90' lang='lat' dir='ltr'>eos</span> <span class='ocrx_word' id='word_1_70' title='bbox 1271 789 1469 853; x_wconf 81' lang='lat' dir='ltr'>angelos</span> <span class='ocrx_word' id='word_1_71' title='bbox 1509 792 1603 838; x_wconf 91' lang='lat' dir='ltr'>iam</span> <span class='ocrx_word' id='word_1_72' title='bbox 1644 791 1895 854; x_wconf 87' lang='lat' dir='ltr'>coepimus</span> 
     </span>
     <span class='ocr_line' id='line_1_10' title="bbox 210 862 1895 930; baseline -0.001 -17"><span class='ocrx_word' id='word_1_73' title='bbox 210 867 477 930; x_wconf 82' lang='lat' dir='ltr'>pertinere,</span> <span class='ocrx_word' id='word_1_74' title='bbox 517 862 630 913; x_wconf 83' lang='lat' dir='ltr'>cuni</span> <span class='ocrx_word' id='word_1_75' title='bbox 671 863 851 928; x_wconf 90' lang='lat' dir='ltr'>quibus</span> <span class='ocrx_word' id='word_1_76' title='bbox 891 863 1032 912; x_wconf 91' lang='lat' dir='ltr'>nobis</span> <span class='ocrx_word' id='word_1_77' title='bbox 1072 866 1168 913; x_wconf 88' lang='lat' dir='ltr'>erit</span> <span class='ocrx_word' id='word_1_78' title='bbox 1207 871 1375 913; x_wconf 85' lang='lat' dir='ltr'>saneta</span> <span class='ocrx_word' id='word_1_79' title='bbox 1413 871 1559 928; x_wconf 88' lang='lat' dir='ltr'>atque</span> <span class='ocrx_word' id='word_1_80' title='bbox 1599 863 1895 928; x_wconf 88' lang='lat' dir='ltr'>dulcissima,</span> 
     </span>
     <span class='ocr_line' id='line_1_11' title="bbox 124 937 1894 1004; baseline -0.002 -16"><span class='ocrx_word' id='word_1_81' title='bbox 124 949 178 988; x_wconf 90' lang='lat'>10</span> <span class='ocrx_word' id='word_1_82' title='bbox 211 939 270 987; x_wconf 91' lang='lat' dir='ltr'>de</span> <span class='ocrx_word' id='word_1_83' title='bbox 319 953 414 1002; x_wconf 89' lang='lat' dir='ltr'>qua</span> <span class='ocrx_word' id='word_1_84' title='bbox 453 940 548 987; x_wconf 87' lang='lat' dir='ltr'>iam</span> <span class='ocrx_word' id='word_1_85' title='bbox 597 944 670 987; x_wconf 88' lang='lat' dir='ltr'>tot</span> <span class='ocrx_word' id='word_1_86' title='bbox 715 937 868 986; x_wconf 87' lang='lat' dir='ltr'>libros</span> <span class='ocrx_word' id='word_1_87' title='bbox 916 939 1228 1004; x_wconf 78' lang='lat' dir='ltr'>scripsimUS‚</span> <span class='ocrx_word' id='word_1_88' title='bbox 1276 937 1365 986; x_wconf 90' lang='lat' dir='ltr'>Dei</span> <span class='ocrx_word' id='word_1_89' title='bbox 1413 939 1580 987; x_wconf 84' lang='lat' dir='ltr'>civitas</span> <span class='ocrx_word' id='word_1_90' title='bbox 1619 939 1725 1002; x_wconf 89' lang='lat' dir='ltr'>ipsa</span> <span class='ocrx_word' id='word_1_91' title='bbox 1764 952 1894 986; x_wconf 85' lang='lat' dir='ltr'>com-</span> 
     </span>
     <span class='ocr_line' id='line_1_12' title="bbox 208 1010 1896 1078; baseline -0.002 -17"><span class='ocrx_word' id='word_1_92' title='bbox 208 1015 384 1062; x_wconf 73' lang='lat' dir='ltr'>munis</span> <span class='ocrx_word' id='word_1_93' title='bbox 464 1011 544 1060; x_wconf 83' lang='lat' dir='ltr'>Sic</span> <span class='ocrx_word' id='word_1_94' title='bbox 585 1018 700 1060; x_wconf 91' lang='lat' dir='ltr'>sunt</span> <span class='ocrx_word' id='word_1_95' title='bbox 739 1027 856 1075; x_wconf 88' lang='lat' dir='ltr'>ergo</span> <span class='ocrx_word' id='word_1_96' title='bbox 897 1011 1055 1076; x_wconf 85' lang='lat' dir='ltr'>angeli</span> <span class='ocrx_word' id='word_1_97' title='bbox 1094 1014 1277 1078; x_wconf 83' lang='lat' dir='ltr'>nostri,</span> <span class='ocrx_word' id='word_1_98' title='bbox 1318 1013 1402 1076; x_wconf 89' lang='lat' dir='ltr'>qui</span> <span class='ocrx_word' id='word_1_99' title='bbox 1443 1018 1557 1061; x_wconf 87' lang='lat' dir='ltr'>sunt</span> <span class='ocrx_word' id='word_1_100' title='bbox 1595 1011 1755 1075; x_wconf 86' lang='lat' dir='ltr'>angeli</span> <span class='ocrx_word' id='word_1_101' title='bbox 1793 1010 1896 1077; x_wconf 81' lang='lat' dir='ltr'>Dei,</span> 
     </span>
     <span class='ocr_line' id='line_1_13' title="bbox 215 1084 1898 1151; baseline -0.001 -16"><span class='ocrx_word' id='word_1_102' title='bbox 215 1102 363 1151; x_wconf 89' lang='lat' dir='ltr'>quem</span> <span class='ocrx_word' id='word_1_103' title='bbox 411 1086 468 1134; x_wconf 89' lang='lat' dir='ltr'>ad</span> <span class='ocrx_word' id='word_1_104' title='bbox 518 1085 719 1134; x_wconf 89' lang='lat' dir='ltr'>modum</span> <span class='ocrx_word' id='word_1_105' title='bbox 760 1084 986 1134; x_wconf 88' lang='lat' dir='ltr'>Christus</span> <span class='ocrx_word' id='word_1_106' title='bbox 1025 1084 1114 1134; x_wconf 91' lang='lat' dir='ltr'>Dei</span> <span class='ocrx_word' id='word_1_107' title='bbox 1154 1085 1380 1134; x_wconf 89' lang='lat' dir='ltr'>Christus</span> <span class='ocrx_word' id='word_1_108' title='bbox 1427 1093 1503 1134; x_wconf 93' lang='lat' dir='ltr'>est</span> <span class='ocrx_word' id='word_1_109' title='bbox 1549 1091 1731 1134; x_wconf 88' lang='lat' dir='ltr'>noster.</span> <span class='ocrx_word' id='word_1_110' title='bbox 1808 1084 1898 1134; x_wconf 89' lang='lat' dir='ltr'>Dei</span> 
     </span>
     <span class='ocr_line' id='line_1_14' title="bbox 214 1159 1896 1226; baseline -0.001 -17"><span class='ocrx_word' id='word_1_111' title='bbox 214 1167 351 1225; x_wconf 84' lang='lat' dir='ltr'>sunt,</span> <span class='ocrx_word' id='word_1_112' title='bbox 391 1161 505 1224; x_wconf 89' lang='lat' dir='ltr'>quia</span> <span class='ocrx_word' id='word_1_113' title='bbox 544 1159 702 1208; x_wconf 91' lang='lat' dir='ltr'>Deum</span> <span class='ocrx_word' id='word_1_114' title='bbox 741 1174 838 1208; x_wconf 90' lang='lat' dir='ltr'>non</span> <span class='ocrx_word' id='word_1_115' title='bbox 880 1159 1210 1226; x_wconf 83' lang='lat' dir='ltr'>reliquerunt3</span> <span class='ocrx_word' id='word_1_116' title='bbox 1251 1160 1410 1208; x_wconf 81' lang='lat' dir='ltr'>nostri</span> <span class='ocrx_word' id='word_1_117' title='bbox 1449 1166 1586 1224; x_wconf 89' lang='lat' dir='ltr'>sunt,</span> <span class='ocrx_word' id='word_1_118' title='bbox 1627 1160 1740 1223; x_wconf 91' lang='lat' dir='ltr'>quia</span> <span class='ocrx_word' id='word_1_119' title='bbox 1780 1173 1896 1208; x_wconf 87' lang='lat' dir='ltr'>suos</span> 
     </span>
     <span class='ocr_line' id='line_1_15' title="bbox 213 1232 1896 1298; baseline -0.001 -16"><span class='ocrx_word' id='word_1_120' title='bbox 213 1235 346 1282; x_wconf 86' lang='lat' dir='ltr'>cives</span> <span class='ocrx_word' id='word_1_121' title='bbox 387 1249 477 1282; x_wconf 92' lang='lat' dir='ltr'>nos</span> <span class='ocrx_word' id='word_1_122' title='bbox 516 1233 697 1282; x_wconf 87' lang='lat' dir='ltr'>habere</span> <span class='ocrx_word' id='word_1_123' title='bbox 732 1239 1018 1298; x_wconf 84' lang='lat' dir='ltr'>coeperunt.</span> <span class='ocrx_word' id='word_1_124' title='bbox 1095 1232 1225 1282; x_wconf 86' lang='lat' dir='ltr'>Dixit</span> <span class='ocrx_word' id='word_1_125' title='bbox 1264 1239 1427 1282; x_wconf 89' lang='lat' dir='ltr'>autem</span> <span class='ocrx_word' id='word_1_126' title='bbox 1459 1233 1696 1282; x_wconf 86' lang='lat' dir='ltr'>Dominus</span> <span class='ocrx_word' id='word_1_127' title='bbox 1735 1233 1896 1282; x_wconf 87' lang='lat' dir='ltr'>Iesus:</span> 
     </span>
     <span class='ocr_line' id='line_1_16' title="bbox 125 1307 1895 1369; baseline 0 -13"><span class='ocrx_word' id='word_1_128' title='bbox 125 1317 179 1356; x_wconf 85' lang='lat'>15</span> <span class='ocrx_word' id='word_1_129' title='bbox 224 1309 395 1358; x_wconf 76' lang='lat' dir='ltr'>Videte</span> <span class='ocrx_word' id='word_1_130' title='bbox 426 1323 489 1356; x_wconf 84' lang='lat' dir='ltr'>ne</span> <span class='ocrx_word' id='word_1_131' title='bbox 521 1310 849 1356; x_wconf 80' lang='lat' dir='ltr'>contemnatis</span> <span class='ocrx_word' id='word_1_132' title='bbox 881 1322 1035 1356; x_wconf 77' lang='lat' dir='ltr'>unum</span> <span class='ocrx_word' id='word_1_133' title='bbox 1069 1309 1131 1356; x_wconf 83' lang='lat' dir='ltr'>de</span> <span class='ocrx_word' id='word_1_134' title='bbox 1164 1309 1362 1369; x_wconf 78' lang='lat' dir='ltr'>pusillis</span> <span class='ocrx_word' id='word_1_135' title='bbox 1401 1309 1520 1356; x_wconf 75' lang='lat' dir='ltr'>istis.</span> <span class='ocrx_word' id='word_1_136' title='bbox 1598 1307 1726 1356; x_wconf 77' lang='lat' dir='ltr'>Dico</span> <span class='ocrx_word' id='word_1_137' title='bbox 1765 1310 1895 1356; x_wconf 76' lang='lat' dir='ltr'>enim</span> 
     </span>
     <span class='ocr_line' id='line_1_17' title="bbox 211 1372 1895 1442; baseline -0.001 -12"><span class='ocrx_word' id='word_1_138' title='bbox 211 1383 361 1442; x_wconf 77' lang='lat' dir='ltr'>vobz&#39;S,</span> <span class='ocrx_word' id='word_1_139' title='bbox 402 1385 523 1442; x_wconf 78' lang='lat' dir='ltr'>quia</span> <span class='ocrx_word' id='word_1_140' title='bbox 563 1372 734 1442; x_wconf 69' lang='lat' dir='ltr'>ahqelz‘</span> <span class='ocrx_word' id='word_1_141' title='bbox 772 1395 944 1430; x_wconf 81' lang='lat' dir='ltr'>eorum</span> <span class='ocrx_word' id='word_1_142' title='bbox 986 1383 1036 1429; x_wconf 76' lang='lat' dir='ltr'>m</span> <span class='ocrx_word' id='word_1_143' title='bbox 1077 1383 1232 1430; x_wconf 74' lang='lat' dir='ltr'>caelis</span> <span class='ocrx_word' id='word_1_144' title='bbox 1270 1395 1466 1442; x_wconf 82' lang='lat' dir='ltr'>semper</span> <span class='ocrx_word' id='word_1_145' title='bbox 1504 1382 1675 1430; x_wconf 74' lang='lat' dir='ltr'>vident</span> <span class='ocrx_word' id='word_1_146' title='bbox 1706 1380 1895 1442; x_wconf 74' lang='lat' dir='ltr'>faeiem</span> 
     </span>
     <span class='ocr_line' id='line_1_18' title="bbox 207 1453 1895 1520; baseline -0.001 -16"><span class='ocrx_word' id='word_1_147' title='bbox 207 1458 374 1517; x_wconf 77' lang='lat' dir='ltr'>patris</span> <span class='ocrx_word' id='word_1_148' title='bbox 412 1457 535 1519; x_wconf 74' lang='lat' dir='ltr'>mei,</span> <span class='ocrx_word' id='word_1_149' title='bbox 583 1457 672 1515; x_wconf 75' lang='lat' dir='ltr'>qui</span> <span class='ocrx_word' id='word_1_150' title='bbox 708 1457 760 1503; x_wconf 77' lang='lat' dir='ltr'>in</span> <span class='ocrx_word' id='word_1_151' title='bbox 800 1457 955 1504; x_wconf 76' lang='lat' dir='ltr'>caelis</span> <span class='ocrx_word' id='word_1_152' title='bbox 995 1460 1078 1503; x_wconf 85' lang='lat' dir='ltr'>est.</span> <span class='ocrx_word' id='word_1_153' title='bbox 1159 1453 1298 1503; x_wconf 86' lang='lat' dir='ltr'>Sicut</span> <span class='ocrx_word' id='word_1_154' title='bbox 1338 1469 1454 1518; x_wconf 89' lang='lat' dir='ltr'>ergo</span> <span class='ocrx_word' id='word_1_155' title='bbox 1494 1453 1564 1502; x_wconf 92' lang='lat' dir='ltr'>illi</span> <span class='ocrx_word' id='word_1_156' title='bbox 1603 1454 1790 1520; x_wconf 88' lang='lat' dir='ltr'>vident,</span> <span class='ocrx_word' id='word_1_157' title='bbox 1828 1455 1895 1504; x_wconf 90' lang='lat' dir='ltr'>ita</span> 
     </span>
     <span class='ocr_line' id='line_1_19' title="bbox 213 1527 1896 1594; baseline 0 -17"><span class='ocrx_word' id='word_1_158' title='bbox 213 1534 262 1577; x_wconf 87' lang='lat' dir='ltr'>et</span> <span class='ocrx_word' id='word_1_159' title='bbox 301 1543 391 1577; x_wconf 90' lang='lat' dir='ltr'>nos</span> <span class='ocrx_word' id='word_1_160' title='bbox 430 1530 586 1576; x_wconf 91' lang='lat' dir='ltr'>visuri</span> <span class='ocrx_word' id='word_1_161' title='bbox 632 1543 824 1594; x_wconf 82' lang='lat' dir='ltr'>sumus3</span> <span class='ocrx_word' id='word_1_162' title='bbox 873 1527 958 1576; x_wconf 89' lang='lat' dir='ltr'>sed</span> <span class='ocrx_word' id='word_1_163' title='bbox 1011 1527 1230 1576; x_wconf 87' lang='lat' dir='ltr'>nondum</span> <span class='ocrx_word' id='word_1_164' title='bbox 1268 1529 1335 1576; x_wconf 88' lang='lat' dir='ltr'>ita</span> <span class='ocrx_word' id='word_1_165' title='bbox 1374 1527 1609 1577; x_wconf 80' lang='lat' dir='ltr'>videmus,</span> <span class='ocrx_word' id='word_1_166' title='bbox 1685 1527 1896 1593; x_wconf 86' lang='lat' dir='ltr'>Propter</span> 
     </span>
     <span class='ocr_line' id='line_1_20' title="bbox 210 1601 1909 1666; baseline 0.001 -16"><span class='ocrx_word' id='word_1_167' title='bbox 210 1602 341 1666; x_wconf 88' lang='lat' dir='ltr'>quod</span> <span class='ocrx_word' id='word_1_168' title='bbox 381 1603 450 1650; x_wconf 92' lang='lat' dir='ltr'>ait</span> <span class='ocrx_word' id='word_1_169' title='bbox 488 1601 752 1666; x_wconf 81' lang='lat' dir='ltr'>apostolus,</span> <span class='ocrx_word' id='word_1_170' title='bbox 793 1602 923 1665; x_wconf 90' lang='lat' dir='ltr'>quod</span> <span class='ocrx_word' id='word_1_171' title='bbox 962 1601 1107 1666; x_wconf 89' lang='lat' dir='ltr'>paulo</span> <span class='ocrx_word' id='word_1_172' title='bbox 1148 1607 1259 1650; x_wconf 89' lang='lat' dir='ltr'>ante</span> <span class='ocrx_word' id='word_1_173' title='bbox 1299 1601 1442 1650; x_wconf 88' lang='lat' dir='ltr'>dixit:</span> <span class='ocrx_word' id='word_1_174' title='bbox 1492 1602 1722 1651; x_wconf 76' lang='lat' dir='ltr'>Videmus</span> <span class='ocrx_word' id='word_1_175' title='bbox 1761 1616 1909 1652; x_wconf 66' lang='lat' dir='ltr'>nunc</span> 
     </span>
     <span class='ocr_line' id='line_1_21' title="bbox 121 1674 1893 1738; baseline 0.001 -14"><span class='ocrx_word' id='word_1_176' title='bbox 121 1685 177 1724; x_wconf 83' lang='lat'>20</span> <span class='ocrx_word' id='word_1_177' title='bbox 203 1691 301 1738; x_wconf 79' lang='lat' dir='ltr'>per</span> <span class='ocrx_word' id='word_1_178' title='bbox 346 1679 602 1738; x_wconf 77' lang='lat' dir='ltr'>speculum</span> <span class='ocrx_word' id='word_1_179' title='bbox 649 1678 700 1725; x_wconf 75' lang='lat' dir='ltr'>in</span> <span class='ocrx_word' id='word_1_180' title='bbox 748 1678 1053 1736; x_wconf 56' lang='lat' dir='ltr'>aenigmate,</span> <span class='ocrx_word' id='word_1_181' title='bbox 1103 1681 1223 1724; x_wconf 82' lang='lat' dir='ltr'>tune</span> <span class='ocrx_word' id='word_1_182' title='bbox 1270 1680 1436 1725; x_wconf 81' lang='lat' dir='ltr'>autem</span> <span class='ocrx_word' id='word_1_183' title='bbox 1480 1674 1671 1737; x_wconf 73' lang='lat' dir='ltr'>faeiem</span> <span class='ocrx_word' id='word_1_184' title='bbox 1710 1678 1782 1725; x_wconf 82' lang='lat' dir='ltr'>ad</span> <span class='ocrx_word' id='word_1_185' title='bbox 1811 1675 1893 1738; x_wconf 83' lang='lat' dir='ltr'>fa-</span> 
     </span>
     <span class='ocr_line' id='line_1_22' title="bbox 212 1748 1895 1816; baseline 0.001 -18"><span class='ocrx_word' id='word_1_186' title='bbox 212 1752 352 1798; x_wconf 75' lang='lat' dir='ltr'>eiem.</span> <span class='ocrx_word' id='word_1_187' title='bbox 429 1748 710 1797; x_wconf 84' lang='lat' dir='ltr'>Praemium</span> <span class='ocrx_word' id='word_1_188' title='bbox 761 1751 926 1813; x_wconf 88' lang='lat' dir='ltr'>itaque</span> <span class='ocrx_word' id='word_1_189' title='bbox 981 1749 1094 1797; x_wconf 84' lang='lat' dir='ltr'>fidei</span> <span class='ocrx_word' id='word_1_190' title='bbox 1145 1748 1287 1797; x_wconf 89' lang='lat' dir='ltr'>nobis</span> <span class='ocrx_word' id='word_1_191' title='bbox 1338 1750 1458 1797; x_wconf 89' lang='lat' dir='ltr'>visio</span> <span class='ocrx_word' id='word_1_192' title='bbox 1510 1751 1602 1798; x_wconf 84' lang='lat' dir='ltr'>ista</span> <span class='ocrx_word' id='word_1_193' title='bbox 1657 1756 1895 1816; x_wconf 85' lang='lat' dir='ltr'>servatur,</span> 
     </span>
     <span class='ocr_line' id='line_1_23' title="bbox 216 1822 1894 1887; baseline 0.001 -17"><span class='ocrx_word' id='word_1_194' title='bbox 216 1823 274 1871; x_wconf 90' lang='lat' dir='ltr'>de</span> <span class='ocrx_word' id='word_1_195' title='bbox 316 1837 411 1886; x_wconf 90' lang='lat' dir='ltr'>qua</span> <span class='ocrx_word' id='word_1_196' title='bbox 458 1829 507 1871; x_wconf 89' lang='lat' dir='ltr'>et</span> <span class='ocrx_word' id='word_1_197' title='bbox 547 1822 787 1871; x_wconf 90' lang='lat' dir='ltr'>Iohannes</span> <span class='ocrx_word' id='word_1_198' title='bbox 835 1822 1085 1887; x_wconf 86' lang='lat' dir='ltr'>apostolus</span> <span class='ocrx_word' id='word_1_199' title='bbox 1135 1822 1368 1886; x_wconf 86' lang='lat' dir='ltr'>loquens:</span> <span class='ocrx_word' id='word_1_200' title='bbox 1422 1823 1541 1872; x_wconf 86' lang='lat' dir='ltr'>Cum</span> <span class='ocrx_word' id='word_1_201' title='bbox 1581 1826 1894 1885; x_wconf 75' lang='lat' dir='ltr'>apparuerit,</span> 
     </span>
     <span class='ocr_line' id='line_1_24' title="bbox 214 1898 1900 1962; baseline 0.001 -18"><span class='ocrx_word' id='word_1_202' title='bbox 214 1898 396 1961; x_wconf 87' lang='lat' dir='ltr'>inquit,</span> <span class='ocrx_word' id='word_1_203' title='bbox 443 1899 627 1945; x_wconf 76' lang='lat' dir='ltr'>similes</span> <span class='ocrx_word' id='word_1_204' title='bbox 667 1899 716 1945; x_wconf 78' lang='lat' dir='ltr'>ei</span> <span class='ocrx_word' id='word_1_205' title='bbox 752 1899 961 1962; x_wconf 62' lang='lat' dir='ltr'>emmam,</span> <span class='ocrx_word' id='word_1_206' title='bbox 1009 1899 1246 1958; x_wconf 77' lang='lat' dir='ltr'>quoniam</span> <span class='ocrx_word' id='word_1_207' title='bbox 1283 1898 1557 1945; x_wconf 77' lang='lat' dir='ltr'>videbimus</span> <span class='ocrx_word' id='word_1_208' title='bbox 1597 1911 1707 1945; x_wconf 83' lang='lat' dir='ltr'>eum</span> <span class='ocrx_word' id='word_1_209' title='bbox 1745 1900 1900 1946; x_wconf 74' lang='lat' dir='ltr'>sicuti</span> 
     </span>
     <span class='ocr_line' id='line_1_25' title="bbox 213 1969 1895 2035; baseline 0.001 -17"><span class='ocrx_word' id='word_1_210' title='bbox 213 1976 298 2019; x_wconf 85' lang='lat' dir='ltr'>est.</span> <span class='ocrx_word' id='word_1_211' title='bbox 376 1969 545 2018; x_wconf 86' lang='lat' dir='ltr'>Facies</span> <span class='ocrx_word' id='word_1_212' title='bbox 585 1978 750 2019; x_wconf 85' lang='lat' dir='ltr'>autem</span> <span class='ocrx_word' id='word_1_213' title='bbox 789 1969 878 2018; x_wconf 92' lang='lat' dir='ltr'>Dei</span> <span class='ocrx_word' id='word_1_214' title='bbox 925 1970 1253 2018; x_wconf 82' lang='lat' dir='ltr'>manifestatio</span> <span class='ocrx_word' id='word_1_215' title='bbox 1295 1972 1400 2018; x_wconf 89' lang='lat' dir='ltr'>eius</span> <span class='ocrx_word' id='word_1_216' title='bbox 1439 1970 1766 2035; x_wconf 89' lang='lat' dir='ltr'>intellegenda</span> <span class='ocrx_word' id='word_1_217' title='bbox 1805 1977 1895 2032; x_wconf 87' lang='lat' dir='ltr'>est,</span> 
     </span>
     <span class='ocr_line' id='line_1_26' title="bbox 124 2042 1893 2109; baseline 0.001 -18"><span class='ocrx_word' id='word_1_218' title='bbox 124 2051 179 2090; x_wconf 85' lang='lat'>25</span> <span class='ocrx_word' id='word_1_219' title='bbox 214 2058 311 2091; x_wconf 91' lang='lat' dir='ltr'>non</span> <span class='ocrx_word' id='word_1_220' title='bbox 359 2043 554 2107; x_wconf 86' lang='lat' dir='ltr'>aliquod</span> <span class='ocrx_word' id='word_1_221' title='bbox 601 2043 696 2092; x_wconf 91' lang='lat' dir='ltr'>tale</span> <span class='ocrx_word' id='word_1_222' title='bbox 746 2042 1049 2109; x_wconf 84' lang='lat' dir='ltr'>membrum,</span> <span class='ocrx_word' id='word_1_223' title='bbox 1101 2042 1242 2107; x_wconf 91' lang='lat' dir='ltr'>quale</span> <span class='ocrx_word' id='word_1_224' title='bbox 1292 2058 1382 2092; x_wconf 90' lang='lat' dir='ltr'>nos</span> <span class='ocrx_word' id='word_1_225' title='bbox 1421 2042 1658 2092; x_wconf 88' lang='lat' dir='ltr'>habemus</span> <span class='ocrx_word' id='word_1_226' title='bbox 1697 2046 1748 2093; x_wconf 93' lang='lat' dir='ltr'>in</span> <span class='ocrx_word' id='word_1_227' title='bbox 1788 2059 1893 2092; x_wconf 86' lang='lat' dir='ltr'>cor-</span> 
     </span>
     <span class='ocr_line' id='line_1_27' title="bbox 211 2119 1589 2181; baseline 0.001 -17"><span class='ocrx_word' id='word_1_228' title='bbox 211 2131 332 2181; x_wconf 86' lang='lat' dir='ltr'>pore</span> <span class='ocrx_word' id='word_1_229' title='bbox 372 2123 519 2180; x_wconf 84' lang='lat' dir='ltr'>atque</span> <span class='ocrx_word' id='word_1_230' title='bbox 559 2119 654 2165; x_wconf 89' lang='lat' dir='ltr'>isto</span> <span class='ocrx_word' id='word_1_231' title='bbox 695 2119 892 2165; x_wconf 87' lang='lat' dir='ltr'>nomine</span> <span class='ocrx_word' id='word_1_232' title='bbox 933 2132 1289 2181; x_wconf 74' lang='lat' dir='ltr'>nuncupamus,</span> <span class='ocrx_word' id='word_1_233' title='bbox 1583 2138 1589 2143; x_wconf 87' lang='lat'>·</span> 
     </span>
     <span class='ocr_line' id='line_1_28' title="bbox 359 2189 1894 2256; baseline 0.001 -18"><span class='ocrx_word' id='word_1_234' title='bbox 359 2189 672 2254; x_wconf 85' lang='lat' dir='ltr'>Quapropter</span> <span class='ocrx_word' id='word_1_235' title='bbox 719 2205 831 2239; x_wconf 86' lang='lat' dir='ltr'>eum</span> <span class='ocrx_word' id='word_1_236' title='bbox 883 2205 940 2239; x_wconf 89' lang='lat' dir='ltr'>ex</span> <span class='ocrx_word' id='word_1_237' title='bbox 989 2206 1066 2239; x_wconf 91' lang='lat' dir='ltr'>me</span> <span class='ocrx_word' id='word_1_238' title='bbox 1115 2191 1395 2256; x_wconf 80' lang='lat' dir='ltr'>quaeritur,</span> <span class='ocrx_word' id='word_1_239' title='bbox 1443 2189 1559 2254; x_wconf 91' lang='lat' dir='ltr'>quid</span> <span class='ocrx_word' id='word_1_240' title='bbox 1599 2192 1756 2240; x_wconf 86' lang='lat' dir='ltr'>acturi</span> <span class='ocrx_word' id='word_1_241' title='bbox 1796 2192 1894 2240; x_wconf 90' lang='lat' dir='ltr'>sint</span> 
     </span>
     <span class='ocr_line' id='line_1_29' title="bbox 217 2262 1894 2330; baseline 0.001 -20"><span class='ocrx_word' id='word_1_242' title='bbox 217 2264 372 2311; x_wconf 84' lang='lat' dir='ltr'>saneti</span> <span class='ocrx_word' id='word_1_243' title='bbox 411 2264 462 2311; x_wconf 94' lang='lat' dir='ltr'>in</span> <span class='ocrx_word' id='word_1_244' title='bbox 502 2262 583 2311; x_wconf 92' lang='lat' dir='ltr'>illo</span> <span class='ocrx_word' id='word_1_245' title='bbox 625 2278 831 2327; x_wconf 85' lang='lat' dir='ltr'>corpore</span> <span class='ocrx_word' id='word_1_246' title='bbox 872 2263 1100 2329; x_wconf 82' lang='lat' dir='ltr'>spiritali,</span> <span class='ocrx_word' id='word_1_247' title='bbox 1147 2278 1244 2311; x_wconf 92' lang='lat' dir='ltr'>non</span> <span class='ocrx_word' id='word_1_248' title='bbox 1286 2263 1394 2311; x_wconf 83' lang='lat' dir='ltr'>dico</span> <span class='ocrx_word' id='word_1_249' title='bbox 1436 2263 1565 2327; x_wconf 85' lang='lat' dir='ltr'>quod</span> <span class='ocrx_word' id='word_1_250' title='bbox 1604 2265 1700 2312; x_wconf 91' lang='lat' dir='ltr'>iam</span> <span class='ocrx_word' id='word_1_251' title='bbox 1739 2263 1894 2330; x_wconf 80' lang='lat' dir='ltr'>video,</span> 
     </span>
     <span class='ocr_line' id='line_1_30' title="bbox 216 2336 1894 2402; baseline 0.001 -18"><span class='ocrx_word' id='word_1_252' title='bbox 216 2336 302 2384; x_wconf 90' lang='lat' dir='ltr'>sed</span> <span class='ocrx_word' id='word_1_253' title='bbox 335 2336 443 2384; x_wconf 85' lang='lat' dir='ltr'>dico</span> <span class='ocrx_word' id='word_1_254' title='bbox 478 2336 608 2400; x_wconf 89' lang='lat' dir='ltr'>quod</span> <span class='ocrx_word' id='word_1_255' title='bbox 642 2336 804 2402; x_wconf 82' lang='lat' dir='ltr'>credO,</span> <span class='ocrx_word' id='word_1_256' title='bbox 846 2336 1117 2386; x_wconf 81' lang='lat' dir='ltr'>seeundum</span> <span class='ocrx_word' id='word_1_257' title='bbox 1149 2336 1267 2385; x_wconf 89' lang='lat' dir='ltr'>illud</span> <span class='ocrx_word' id='word_1_258' title='bbox 1300 2336 1429 2400; x_wconf 88' lang='lat' dir='ltr'>quod</span> <span class='ocrx_word' id='word_1_259' title='bbox 1463 2339 1511 2385; x_wconf 91' lang='lat' dir='ltr'>in</span> <span class='ocrx_word' id='word_1_260' title='bbox 1545 2336 1730 2401; x_wconf 90' lang='lat' dir='ltr'>psalmo</span> <span class='ocrx_word' id='word_1_261' title='bbox 1763 2337 1894 2401; x_wconf 86' lang='lat' dir='ltr'>lego:</span> 
     </span>
     <span class='ocr_line' id='line_1_31' title="bbox 126 2409 1892 2476; baseline 0.001 -18"><span class='ocrx_word' id='word_1_262' title='bbox 126 2418 181 2458; x_wconf 87' lang='lat'>30</span> <span class='ocrx_word' id='word_1_263' title='bbox 220 2411 448 2476; x_wconf 76' lang='lat' dir='ltr'>Credidi,</span> <span class='ocrx_word' id='word_1_264' title='bbox 491 2415 703 2472; x_wconf 80' lang='lat' dir='ltr'>propter</span> <span class='ocrx_word' id='word_1_265' title='bbox 741 2413 877 2471; x_wconf 80' lang='lat' dir='ltr'>quod</span> <span class='ocrx_word' id='word_1_266' title='bbox 914 2417 963 2459; x_wconf 83' lang='lat' dir='ltr'>et</span> <span class='ocrx_word' id='word_1_267' title='bbox 1000 2414 1195 2460; x_wconf 79' lang='lat' dir='ltr'>locutus</span> <span class='ocrx_word' id='word_1_268' title='bbox 1233 2425 1354 2459; x_wconf 85' lang='lat' dir='ltr'>sum.</span> <span class='ocrx_word' id='word_1_269' title='bbox 1432 2409 1550 2458; x_wconf 86' lang='lat' dir='ltr'>Dico</span> <span class='ocrx_word' id='word_1_270' title='bbox 1589 2412 1777 2475; x_wconf 86' lang='lat' dir='ltr'>itaque:</span> <span class='ocrx_word' id='word_1_271' title='bbox 1816 2410 1892 2460; x_wconf 88' lang='lat' dir='ltr'>Vi-</span> 
     </span>
    </p>
   </div>
   <div class='ocr_carea' id='block_1_3' title="bbox 211 2521 1891 2638">
    <p class='ocr_par' dir='ltr' id='par_1_3' title="bbox 211 2521 1891 2638">
     <span class='ocr_line' id='line_1_32' title="bbox 330 2521 1891 2579; baseline -0.001 -13"><span class='ocrx_word' id='word_1_272' title='bbox 330 2525 374 2577; x_wconf 86' lang='lat'>4)</span> <span class='ocrx_word' id='word_1_273' title='bbox 412 2528 450 2566; x_wconf 91' lang='lat'>1.</span> <span class='ocrx_word' id='word_1_274' title='bbox 493 2521 596 2566; x_wconf 79' lang='lat' dir='ltr'>Cor.</span> <span class='ocrx_word' id='word_1_275' title='bbox 636 2528 715 2576; x_wconf 91' lang='lat'>13,</span> <span class='ocrx_word' id='word_1_276' title='bbox 753 2527 793 2566; x_wconf 86' lang='lat'>9.</span> <span class='ocrx_word' id='word_1_277' title='bbox 857 2525 900 2579; x_wconf 86' lang='lat'>5)</span> <span class='ocrx_word' id='word_1_278' title='bbox 932 2522 997 2567; x_wconf 82' lang='lat' dir='ltr'>lb.</span> <span class='ocrx_word' id='word_1_279' title='bbox 1043 2527 1111 2566; x_wconf 81' lang='lat'>12.</span> <span class='ocrx_word' id='word_1_280' title='bbox 1176 2526 1248 2578; x_wconf 80' lang='lat'>17)</span> <span class='ocrx_word' id='word_1_281' title='bbox 1280 2523 1362 2566; x_wconf 74' lang='lat' dir='ltr'>Mt.</span> <span class='ocrx_word' id='word_1_282' title='bbox 1398 2528 1474 2576; x_wconf 85' lang='lat'>18,</span> <span class='ocrx_word' id='word_1_283' title='bbox 1517 2527 1584 2566; x_wconf 90' lang='lat'>10.</span> <span class='ocrx_word' id='word_1_284' title='bbox 1647 2523 1721 2578; x_wconf 81' lang='lat'>24)</span> <span class='ocrx_word' id='word_1_285' title='bbox 1757 2526 1795 2565; x_wconf 88' lang='lat'>1.</span> <span class='ocrx_word' id='word_1_286' title='bbox 1827 2522 1891 2566; x_wconf 81' lang='lat'>10.</span> 
     </span>
     <span class='ocr_line' id='line_1_33' title="bbox 211 2581 806 2638; baseline 0.003 -14"><span class='ocrx_word' id='word_1_287' title='bbox 211 2586 252 2637; x_wconf 87' lang='lat'>3,</span> <span class='ocrx_word' id='word_1_288' title='bbox 286 2586 325 2627; x_wconf 80' lang='lat'>2.</span> <span class='ocrx_word' id='word_1_289' title='bbox 389 2584 463 2638; x_wconf 88' lang='lat'>30)</span> <span class='ocrx_word' id='word_1_290' title='bbox 495 2581 569 2627; x_wconf 82' lang='lat' dir='ltr'>Ps.</span> <span class='ocrx_word' id='word_1_291' title='bbox 606 2586 703 2637; x_wconf 86' lang='lat'>115,</span> <span class='ocrx_word' id='word_1_292' title='bbox 738 2587 806 2626; x_wconf 88' lang='lat'>10.</span> 
     </span>
    </p>
   </div>
   <div class='ocr_carea' id='block_1_4' title="bbox 214 2770 1893 2945">
    <p class='ocr_par' dir='ltr' id='par_1_4' title="bbox 214 2770 1893 2945">
     <span class='ocr_line' id='line_1_34' title="bbox 337 2770 1891 2828; baseline -0.001 -14"><span class='ocrx_word' id='word_1_293' title='bbox 337 2778 354 2814; x_wconf 90' lang='lat'>1</span> <span class='ocrx_word' id='word_1_294' title='bbox 391 2771 530 2828; x_wconf 83' lang='lat' dir='ltr'>longe</span> <span class='ocrx_word' id='word_1_295' title='bbox 571 2771 619 2814; x_wconf 88' lang='lat' dir='ltr'>in</span> <span class='ocrx_word' id='word_1_296' title='bbox 660 2772 1001 2827; x_wconf 73' lang='lat' dir='ltr'>quantumlibet</span> <span class='ocrx_word' id='word_1_297' title='bbox 1040 2772 1160 2815; x_wconf 83' lang='lat' dir='ltr'>infra</span> <span class='ocrx_word' id='word_1_298' title='bbox 1201 2806 1211 2816; x_wconf 92' lang='lat'><strong>.</strong></span> <span class='ocrx_word' id='word_1_299' title='bbox 1245 2808 1254 2817; x_wconf 93' lang='lat'><strong><em>.</em></strong></span> <span class='ocrx_word' id='word_1_300' title='bbox 1295 2772 1520 2816; x_wconf 72' lang='lat' dir='ltr'>excellent</span> <span class='ocrx_word' id='word_1_301' title='bbox 1550 2771 1596 2814; x_wconf 82' lang='lat' dir='ltr'><em>R</em></span> <span class='ocrx_word' id='word_1_302' title='bbox 1627 2771 1772 2827; x_wconf 78' lang='lat' dir='ltr'>(Neue</span> <span class='ocrx_word' id='word_1_303' title='bbox 1803 2771 1869 2813; x_wconf 91' lang='lat' dir='ltr'>II</span> <span class='ocrx_word' id='word_1_304' title='bbox 1875 2770 1891 2795; x_wconf 72' lang='lat'>²</span> 
     </span>
     <span class='ocr_line' id='line_1_35' title="bbox 216 2829 1893 2886; baseline -0.001 -12"><span class='ocrx_word' id='word_1_305' title='bbox 216 2843 266 2884; x_wconf 75' lang='lat' dir='ltr'>p.</span> <span class='ocrx_word' id='word_1_306' title='bbox 307 2831 420 2886; x_wconf 76' lang='lat'>428)</span> <span class='ocrx_word' id='word_1_307' title='bbox 466 2833 482 2885; x_wconf 76' lang='lat' dir='ltr'>n</span> <span class='ocrx_word' id='word_1_308' title='bbox 529 2836 554 2873; x_wconf 83' lang='lat'>5</span> <span class='ocrx_word' id='word_1_309' title='bbox 594 2834 636 2874; x_wconf 81' lang='lat' dir='ltr'>et</span> <span class='ocrx_word' id='word_1_310' title='bbox 674 2835 730 2874; x_wconf 82' lang='lat'>20</span> <span class='ocrx_word' id='word_1_311' title='bbox 773 2830 942 2874; x_wconf 86' lang='lat' dir='ltr'>faciem</span> <span class='ocrx_word' id='word_1_312' title='bbox 981 2831 1040 2874; x_wconf 86' lang='lat' dir='ltr'>ad</span> <span class='ocrx_word' id='word_1_313' title='bbox 1090 2831 1120 2875; x_wconf 87' lang='lat' dir='ltr'>f.</span> <span class='ocrx_word' id='word_1_314' title='bbox 1166 2830 1211 2874; x_wconf 80' lang='lat' dir='ltr'><em>R</em></span> <span class='ocrx_word' id='word_1_315' title='bbox 1259 2831 1479 2884; x_wconf 76' lang='lat' dir='ltr'>Clarom.;</span> <span class='ocrx_word' id='word_1_316' title='bbox 1516 2829 1636 2874; x_wconf 84' lang='lat' dir='ltr'>faeie</span> <span class='ocrx_word' id='word_1_317' title='bbox 1682 2829 1742 2873; x_wconf 83' lang='lat' dir='ltr'>ad</span> <span class='ocrx_word' id='word_1_318' title='bbox 1785 2829 1816 2873; x_wconf 83' lang='lat' dir='ltr'>f.</span> <span class='ocrx_word' id='word_1_319' title='bbox 1848 2829 1893 2872; x_wconf 81' lang='lat' dir='ltr'><strong><em>A</em></strong></span> 
     </span>
     <span class='ocr_line' id='line_1_36' title="bbox 214 2888 960 2945; baseline 0.003 -14"><span class='ocrx_word' id='word_1_320' title='bbox 214 2889 386 2932; x_wconf 77' lang='lat' dir='ltr'>Amiat‚</span> <span class='ocrx_word' id='word_1_321' title='bbox 418 2902 443 2932; x_wconf 82' lang='lat' dir='ltr'><em>v</em></span> <span class='ocrx_word' id='word_1_322' title='bbox 467 2891 482 2945; x_wconf 84' lang='grc' dir='ltr'>ΙΙ</span> <span class='ocrx_word' id='word_1_323' title='bbox 507 2894 563 2933; x_wconf 91' lang='grc'>30</span> <span class='ocrx_word' id='word_1_324' title='bbox 595 2891 642 2932; x_wconf 78' lang='lat' dir='ltr'>et</span> <span class='ocrx_word' id='word_1_325' title='bbox 672 2888 742 2943; x_wconf 81' lang='lat' dir='ltr'>R,·</span> <span class='ocrx_word' id='word_1_326' title='bbox 772 2902 856 2933; x_wconf 91' lang='lat' dir='ltr'>om.</span> <span class='ocrx_word' id='word_1_327' title='bbox 888 2890 960 2933; x_wconf 80' lang='lat' dir='ltr'>Av</span> 
     </span>
    </p>
   </div>
  </div>
 </body>
</html>
