2004 3140
577 155 643 187 DE
668 152 906 187 CIVITATE
930 154 1019 185 DEI
1042 154 1084 186 L.
1109 153 1212 185 xm.
1237 153 1274 186 c.
1299 155 1351 187 26.
1703 142 1809 194 541

125 273 303 336 ignem.
380 267 587 317 Delicias
635 268 815 332 quippe
863 266 1012 316 huius
1061 266 1194 315 modi
1241 282 1531 331 amoresque
1570 273 1812 332 terrenOS,

125 351 330 410 propter
370 340 675 406 coniugalem
723 340 921 405 quidem
969 340 1194 405 copulam
1233 356 1332 390 non
1372 339 1685 406 damnabileS,
1724 342 1810 389 tri-

125 418 392 468 bulationis
423 417 551 480 ignis
584 421 780 480 exuret3
821 414 878 463 ad
920 430 1067 479 quem
1099 417 1351 479 pertinent
1389 417 1552 479 ignem
1594 421 1641 463 et
1681 413 1812 463 orbi-

125 499 251 542 tates
291 497 340 539 et
379 504 718 554 quaecumque
760 488 1058 538 calamitates
1098 504 1222 553 quae
1262 490 1493 538 auferunt
1530 489 1666 537 haec.
1742 489 1810 536 Ac

123 581 214 631 per
263 564 358 613 hoc
406 566 472 628 ei,
521 565 605 628 qui
644 563 939 629 aedificavit,
986 564 1081 611 erit
1120 562 1390 612 aedificatio
1431 565 1524 611 ista
1563 563 1810 628 damnosa,
1843 571 1868 611 5

125 641 239 705 quia
285 653 384 687 non
430 636 651 703 habehit,
700 637 831 701 quod
871 636 1317 703 superaedificavit,
1366 643 1414 686 et
1454 651 1627 685 eorum
1668 637 1808 684 amis·

125 716 262 763 sione
314 711 641 772 cruciabitur,
694 710 874 775 quibus
920 711 1130 760 fruendo
1179 712 1350 775 utique
1390 710 1683 776 laetabatur;
1723 709 1810 758 sed

123 803 214 853 per
252 787 384 835 hunc
423 788 587 850 ignem
627 784 788 834 salvus
828 786 923 834 erit
962 786 1138 834 merito
1179 785 1509 851 fundamenti,
1548 786 1676 850 quia,
1718 785 1810 832 etsi

124 868 293 911 utrum
339 859 389 908 id
435 859 616 908 habere
665 858 829 907 mallet
878 874 939 907 an
980 858 1230 908 Christum
1271 875 1297 908 a
1335 865 1655 924 persecutore
1696 872 1808 923 pro-

122 941 408 1001 poneretur,
446 933 566 982 illud
599 932 794 982 Christo
827 948 925 981 non
965 939 1370 997 praeponeretur.
1447 932 1566 981 Vide
1606 934 1654 981 iu
1697 948 1809 997 apo·
1844 940 1899 979 10

127 1009 239 1059 stoli
300 1007 464 1057 verbis
526 1007 776 1056 hominem
838 1006 1177 1056 aedificantem
1232 1023 1382 1072 super
1435 1007 1807 1056 fundamentum

69 1114 73 1118 -
124 1098 322 1149 aurum,
370 1088 651 1147 argentum,
690 1080 876 1145 lapides
914 1082 1182 1145 pretiosos:
1240 1083 1339 1140 Qui
1373 1084 1482 1131 sine
1519 1095 1685 1131 uxore
1724 1086 1810 1141 est,

123 1158 306 1222 inquit,
360 1158 553 1217 coqitat
596 1170 729 1216 quae
773 1161 891 1204 sunt
936 1156 1052 1216 Dei,
1106 1170 1204 1216 qao
1251 1157 1395 1205 modo
1435 1158 1643 1218 placeat
1689 1155 1809 1204 Dee.

123 1229 241 1279 Vide
274 1229 422 1279 alium
455 1228 792 1278 aedificantem
822 1228 967 1295 ligna,
999 1229 1184 1295 fenum,
1215 1229 1468 1294 stipulam:
1516 1230 1615 1288 Qui·
1645 1235 1810 1278 aulem

124 1306 443 1354 matrimonio
483 1306 685 1352 iunctus
724 1308 811 1368 est,
850 1304 1026 1369 inquit,
1066 1305 1259 1364 coqitat
1296 1318 1428 1364 quae
1465 1308 1583 1352 sunt
1619 1305 1808 1363 mundi,
1844 1309 1898 1348 15

122 1393 220 1440 quo
259 1380 403 1427 modo
429 1380 636 1440 placeat
665 1379 832 1426 uxori.
920 1377 1320 1438 Uniuscuiusque
1358 1392 1481 1440 opus
1519 1376 1808 1438 manifesta-

126 1454 291 1510 bitur;
345 1453 452 1501 dies
506 1454 637 1500 enim
693 1453 981 1500 declarabit
1033 1445 1164 1517 (dies
1214 1453 1385 1515 utique
1437 1445 1810 1517 tribulationis),

126 1528 362 1588 quoniam
393 1528 446 1574 in
479 1527 607 1586 ique,
647 1526 822 1590 inquit,
861 1526 1187 1574 revelabitur.
1249 1524 1566 1589 Eandemque
1606 1523 1808 1574 tribula-

123 1602 310 1649 tionem
347 1601 511 1664 ignem
550 1606 712 1663 vocat,
760 1600 889 1647 sicut
927 1598 1042 1647 alibi
1079 1599 1281 1663 legitur:
1340 1599 1471 1648 Vasa
1505 1601 1658 1660 figuli
1688 1613 1808 1661 pro-

123 1676 211 1723 bat
242 1672 440 1735 fornax
478 1677 528 1722 et
570 1674 794 1722 homines
833 1674 987 1722 iustos
1027 1676 1281 1735 temptatio
1321 1675 1675 1722 tribulationis,
1745 1673 1812 1722 Et
1843 1678 1899 1717 20

122 1749 520 1808 uniuscuiusque
565 1760 690 1808 opus
736 1749 885 1807 quale
929 1749 1014 1812 sit,
1063 1741 1194 1807 iqiiis
1237 1748 1489 1809 probabit.
1567 1747 1627 1795 Si
1663 1748 1810 1795 caius

122 1836 247 1884 opus
287 1823 631 1883 permanserit
680 1814 963 1887 (permanet
1009 1822 1140 1868 enim
1188 1820 1318 1884 quod
1367 1821 1575 1884 quisque
1628 1821 1810 1884 cogitat

125 1910 248 1959 quae
290 1902 406 1944 sunt
443 1893 554 1960 Dei,
594 1909 691 1959 quo
732 1893 876 1942 modo
915 1893 1105 1959 placeat
1145 1890 1294 1960 Deo),
1341 1895 1478 1955 quod
1512 1896 1806 1956 superaedi-

118 1971 296 2029 ficavit
340 1970 623 2018 mercedem
670 1970 889 2030 accipiet
949 1962 1023 2034 (id
1078 1975 1174 2034 est,
1229 1967 1359 2017 unde
1419 1969 1668 2033 cogitavit,
1714 1967 1808 2016 hoc

125 2036 334 2109 sumet);
379 2044 427 2091 si
470 2045 616 2092 cuius
663 2047 828 2090 autem
876 2056 999 2104 opas
1050 2044 1259 2103 arserit,
1311 2043 1546 2091 damnum
1581 2044 1809 2104 patietur
1841 2045 1896 2085 25

125 2110 381 2183 (quoniam
421 2115 552 2179 quod
593 2115 831 2165 dilexerat
869 2130 968 2164 non
1007 2109 1255 2182 habebit),
1293 2118 1398 2178 ipse
1437 2121 1604 2165 autem
1641 2118 1808 2164 salvus

125 2193 226 2239 erit
271 2184 411 2256 (quia
458 2188 590 2239 nulla
638 2204 751 2238 eum
798 2188 1051 2238 tribulatio
1100 2188 1159 2238 ab
1198 2188 1330 2238 illius
1369 2189 1674 2238 fundamenti
1714 2195 1807 2237 sta-

127 2263 313 2312 bilitate
347 2257 601 2330 semovit);
640 2266 715 2313 sic
755 2267 920 2312 tamen
959 2266 1109 2324 quasi
1137 2278 1236 2326 per
1275 2266 1439 2325 iqnem
1480 2257 1637 2328 (quod
1677 2264 1808 2311 enim

125 2339 231 2386 sine
270 2336 520 2386 inliciente
561 2351 726 2386 amore
766 2352 866 2385 non
894 2336 1098 2403 habuit,
1137 2338 1243 2385 sine
1283 2344 1459 2386 urente
1500 2336 1668 2385 dolore
1708 2351 1806 2384 non

127 2406 330 2477 perdit).
406 2410 558 2477 Ecce,
599 2417 836 2475 quantum
876 2410 996 2459 mihi
1034 2410 1243 2476 videtur,
1282 2412 1512 2478 inventus
1553 2417 1627 2459 est
1665 2411 1807 2474 ignis,
1839 2415 1896 2455 30

245 2554 318 2608 16)
352 2557 391 2596 1.
419 2551 520 2596 Cor.
547 2556 586 2607 7,
620 2556 675 2596 32
703 2566 768 2607 sq.
832 2553 904 2608 18)
936 2551 1004 2596 Ib.
1038 2557 1078 2606 3,
1115 2557 1182 2596 13.
1246 2553 1318 2607 20)
1352 2551 1494 2595 Eeeli.
1527 2556 1596 2607 27,
1629 2555 1669 2595 5.
1732 2553 1806 2607 28)

128 2616 166 2656 1.
202 2610 302 2656 Cor.
335 2616 376 2667 3,
412 2616 465 2654 13
497 2625 596 2666 sqq.

249 2777 272 2816 1
306 2772 442 2816 huius
474 2771 602 2816 modi
631 2772 703 2815 Rv
735 2773 860 2826 (543,
891 2774 1000 2827 32),·
1033 2771 1129 2815 eius
1160 2771 1288 2815 modi
1319 2772 1344 2816 b
1354 2788 1371 2825 ‚·
1401 2771 1538 2815 huius
1570 2772 1732 2816 mundi
1761 2772 1806 2815 A

131 2831 270 2875 Parr.
318 2832 412 2875 rell.
447 2833 463 2887 ΙΙ
497 2835 549 2875 18
595 2831 695 2888 igni
740 2830 786 2875 R
816 2832 832 2887 ΙΙ
870 2830 1155 2886 eandemque
1202 2830 1248 2874 R
1293 2831 1390 2875 edd.
1437 2835 1565 2884 vett.‚·
1612 2831 1807 2875 eandem

126 2891 199 2933 Av
223 2891 238 2946 ΙΙ
262 2894 317 2934 28
349 2890 498 2935 movit
528 2904 553 2934 v
