2004 3140
128 561 154 600 5

103 932 157 971 10

106 1300 160 1340 15

102 1669 161 1710 20

107 2038 163 2078 25

111 2400 167 2446 3'0

185 131 296 184 484
863 141 900 174 s,
926 139 1200 175 Auenszrim

186 271 326 305 suam
386 255 604 319 portanti
658 259 708 302 et
761 255 812 302 in
867 253 999 318 ligno
1054 255 1151 302 iam
1205 254 1442 319 pendenti
1495 257 1666 320 utique
1721 255 1876 306 insul-

186 335 429 379 taverunt.
505 327 720 377 Proinde
768 329 1230 392 interpretationem
1268 343 1368 377 non
1408 335 1673 394 sequentes
1712 344 1876 396 unam,

187 404 274 452 sed
328 408 588 466 utramque
641 403 928 466 iungenteS,
981 416 1093 450 cum
1149 408 1198 450 et
1244 404 1612 452 insultaverunt
1663 410 1712 452 et
1760 418 1876 453 con-

181 481 417 537 fixerunt
463 475 674 541 legimus
685 515 699 542 ,
758 475 953 540 plenius
1003 476 1261 524 veritatem
1311 476 1583 526 dominicae
1633 478 1876 542 passionis

188 552 512 615 agnoscimus,

294 651 298 654 ·
338 623 462 673 Cum
501 639 618 688 ergo
650 625 703 672 in
734 623 1039 688 propheticis
1077 622 1256 672 litteris
1295 623 1354 672 ad
1393 625 1715 674 novissimum
1752 624 1877 674 iudi-

189 701 320 748 cium
361 698 642 747 faciendum
672 697 805 747 Deus
843 697 1025 762 legitur
1065 712 1174 746 esse
1213 704 1469 764 venturUS,
1509 700 1603 747 etsi
1642 700 1748 748 eius
1788 698 1880 747 alia

190 772 442 821 distinctio
491 787 591 820 non
637 778 875 837 ponatur,
922 771 1262 820 tantummodo
1310 778 1515 836 propter
1553 773 1717 837 ipsum
1755 772 1879 821 iudi-

190 848 323 894 cium
373 845 600 894 Christus
648 845 796 894 debet
841 845 1086 911 intellegi,
1134 847 1249 909 quia
1301 847 1395 894 etsi
1432 845 1579 894 Pater
1628 845 1879 910 iudicabit,

189 935 280 985 per
319 919 583 969 adventum
621 919 708 967 filii
747 919 961 968 hominis
999 918 1250 968 iudicabit.
1325 918 1450 968 Nam
1486 921 1592 984 ipse
1631 935 1723 985 per
1762 934 1879 968 suae

189 995 498 1059 praesentiae
545 994 995 1043 manifestationem
1042 1008 1142 1043 non
1191 995 1388 1043 iudicat
1424 1008 1745 1055 quemquam,
1792 995 1884 1043 sed

190 1082 334 1117 omne
381 1070 627 1118 iudicium
675 1069 817 1118 dedit
854 1069 1005 1128 Filio,
1055 1069 1140 1132 qui
1187 1066 1582 1116 manifestabitur
1621 1067 1768 1116 homo
1806 1069 1881 1116 iu·

191 1142 461 1208 dicaturUS‚
502 1143 632 1190 sicut
662 1141 810 1190 homo
844 1147 920 1191 est
958 1141 1216 1191 iudicatus.
1296 1140 1417 1199 Quis
1457 1147 1534 1190 est
1572 1143 1704 1190 enim
1743 1141 1882 1206 alim,

192 1215 252 1264 de
293 1231 391 1279 quo
430 1217 550 1264 item
582 1215 714 1265 Deus
753 1215 974 1280 loquitur
1011 1230 1103 1280 per
1134 1214 1327 1264 Esaiam
1367 1214 1460 1264 sub
1499 1218 1697 1264 nomine
1737 1213 1881 1264 Iacob

195 1296 243 1339 et
282 1288 448 1356 Israel,
488 1289 548 1338 de
583 1292 726 1339 cuius
767 1291 954 1338 semine
996 1304 1178 1354 corpus
1219 1286 1446 1354 accepit?
1485 1289 1616 1353 quod
1655 1290 1723 1338 ita
1762 1290 1881 1338 scri-

191 1370 335 1428 ptum
367 1369 468 1412 est:
510 1364 666 1413 Iacob
693 1379 829 1427 puer
868 1378 1019 1425 meus,
1058 1366 1334 1425 suscipiam
1374 1365 1512 1413 illum
1520 1381 1540 1421 ;
1582 1364 1751 1412 Israel
1786 1365 1880 1412 ele-

192 1443 304 1487 ctus
350 1451 510 1498 meus,
558 1439 837 1499 adsumpsit
883 1452 995 1487 eum
1041 1439 1213 1486 anima
1263 1451 1387 1486 mea.
1466 1437 1600 1486 Dedi
1637 1437 1884 1499 Spiritum

191 1524 355 1560 meum
394 1513 447 1560 in
479 1514 630 1571 illum,
673 1513 920 1561 iudicium
952 1512 1188 1572 centibus
1221 1510 1467 1573 proferet.
1545 1512 1657 1560 Non
1695 1513 1882 1560 clama-

193 1586 267 1634 bit
302 1599 463 1646 neque
501 1586 719 1634 cessabit
757 1600 919 1647 neque
958 1587 1199 1634 audietur
1233 1584 1366 1646 foris
1403 1599 1503 1634 vox
1541 1587 1661 1634 eius.
1705 1591 1707 1594 ‘
1738 1584 1883 1634 Cala-

193 1673 326 1707 mum
371 1665 666 1719 quassatum
711 1674 812 1708 non
859 1664 1087 1708 conteret
1135 1664 1183 1708 et
1222 1661 1379 1707 linum
1412 1657 1619 1719 fumans
1658 1672 1758 1708 nou
1797 1672 1884 1708 ex-

195 1735 417 1794 tinquet;
463 1735 556 1782 sed
599 1736 653 1782 in
698 1736 914 1783 veritate
960 1731 1197 1795 proferet
1249 1734 1508 1782 iudicium.
1595 1732 1887 1794 Refulqebit

194 1812 245 1855 et
281 1820 383 1856 non
421 1805 799 1869 confriuqetur,
849 1809 1009 1856 donec
1050 1811 1214 1868 ponat
1251 1809 1304 1855 in
1344 1812 1488 1855 terra
1528 1808 1800 1863 iudicium;
1839 1810 1888 1856 et

195 1883 248 1929 in
288 1882 486 1929 nomine
525 1883 634 1930 cius
676 1887 853 1942 yentes
899 1882 1191 1942 sperabunt.
1269 1879 1326 1928 In
1364 1878 1589 1928 Hebraeo
1630 1894 1730 1928 non
1767 1878 1885 1944 legi·

195 1961 279 2002 tur
319 1954 475 2003 Iacob
523 1960 574 2003 et
613 1955 785 2005 Israel
789 1973 808 2012 ;
855 1954 942 2003 sed
993 1953 1125 2018 quod
1171 1953 1240 2002 ibi
1287 1953 1467 2018 legitur
1512 1968 1688 2003 servus
1733 1967 1887 2013 meus,

196 2029 433 2077 nimirum
481 2030 790 2092 septuaginta
837 2030 1136 2092 interpretes
1183 2026 1404 2076 volentes
1453 2027 1718 2076 admonere
1769 2040 1885 2091 qua-

195 2107 343 2149 tenus
396 2101 447 2149 id
498 2101 841 2166 accipiendum
889 2103 993 2167 sit‚‘
1028 2103 1142 2165 quia
1190 2100 1378 2150 scilicet
1422 2107 1628 2166 propter
1678 2101 1887 2149 formam

198 2175 329 2222 servi
368 2173 556 2222 dictum
597 2181 694 2240 est,
739 2177 791 2223 in
831 2189 927 2238 qua
966 2190 1019 2223 se
1058 2174 1338 2237 Altissimus
1377 2174 1705 2223 humillimum
1745 2188 1887 2239 prae-⁷

196 2246 320 2313 buit,
343 2248 501 2312 ipsius
525 2247 739 2297 hominis
764 2263 946 2296 nomen
971 2247 1031 2295 ad
1057 2262 1171 2296 eum
1195 2247 1571 2311 significandum
1593 2253 1887 2313 posuerunt,

198 2320 259 2369 de
299 2322 442 2370 cuius
482 2336 680 2385 genere·
712 2321 883 2371 eadem
934 2323 1063 2370 servi
1102 2322 1259 2369 forma
1298 2327 1528 2385 suscepta
1567 2327 1656 2370 est.
1733 2320 1886 2370 Datus

201 2400 276 2443 est
329 2396 381 2443 in
429 2409 542 2444 eum
595 2394 810 2460 Spiritus
858 2402 1080 2460 sanctus,
1135 2394 1267 2458 quod
1315 2401 1365 2443 et
1415 2393 1668 2443 columbae
1721 2395 1885 2460 specie

201 2467 450 2532 evangelio
501 2474 629 2518 teste
680 2475 1009 2518 monstratum
1057 2474 1153 2534 est3
1203 2467 1443 2517 iudicium
1492 2467 1723 2532 gentibus
1772 2483 1885 2532 pro·

320 2627 392 2680 12)
426 2626 489 2669 Io.
523 2629 565 2681 5,
596 2630 667 2670 22.
731 2627 806 2680 23)
837 2624 958 2668 Esai.
990 2630 1060 2680 42,
1098 2629 1119 2668 1
1155 2638 1252 2680 sqq.
1317 2626 1390 2681 30)
1424 2625 1506 2670 Mt.
1539 2630 1581 2680 3,
1616 2629 1684 2670 16.

323 2822 376 2860 19
417 2829 566 2872 neque
607 2816 826 2874 cessabit]
872 2829 1020 2871 neque
1059 2815 1301 2860 contendit
1337 2829 1366 2872 9
1402 2816 1596 2870 (lustin.
1641 2815 1811 2874 Tryph.
1834 2828 1886 2859 rc.

202 2877 320 2930 1233
353 2874 511 2919 Sabat.
546 2875 617 2919 II
641 2879 839 2950 p.·584;
870 2876 946 2920 sed
976 2875 1031 2930 cf.
1062 2878 1169 2928 485,
1202 2879 1252 2930 3)
