<?xml version="1.0" encoding="UTF-8"?>
<!DOCTYPE html PUBLIC "-//W3C//DTD XHTML 1.0 Transitional//EN"
    "http://www.w3.org/TR/xhtml1/DTD/xhtml1-transitional.dtd">
<html xmlns="http://www.w3.org/1999/xhtml" xml:lang="en" lang="en">
 <head>
  <title>
</title>
<meta http-equiv="Content-Type" content="text/html;charset=utf-8" />
  <meta name='ocr-system' content='tesseract 3.04.00' />
  <meta name='ocr-capabilities' content='ocr_page ocr_carea ocr_par ocr_line ocrx_word'/>
</head>
<body>
  <div class='ocr_page' id='page_1' title='image "./decivitatedeilib02auguuoft_0278.png"; bbox 0 0 2004 3140; ppageno 0'>
   <div class='ocr_carea' id='block_1_1' title="bbox 247 146 1256 198">
    <p class='ocr_par' dir='ltr' id='par_1_1' title="bbox 247 146 1256 198">
     <span class='ocr_line' id='line_1_1' title="bbox 247 146 1256 198; baseline -0.009 0"><span class='ocrx_word' id='word_1_1' title='bbox 247 146 358 198; x_wconf 77' lang='lat'><strong>274</strong></span> <span class='ocrx_word' id='word_1_2' title='bbox 923 156 957 190; x_wconf 84' lang='lat' dir='ltr'><strong>s.</strong></span> <span class='ocrx_word' id='word_1_3' title='bbox 980 156 1256 192; x_wconf 73' lang='lat' dir='ltr'><strong>Aueus&#39;rm</strong></span> 
     </span>
    </p>
   </div>
   <div class='ocr_carea' id='block_1_2' title="bbox 813 323 1373 495">
    <p class='ocr_par' dir='ltr' id='par_1_2' title="bbox 813 323 1373 495">
     <span class='ocr_line' id='line_1_2' title="bbox 904 323 1277 379; baseline 0 -1"><span class='ocrx_word' id='word_1_4' title='bbox 904 323 1098 378; x_wconf 79' lang='lat' dir='ltr'>CAPUT</span> <span class='ocrx_word' id='word_1_5' title='bbox 1130 325 1277 379; x_wconf 89' lang='lat' dir='ltr'>XIV.</span> 
     </span>
     <span class='ocr_line' id='line_1_3' title="bbox 813 433 1373 495; baseline 0.002 -14"><span class='ocrx_word' id='word_1_6' title='bbox 813 433 889 482; x_wconf 83' lang='lat' dir='ltr'><strong>De</strong></span> <span class='ocrx_word' id='word_1_7' title='bbox 928 434 1167 495; x_wconf 69' lang='lat' dir='ltr'><strong>theoloqz&#39;s</strong></span> <span class='ocrx_word' id='word_1_8' title='bbox 1199 435 1373 495; x_wconf 81' lang='lat' dir='ltr'><strong>poetis.</strong></span> 
     </span>
    </p>
   </div>
   <div class='ocr_carea' id='block_1_3' title="bbox 158 535 1943 2002">
    <p class='ocr_par' dir='ltr' id='par_1_3' title="bbox 404 535 1943 604">
     <span class='ocr_line' id='line_1_4' title="bbox 404 535 1943 604; baseline 0.003 -20"><span class='ocrx_word' id='word_1_9' title='bbox 404 535 500 584; x_wconf 90' lang='lat' dir='ltr'><strong>Per</strong></span> <span class='ocrx_word' id='word_1_10' title='bbox 530 535 662 584; x_wconf 90' lang='lat' dir='ltr'><strong>idem</strong></span> <span class='ocrx_word' id='word_1_11' title='bbox 694 537 934 601; x_wconf 89' lang='lat' dir='ltr'><strong>temporis</strong></span> <span class='ocrx_word' id='word_1_12' title='bbox 964 535 1277 585; x_wconf 87' lang='lat' dir='ltr'><strong>intervallum</strong></span> <span class='ocrx_word' id='word_1_13' title='bbox 1315 538 1587 586; x_wconf 84' lang='lat' dir='ltr'><strong>extiterunt</strong></span> <span class='ocrx_word' id='word_1_14' title='bbox 1624 543 1816 604; x_wconf 86' lang='lat' dir='ltr'><strong>poetae,</strong></span> <span class='ocrx_word' id='word_1_15' title='bbox 1855 540 1943 603; x_wconf 80' lang='lat' dir='ltr'><strong>qui</strong></span> 
     </span>
    </p>

    <p class='ocr_par' dir='ltr' id='par_1_4' title="bbox 252 608 1941 675">
     <span class='ocr_line' id='line_1_5' title="bbox 252 608 1941 675; baseline 0.002 -17"><span class='ocrx_word' id='word_1_16' title='bbox 252 611 399 659; x_wconf 87' lang='lat' dir='ltr'><strong>etiam</strong></span> <span class='ocrx_word' id='word_1_17' title='bbox 439 608 655 674; x_wconf 83' lang='lat' dir='ltr'><strong>theologi</strong></span> <span class='ocrx_word' id='word_1_18' title='bbox 694 609 996 675; x_wconf 81' lang='lat' dir='ltr'><strong>dicerentur,</strong></span> <span class='ocrx_word' id='word_1_19' title='bbox 1036 611 1268 674; x_wconf 89' lang='lat' dir='ltr'><strong>quoniam</strong></span> <span class='ocrx_word' id='word_1_20' title='bbox 1307 609 1366 658; x_wconf 91' lang='lat' dir='ltr'><strong>de</strong></span> <span class='ocrx_word' id='word_1_21' title='bbox 1407 609 1501 659; x_wconf 89' lang='lat' dir='ltr'><strong>diis</strong></span> <span class='ocrx_word' id='word_1_22' title='bbox 1540 612 1756 660; x_wconf 85' lang='lat' dir='ltr'><strong>earmina</strong></span> <span class='ocrx_word' id='word_1_23' title='bbox 1794 612 1941 661; x_wconf 83' lang='lat' dir='ltr'><strong>facie-</strong></span> 
     </span>
    </p>

    <p class='ocr_par' dir='ltr' id='par_1_5' title="bbox 158 681 1941 2002">
     <span class='ocr_line' id='line_1_6' title="bbox 190 681 1941 749; baseline 0.002 -17"><span class='ocrx_word' id='word_1_24' title='bbox 190 693 217 732; x_wconf 84' lang='lat'>5</span> <span class='ocrx_word' id='word_1_25' title='bbox 251 683 395 749; x_wconf 86' lang='lat' dir='ltr'><strong>bant,</strong></span> <span class='ocrx_word' id='word_1_26' title='bbox 451 683 537 732; x_wconf 88' lang='lat' dir='ltr'><strong>sed</strong></span> <span class='ocrx_word' id='word_1_27' title='bbox 584 681 765 733; x_wconf 83' lang='lat' dir='ltr'><strong>talibus</strong></span> <span class='ocrx_word' id='word_1_28' title='bbox 812 683 931 749; x_wconf 86' lang='lat' dir='ltr'><strong>diis,</strong></span> <span class='ocrx_word' id='word_1_29' title='bbox 987 685 1073 747; x_wconf 89' lang='lat' dir='ltr'><strong>qui</strong></span> <span class='ocrx_word' id='word_1_30' title='bbox 1110 683 1227 732; x_wconf 86' lang='lat' dir='ltr'><strong>licet</strong></span> <span class='ocrx_word' id='word_1_31' title='bbox 1266 685 1430 748; x_wconf 88' lang='lat' dir='ltr'><strong>magni</strong></span> <span class='ocrx_word' id='word_1_32' title='bbox 1467 683 1720 749; x_wconf 88' lang='lat' dir='ltr'><strong>homines,</strong></span> <span class='ocrx_word' id='word_1_33' title='bbox 1774 691 1941 735; x_wconf 86' lang='lat' dir='ltr'><strong>tamen</strong></span> 
     </span>
     <span class='ocr_line' id='line_1_7' title="bbox 248 756 1939 823; baseline 0.001 -17"><span class='ocrx_word' id='word_1_34' title='bbox 248 757 474 806; x_wconf 91' lang='lat' dir='ltr'><strong>homines</strong></span> <span class='ocrx_word' id='word_1_35' title='bbox 523 757 728 806; x_wconf 88' lang='lat' dir='ltr'><strong>fuerunt</strong></span> <span class='ocrx_word' id='word_1_36' title='bbox 776 764 860 806; x_wconf 87' lang='lat' dir='ltr'><strong>aut</strong></span> <span class='ocrx_word' id='word_1_37' title='bbox 906 757 1077 806; x_wconf 89' lang='lat' dir='ltr'><strong>mundi</strong></span> <span class='ocrx_word' id='word_1_38' title='bbox 1115 756 1285 823; x_wconf 80' lang='lat' dir='ltr'><strong>huiuS,</strong></span> <span class='ocrx_word' id='word_1_39' title='bbox 1326 772 1473 821; x_wconf 91' lang='lat' dir='ltr'><strong>quem</strong></span> <span class='ocrx_word' id='word_1_40' title='bbox 1512 772 1660 807; x_wconf 84' lang='lat' dir='ltr'><strong>verus</strong></span> <span class='ocrx_word' id='word_1_41' title='bbox 1699 757 1831 807; x_wconf 92' lang='lat' dir='ltr'><strong>Deus</strong></span> <span class='ocrx_word' id='word_1_42' title='bbox 1870 759 1939 808; x_wconf 88' lang='lat' dir='ltr'><strong>fe·</strong></span> 
     </span>
     <span class='ocr_line' id='line_1_8' title="bbox 250 830 1937 897; baseline 0 -17"><span class='ocrx_word' id='word_1_43' title='bbox 250 833 341 897; x_wconf 80' lang='lat' dir='ltr'><strong>cit,</strong></span> <span class='ocrx_word' id='word_1_44' title='bbox 398 831 639 880; x_wconf 90' lang='lat' dir='ltr'><strong>elementa</strong></span> <span class='ocrx_word' id='word_1_45' title='bbox 698 838 815 880; x_wconf 91' lang='lat' dir='ltr'><strong>sunt</strong></span> <span class='ocrx_word' id='word_1_46' title='bbox 865 837 949 879; x_wconf 91' lang='lat' dir='ltr'><strong>aut</strong></span> <span class='ocrx_word' id='word_1_47' title='bbox 994 832 1047 879; x_wconf 92' lang='lat' dir='ltr'><strong>in</strong></span> <span class='ocrx_word' id='word_1_48' title='bbox 1092 830 1452 895; x_wconf 84' lang='lat' dir='ltr'><strong>principatibus</strong></span> <span class='ocrx_word' id='word_1_49' title='bbox 1505 838 1555 880; x_wconf 92' lang='lat' dir='ltr'><strong>et</strong></span> <span class='ocrx_word' id='word_1_50' title='bbox 1605 831 1937 897; x_wconf 81' lang='lat' dir='ltr'><strong>potestatibus</strong></span> 
     </span>
     <span class='ocr_line' id='line_1_9' title="bbox 248 903 1938 971; baseline 0.001 -18"><span class='ocrx_word' id='word_1_51' title='bbox 248 920 338 969; x_wconf 89' lang='lat' dir='ltr'><strong>pro</strong></span> <span class='ocrx_word' id='word_1_52' title='bbox 394 904 643 954; x_wconf 86' lang='lat' dir='ltr'><strong>voluntate</strong></span> <span class='ocrx_word' id='word_1_53' title='bbox 700 903 949 953; x_wconf 84' lang='lat' dir='ltr'><strong>Creatoris</strong></span> <span class='ocrx_word' id='word_1_54' title='bbox 1004 910 1053 953; x_wconf 90' lang='lat' dir='ltr'><strong>et</strong></span> <span class='ocrx_word' id='word_1_55' title='bbox 1107 906 1210 954; x_wconf 89' lang='lat' dir='ltr'><strong>suis</strong></span> <span class='ocrx_word' id='word_1_56' title='bbox 1265 906 1456 954; x_wconf 87' lang='lat' dir='ltr'><strong>meritis</strong></span> <span class='ocrx_word' id='word_1_57' title='bbox 1507 904 1758 971; x_wconf 87' lang='lat' dir='ltr'><strong>ordinati,-</strong></span> <span class='ocrx_word' id='word_1_58' title='bbox 1795 911 1846 955; x_wconf 90' lang='lat' dir='ltr'><strong>et</strong></span> <span class='ocrx_word' id='word_1_59' title='bbox 1895 908 1938 955; x_wconf 91' lang='lat' dir='ltr'><strong>si</strong></span> 
     </span>
     <span class='ocr_line' id='line_1_10' title="bbox 249 977 1935 1043; baseline 0.001 -16"><span class='ocrx_word' id='word_1_60' title='bbox 249 977 368 1043; x_wconf 88' lang='lat' dir='ltr'><strong>quid</strong></span> <span class='ocrx_word' id='word_1_61' title='bbox 418 978 478 1027; x_wconf 89' lang='lat' dir='ltr'><strong>de</strong></span> <span class='ocrx_word' id='word_1_62' title='bbox 530 994 631 1027; x_wconf 90' lang='lat' dir='ltr'><strong>uno</strong></span> <span class='ocrx_word' id='word_1_63' title='bbox 683 994 798 1037; x_wconf 71' lang='lat' dir='ltr'><strong>vero</strong></span> <span class='ocrx_word' id='word_1_64' title='bbox 849 977 951 1027; x_wconf 90' lang='lat' dir='ltr'><strong>Deo</strong></span> <span class='ocrx_word' id='word_1_65' title='bbox 1002 980 1132 1027; x_wconf 88' lang='lat' dir='ltr'><strong>inter</strong></span> <span class='ocrx_word' id='word_1_66' title='bbox 1182 978 1335 1027; x_wconf 88' lang='lat' dir='ltr'><strong>multa</strong></span> <span class='ocrx_word' id='word_1_67' title='bbox 1385 994 1507 1027; x_wconf 88' lang='lat' dir='ltr'><strong>vana</strong></span> <span class='ocrx_word' id='word_1_68' title='bbox 1554 986 1602 1028; x_wconf 90' lang='lat' dir='ltr'><strong>et</strong></span> <span class='ocrx_word' id='word_1_69' title='bbox 1650 978 1769 1029; x_wconf 86' lang='lat' dir='ltr'><strong>salsa</strong></span> <span class='ocrx_word' id='word_1_70' title='bbox 1809 981 1935 1028; x_wconf 85' lang='lat' dir='ltr'><strong>oeci-</strong></span> 
     </span>
     <span class='ocr_line' id='line_1_11' title="bbox 161 1050 1934 1119; baseline 0.001 -18"><span class='ocrx_word' id='word_1_71' title='bbox 161 1062 216 1101; x_wconf 91' lang='lat'><strong>10</strong></span> <span class='ocrx_word' id='word_1_72' title='bbox 250 1054 438 1118; x_wconf 87' lang='lat' dir='ltr'><strong>nerint,</strong></span> <span class='ocrx_word' id='word_1_73' title='bbox 485 1052 689 1101; x_wconf 87' lang='lat' dir='ltr'><strong>colendo</strong></span> <span class='ocrx_word' id='word_1_74' title='bbox 742 1067 856 1101; x_wconf 84' lang='lat' dir='ltr'><strong>cum</strong></span> <span class='ocrx_word' id='word_1_75' title='bbox 901 1050 984 1100; x_wconf 87' lang='lat' dir='ltr'><strong>illo</strong></span> <span class='ocrx_word' id='word_1_76' title='bbox 1024 1051 1167 1118; x_wconf 81' lang='lat' dir='ltr'><strong>alioS,</strong></span> <span class='ocrx_word' id='word_1_77' title='bbox 1214 1053 1300 1116; x_wconf 90' lang='lat' dir='ltr'><strong>qui</strong></span> <span class='ocrx_word' id='word_1_78' title='bbox 1339 1052 1407 1102; x_wconf 92' lang='lat' dir='ltr'><strong>dii</strong></span> <span class='ocrx_word' id='word_1_79' title='bbox 1445 1068 1545 1102; x_wconf 90' lang='lat' dir='ltr'><strong>non</strong></span> <span class='ocrx_word' id='word_1_80' title='bbox 1585 1059 1723 1119; x_wconf 86' lang='lat' dir='ltr'><strong>sunt,</strong></span> <span class='ocrx_word' id='word_1_81' title='bbox 1762 1054 1934 1118; x_wconf 89' lang='lat' dir='ltr'><strong>eisque</strong></span> 
     </span>
     <span class='ocr_line' id='line_1_12' title="bbox 250 1125 1936 1193; baseline 0.001 -19"><span class='ocrx_word' id='word_1_82' title='bbox 250 1126 526 1175; x_wconf 87' lang='lat' dir='ltr'><strong>exhibendo</strong></span> <span class='ocrx_word' id='word_1_83' title='bbox 559 1125 863 1190; x_wconf 87' lang='lat' dir='ltr'><strong>famulatum,</strong></span> <span class='ocrx_word' id='word_1_84' title='bbox 906 1127 991 1190; x_wconf 89' lang='lat' dir='ltr'><strong>qui</strong></span> <span class='ocrx_word' id='word_1_85' title='bbox 1017 1127 1104 1175; x_wconf 89' lang='lat' dir='ltr'><strong>uni</strong></span> <span class='ocrx_word' id='word_1_86' title='bbox 1132 1132 1325 1175; x_wconf 87' lang='lat' dir='ltr'><strong>tantum</strong></span> <span class='ocrx_word' id='word_1_87' title='bbox 1353 1126 1563 1176; x_wconf 87' lang='lat' dir='ltr'><strong>debetur</strong></span> <span class='ocrx_word' id='word_1_88' title='bbox 1593 1125 1716 1193; x_wconf 86' lang='lat' dir='ltr'><strong>Deo,</strong></span> <span class='ocrx_word' id='word_1_89' title='bbox 1751 1141 1851 1176; x_wconf 90' lang='lat' dir='ltr'><strong>non</strong></span> <span class='ocrx_word' id='word_1_90' title='bbox 1889 1128 1936 1176; x_wconf 90' lang='lat' dir='ltr'><strong>ei</strong></span> 
     </span>
     <span class='ocr_line' id='line_1_13' title="bbox 249 1198 1937 1264; baseline 0 -15"><span class='ocrx_word' id='word_1_91' title='bbox 249 1202 420 1264; x_wconf 86' lang='lat' dir='ltr'><strong>utique</strong></span> <span class='ocrx_word' id='word_1_92' title='bbox 454 1202 548 1249; x_wconf 85' lang='lat' dir='ltr'><strong>rite</strong></span> <span class='ocrx_word' id='word_1_93' title='bbox 587 1201 866 1249; x_wconf 85' lang='lat' dir='ltr'><strong>servierunt</strong></span> <span class='ocrx_word' id='word_1_94' title='bbox 905 1214 996 1248; x_wconf 84' lang='lat' dir='ltr'><strong>nec</strong></span> <span class='ocrx_word' id='word_1_95' title='bbox 1037 1214 1062 1248; x_wconf 89' lang='lat' dir='ltr'><strong>a</strong></span> <span class='ocrx_word' id='word_1_96' title='bbox 1103 1198 1323 1249; x_wconf 86' lang='lat' dir='ltr'><strong>fabuloso</strong></span> <span class='ocrx_word' id='word_1_97' title='bbox 1364 1200 1571 1249; x_wconf 87' lang='lat' dir='ltr'><strong>deorum</strong></span> <span class='ocrx_word' id='word_1_98' title='bbox 1611 1215 1817 1249; x_wconf 86' lang='lat' dir='ltr'><strong>suorum</strong></span> <span class='ocrx_word' id='word_1_99' title='bbox 1854 1199 1937 1249; x_wconf 92' lang='lat' dir='ltr'><strong>de-</strong></span> 
     </span>
     <span class='ocr_line' id='line_1_14' title="bbox 249 1272 1941 1340; baseline 0 -18"><span class='ocrx_word' id='word_1_100' title='bbox 249 1274 428 1322; x_wconf 81' lang='lat' dir='ltr'><strong>decore</strong></span> <span class='ocrx_word' id='word_1_101' title='bbox 480 1275 627 1322; x_wconf 88' lang='lat' dir='ltr'><strong>etiam</strong></span> <span class='ocrx_word' id='word_1_102' title='bbox 683 1275 779 1338; x_wconf 87' lang='lat' dir='ltr'><strong>ipsi</strong></span> <span class='ocrx_word' id='word_1_103' title='bbox 837 1289 890 1322; x_wconf 91' lang='lat' dir='ltr'><strong>se</strong></span> <span class='ocrx_word' id='word_1_104' title='bbox 950 1273 1197 1322; x_wconf 87' lang='lat' dir='ltr'><strong>abstinere</strong></span> <span class='ocrx_word' id='word_1_105' title='bbox 1248 1280 1520 1338; x_wconf 86' lang='lat' dir='ltr'><strong>potuerunt</strong></span> <span class='ocrx_word' id='word_1_106' title='bbox 1570 1301 1640 1309; x_wconf 90' lang='lat'><strong>—-</strong></span> <span class='ocrx_word' id='word_1_107' title='bbox 1693 1272 1941 1340; x_wconf 78' lang='lat' dir='ltr'><strong>OrpheUS,</strong></span> 
     </span>
     <span class='ocr_line' id='line_1_15' title="bbox 249 1346 1938 1413; baseline 0 -17"><span class='ocrx_word' id='word_1_108' title='bbox 249 1346 494 1413; x_wconf 81' lang='lat' dir='ltr'><strong>MusaeuS,</strong></span> <span class='ocrx_word' id='word_1_109' title='bbox 533 1346 700 1396; x_wconf 82' lang='lat' dir='ltr'><strong>Linus,</strong></span> <span class='ocrx_word' id='word_1_110' title='bbox 779 1346 961 1395; x_wconf 88' lang='lat' dir='ltr'><strong>Verum</strong></span> <span class='ocrx_word' id='word_1_111' title='bbox 992 1348 1075 1396; x_wconf 88' lang='lat' dir='ltr'><strong>isti</strong></span> <span class='ocrx_word' id='word_1_112' title='bbox 1115 1346 1331 1412; x_wconf 88' lang='lat' dir='ltr'><strong>theologi</strong></span> <span class='ocrx_word' id='word_1_113' title='bbox 1370 1347 1489 1396; x_wconf 88' lang='lat' dir='ltr'><strong>deos</strong></span> <span class='ocrx_word' id='word_1_114' title='bbox 1522 1347 1798 1413; x_wconf 86' lang='lat' dir='ltr'><strong>coluerunt,</strong></span> <span class='ocrx_word' id='word_1_115' title='bbox 1838 1362 1938 1396; x_wconf 89' lang='lat' dir='ltr'><strong>non</strong></span> 
     </span>
     <span class='ocr_line' id='line_1_16' title="bbox 164 1420 1938 1486; baseline 0 -16"><span class='ocrx_word' id='word_1_116' title='bbox 164 1429 219 1470; x_wconf 82' lang='lat'><strong>15</strong></span> <span class='ocrx_word' id='word_1_117' title='bbox 250 1437 342 1486; x_wconf 89' lang='lat' dir='ltr'><strong>pro</strong></span> <span class='ocrx_word' id='word_1_118' title='bbox 392 1421 483 1470; x_wconf 88' lang='lat' dir='ltr'><strong>diis</strong></span> <span class='ocrx_word' id='word_1_119' title='bbox 532 1421 651 1470; x_wconf 83' lang='lat' dir='ltr'><strong>culti</strong></span> <span class='ocrx_word' id='word_1_120' title='bbox 699 1427 836 1486; x_wconf 82' lang='lat' dir='ltr'><strong>sunt3</strong></span> <span class='ocrx_word' id='word_1_121' title='bbox 884 1422 1104 1484; x_wconf 88' lang='lat' dir='ltr'><strong>quamvis</strong></span> <span class='ocrx_word' id='word_1_122' title='bbox 1145 1420 1398 1485; x_wconf 86' lang='lat' dir='ltr'><strong>Orpheum</strong></span> <span class='ocrx_word' id='word_1_123' title='bbox 1445 1422 1613 1470; x_wconf 85' lang='lat' dir='ltr'><strong>nescio</strong></span> <span class='ocrx_word' id='word_1_124' title='bbox 1654 1436 1751 1485; x_wconf 88' lang='lat' dir='ltr'><strong>quo</strong></span> <span class='ocrx_word' id='word_1_125' title='bbox 1791 1420 1938 1470; x_wconf 92' lang='lat' dir='ltr'><strong>modo</strong></span> 
     </span>
     <span class='ocr_line' id='line_1_17' title="bbox 251 1494 1937 1560; baseline -0.001 -16"><span class='ocrx_word' id='word_1_126' title='bbox 251 1495 460 1544; x_wconf 76' lang='lat' dir='ltr'><strong>infernis</strong></span> <span class='ocrx_word' id='word_1_127' title='bbox 500 1496 654 1543; x_wconf 88' lang='lat' dir='ltr'><strong>sacris</strong></span> <span class='ocrx_word' id='word_1_128' title='bbox 693 1494 769 1542; x_wconf 86' lang='lat' dir='ltr'><strong>vel</strong></span> <span class='ocrx_word' id='word_1_129' title='bbox 806 1495 971 1559; x_wconf 87' lang='lat' dir='ltr'><strong>potius</strong></span> <span class='ocrx_word' id='word_1_130' title='bbox 1012 1494 1281 1559; x_wconf 80' lang='lat' dir='ltr'><strong>sacrilegiis</strong></span> <span class='ocrx_word' id='word_1_131' title='bbox 1320 1495 1590 1560; x_wconf 84' lang='lat' dir='ltr'><strong>praeficere</strong></span> <span class='ocrx_word' id='word_1_132' title='bbox 1630 1494 1783 1544; x_wconf 82' lang='lat' dir='ltr'><strong>soleat</strong></span> <span class='ocrx_word' id='word_1_133' title='bbox 1822 1496 1937 1544; x_wconf 87' lang='lat' dir='ltr'>civi-</span> 
     </span>
     <span class='ocr_line' id='line_1_18' title="bbox 250 1566 1938 1634; baseline 0 -17"><span class='ocrx_word' id='word_1_134' title='bbox 250 1576 325 1617; x_wconf 85' lang='lat' dir='ltr'><strong>tas</strong></span> <span class='ocrx_word' id='word_1_135' title='bbox 364 1570 644 1633; x_wconf 88' lang='lat' dir='ltr'><strong>impiorum.</strong></span> <span class='ocrx_word' id='word_1_136' title='bbox 680 1597 695 1601; x_wconf 61' lang='grc'><strong><em>«</em></strong></span> <span class='ocrx_word' id='word_1_137' title='bbox 720 1566 855 1617; x_wconf 84' lang='lat' dir='ltr'><strong>Uxor</strong></span> <span class='ocrx_word' id='word_1_138' title='bbox 893 1575 1058 1617; x_wconf 86' lang='lat' dir='ltr'><strong>autem</strong></span> <span class='ocrx_word' id='word_1_139' title='bbox 1097 1570 1229 1632; x_wconf 83' lang='lat' dir='ltr'><strong>regis</strong></span> <span class='ocrx_word' id='word_1_140' title='bbox 1268 1567 1593 1634; x_wconf 82' lang='lat' dir='ltr'><strong>AthamantiS‚</strong></span> <span class='ocrx_word' id='word_1_141' title='bbox 1633 1583 1758 1633; x_wconf 88' lang='lat' dir='ltr'><strong>quae</strong></span> <span class='ocrx_word' id='word_1_142' title='bbox 1798 1583 1938 1617; x_wconf 86' lang='lat' dir='ltr'><strong>voca-</strong></span> 
     </span>
     <span class='ocr_line' id='line_1_19' title="bbox 248 1641 1939 1709; baseline 0 -18"><span class='ocrx_word' id='word_1_143' title='bbox 248 1641 395 1691; x_wconf 83' lang='lat' dir='ltr'><strong>batur</strong></span> <span class='ocrx_word' id='word_1_144' title='bbox 440 1641 549 1709; x_wconf 86' lang='lat' dir='ltr'><strong>In0‚</strong></span> <span class='ocrx_word' id='word_1_145' title='bbox 598 1649 647 1690; x_wconf 88' lang='lat' dir='ltr'><strong>et</strong></span> <span class='ocrx_word' id='word_1_146' title='bbox 695 1643 802 1691; x_wconf 90' lang='lat' dir='ltr'><strong>eius</strong></span> <span class='ocrx_word' id='word_1_147' title='bbox 849 1642 980 1691; x_wconf 88' lang='lat' dir='ltr'><strong>filius</strong></span> <span class='ocrx_word' id='word_1_148' title='bbox 1018 1641 1296 1691; x_wconf 85' lang='lat' dir='ltr'><strong>Melicertes</strong></span> <span class='ocrx_word' id='word_1_149' title='bbox 1335 1643 1624 1707; x_wconf 82' lang='lat' dir='ltr'><strong>praecipitio</strong></span> <span class='ocrx_word' id='word_1_150' title='bbox 1666 1648 1939 1707; x_wconf 89' lang='lat' dir='ltr'><strong>spontaneo</strong></span> 
     </span>
     <span class='ocr_line' id='line_1_20' title="bbox 247 1714 1939 1781; baseline 0 -17"><span class='ocrx_word' id='word_1_151' title='bbox 247 1717 300 1764; x_wconf 90' lang='lat' dir='ltr'><strong>in</strong></span> <span class='ocrx_word' id='word_1_152' title='bbox 355 1717 479 1764; x_wconf 88' lang='lat' dir='ltr'><strong>mari</strong></span> <span class='ocrx_word' id='word_1_153' title='bbox 534 1717 794 1781; x_wconf 87' lang='lat' dir='ltr'><strong>perierunt</strong></span> <span class='ocrx_word' id='word_1_154' title='bbox 850 1722 899 1765; x_wconf 89' lang='lat' dir='ltr'><strong>et</strong></span> <span class='ocrx_word' id='word_1_155' title='bbox 944 1717 1173 1781; x_wconf 89' lang='lat' dir='ltr'><strong>opinione</strong></span> <span class='ocrx_word' id='word_1_156' title='bbox 1225 1715 1481 1765; x_wconf 89' lang='lat' dir='ltr'><strong>hominum</strong></span> <span class='ocrx_word' id='word_1_157' title='bbox 1529 1718 1580 1764; x_wconf 90' lang='lat' dir='ltr'><strong>in</strong></span> <span class='ocrx_word' id='word_1_158' title='bbox 1630 1715 1757 1767; x_wconf 45' lang='lat' dir='ltr'><strong>deos⁸</strong></span> <span class='ocrx_word' id='word_1_159' title='bbox 1795 1714 1939 1765; x_wconf 88' lang='lat' dir='ltr'><strong>relati</strong></span> 
     </span>
     <span class='ocr_line' id='line_1_21' title="bbox 158 1788 1937 1856; baseline 0 -18"><span class='ocrx_word' id='word_1_160' title='bbox 158 1799 215 1839; x_wconf 80' lang='lat'><strong>20</strong></span> <span class='ocrx_word' id='word_1_161' title='bbox 250 1795 381 1855; x_wconf 84' lang='lat' dir='ltr'><strong>sunt,</strong></span> <span class='ocrx_word' id='word_1_162' title='bbox 421 1792 550 1838; x_wconf 85' lang='lat' dir='ltr'><strong>sicut</strong></span> <span class='ocrx_word' id='word_1_163' title='bbox 588 1789 668 1838; x_wconf 88' lang='lat' dir='ltr'><strong>alii</strong></span> <span class='ocrx_word' id='word_1_164' title='bbox 707 1789 932 1838; x_wconf 89' lang='lat' dir='ltr'><strong>homines</strong></span> <span class='ocrx_word' id='word_1_165' title='bbox 972 1805 1145 1839; x_wconf 89' lang='lat' dir='ltr'><strong>eorum</strong></span> <span class='ocrx_word' id='word_1_166' title='bbox 1185 1796 1490 1856; x_wconf 84' lang='lat' dir='ltr'><strong>temporum,</strong></span> <span class='ocrx_word' id='word_1_167' title='bbox 1529 1789 1702 1839; x_wconf 80' lang='lat' dir='ltr'><strong>Castor</strong></span> <span class='ocrx_word' id='word_1_168' title='bbox 1741 1796 1791 1838; x_wconf 91' lang='lat' dir='ltr'><strong>et</strong></span> <span class='ocrx_word' id='word_1_169' title='bbox 1827 1788 1937 1838; x_wconf 90' lang='lat' dir='ltr'><strong>Pol-</strong></span> 
     </span>
     <span class='ocr_line' id='line_1_22' title="bbox 247 1862 1937 1928; baseline 0 -16"><span class='ocrx_word' id='word_1_170' title='bbox 247 1863 346 1912; x_wconf 91' lang='lat' dir='ltr'><strong>lux.</strong></span> <span class='ocrx_word' id='word_1_171' title='bbox 433 1862 570 1912; x_wconf 90' lang='lat' dir='ltr'><strong>Illam</strong></span> <span class='ocrx_word' id='word_1_172' title='bbox 622 1878 738 1912; x_wconf 88' lang='lat' dir='ltr'><strong>sane</strong></span> <span class='ocrx_word' id='word_1_173' title='bbox 794 1862 1060 1913; x_wconf 83' lang='lat' dir='ltr'><strong>Melicertis</strong></span> <span class='ocrx_word' id='word_1_174' title='bbox 1115 1869 1323 1912; x_wconf 86' lang='lat' dir='ltr'><strong>matrem</strong></span> <span class='ocrx_word' id='word_1_175' title='bbox 1377 1862 1693 1912; x_wconf 82' lang='lat' dir='ltr'><strong>Leucothean</strong></span> <span class='ocrx_word' id='word_1_176' title='bbox 1747 1862 1937 1928; x_wconf 82' lang='lat' dir='ltr'><strong>Graeci,</strong></span> 
     </span>
     <span class='ocr_line' id='line_1_23' title="bbox 247 1935 1936 2002; baseline -0.001 -16"><span class='ocrx_word' id='word_1_177' title='bbox 247 1936 484 1986; x_wconf 86' lang='lat' dir='ltr'><strong>Matutam</strong></span> <span class='ocrx_word' id='word_1_178' title='bbox 515 1935 675 1986; x_wconf 87' lang='lat' dir='ltr'><strong>Latini</strong></span> <span class='ocrx_word' id='word_1_179' title='bbox 714 1944 1029 2002; x_wconf 82' lang='lat' dir='ltr'><strong>vocaverunt,</strong></span> <span class='ocrx_word' id='word_1_180' title='bbox 1067 1939 1266 2001; x_wconf 87' lang='lat' dir='ltr'><strong>utrique</strong></span> <span class='ocrx_word' id='word_1_181' title='bbox 1305 1943 1470 1986; x_wconf 87' lang='lat' dir='ltr'><strong>tamen</strong></span> <span class='ocrx_word' id='word_1_182' title='bbox 1508 1943 1741 2002; x_wconf 88' lang='lat' dir='ltr'><strong>putantes</strong></span> <span class='ocrx_word' id='word_1_183' title='bbox 1781 1936 1936 1986; x_wconf 89' lang='lat' dir='ltr'><strong>deam.</strong></span> 
     </span>
    </p>
   </div>
   <div class='ocr_carea' id='block_1_4' title="bbox 923 2123 1274 2180">
    <p class='ocr_par' dir='ltr' id='par_1_6' title="bbox 923 2123 1274 2180">
     <span class='ocr_line' id='line_1_24' title="bbox 923 2123 1274 2180; baseline 0 -2"><span class='ocrx_word' id='word_1_184' title='bbox 923 2123 1115 2178; x_wconf 80' lang='lat' dir='ltr'>CAPUT</span> <span class='ocrx_word' id='word_1_185' title='bbox 1154 2125 1274 2180; x_wconf 89' lang='lat' dir='ltr'><strong>XV.</strong></span> 
     </span>
    </p>
   </div>
   <div class='ocr_carea' id='block_1_5' title="bbox 158 2230 1934 2367">
    <p class='ocr_par' dir='ltr' id='par_1_7' title="bbox 158 2230 1934 2367">
     <span class='ocr_line' id='line_1_25' title="bbox 250 2230 1934 2294; baseline 0 -14"><span class='ocrx_word' id='word_1_186' title='bbox 250 2232 325 2281; x_wconf 80' lang='lat' dir='ltr'><strong>De</strong></span> <span class='ocrx_word' id='word_1_187' title='bbox 365 2246 551 2282; x_wconf 79' lang='lat' dir='ltr'><strong>occasu</strong></span> <span class='ocrx_word' id='word_1_188' title='bbox 592 2234 742 2293; x_wconf 74' lang='lat' dir='ltr'><strong>reym&#39;</strong></span> <span class='ocrx_word' id='word_1_189' title='bbox 771 2234 1090 2293; x_wconf 75' lang='lat' dir='ltr'><strong>Arqivorum,</strong></span> <span class='ocrx_word' id='word_1_190' title='bbox 1132 2247 1228 2292; x_wconf 82' lang='lat' dir='ltr'><strong>quo</strong></span> <span class='ocrx_word' id='word_1_191' title='bbox 1268 2237 1489 2294; x_wconf 79' lang='lat' dir='ltr'><strong>tempore</strong></span> <span class='ocrx_word' id='word_1_192' title='bbox 1527 2232 1669 2294; x_wconf 81' lang='lat' dir='ltr'><strong>apud</strong></span> <span class='ocrx_word' id='word_1_193' title='bbox 1705 2230 1934 2280; x_wconf 83' lang='lat' dir='ltr'><strong>Lauren-</strong></span> 
     </span>
     <span class='ocr_line' id='line_1_26' title="bbox 158 2306 1904 2367; baseline -0.001 -12"><span class='ocrx_word' id='word_1_194' title='bbox 158 2315 215 2355; x_wconf 82' lang='lat'><strong>25</strong></span> <span class='ocrx_word' id='word_1_195' title='bbox 279 2310 350 2355; x_wconf 80' lang='lat' dir='ltr'><strong>tes</strong></span> <span class='ocrx_word' id='word_1_196' title='bbox 390 2306 544 2354; x_wconf 78' lang='lat' dir='ltr'><strong>Picus</strong></span> <span class='ocrx_word' id='word_1_197' title='bbox 584 2306 801 2354; x_wconf 76' lang='lat' dir='ltr'><strong>Saturni</strong></span> <span class='ocrx_word' id='word_1_198' title='bbox 831 2307 970 2364; x_wconf 79' lang='lat' dir='ltr'><strong>filius</strong></span> <span class='ocrx_word' id='word_1_199' title='bbox 1010 2320 1222 2367; x_wconf 56' lang='lat' dir='ltr'><strong>regnum</strong></span> <span class='ocrx_word' id='word_1_200' title='bbox 1255 2308 1424 2367; x_wconf 78' lang='lat' dir='ltr'><strong>patris</strong></span> <span class='ocrx_word' id='word_1_201' title='bbox 1457 2307 1654 2367; x_wconf 77' lang='lat' dir='ltr'><strong>primus</strong></span> <span class='ocrx_word' id='word_1_202' title='bbox 1694 2307 1904 2366; x_wconf 81' lang='lat' dir='ltr'><strong>aceepit.</strong></span> 
     </span>
    </p>
   </div>
   <div class='ocr_carea' id='block_1_6' title="bbox 244 2407 1935 2696">
    <p class='ocr_par' dir='ltr' id='par_1_8' title="bbox 244 2407 1935 2696">
     <span class='ocr_line' id='line_1_27' title="bbox 394 2407 1931 2473; baseline -0.001 -16"><span class='ocrx_word' id='word_1_203' title='bbox 394 2407 492 2457; x_wconf 87' lang='lat' dir='ltr'><strong>Per</strong></span> <span class='ocrx_word' id='word_1_204' title='bbox 526 2423 580 2457; x_wconf 87' lang='lat' dir='ltr'><strong>ea</strong></span> <span class='ocrx_word' id='word_1_205' title='bbox 614 2415 834 2472; x_wconf 86' lang='lat' dir='ltr'><strong>tempora</strong></span> <span class='ocrx_word' id='word_1_206' title='bbox 867 2422 1074 2472; x_wconf 83' lang='lat' dir='ltr'><strong>regnum</strong></span> <span class='ocrx_word' id='word_1_207' title='bbox 1108 2409 1302 2457; x_wconf 84' lang='lat' dir='ltr'><strong>finitum</strong></span> <span class='ocrx_word' id='word_1_208' title='bbox 1334 2415 1409 2457; x_wconf 90' lang='lat' dir='ltr'><strong>est</strong></span> <span class='ocrx_word' id='word_1_209' title='bbox 1433 2408 1741 2473; x_wconf 84' lang='lat' dir='ltr'><strong>Argivorum,</strong></span> <span class='ocrx_word' id='word_1_210' title='bbox 1771 2412 1931 2455; x_wconf 83' lang='lat' dir='ltr'><strong>trans·</strong></span> 
     </span>
     <span class='ocr_line' id='line_1_28' title="bbox 246 2481 1933 2547; baseline -0.002 -17"><span class='ocrx_word' id='word_1_211' title='bbox 246 2482 397 2531; x_wconf 87' lang='lat' dir='ltr'><strong>latum</strong></span> <span class='ocrx_word' id='word_1_212' title='bbox 439 2481 496 2530; x_wconf 89' lang='lat' dir='ltr'><strong>ad</strong></span> <span class='ocrx_word' id='word_1_213' title='bbox 536 2481 779 2547; x_wconf 82' lang='lat' dir='ltr'><strong>MycenaS,</strong></span> <span class='ocrx_word' id='word_1_214' title='bbox 817 2481 949 2530; x_wconf 91' lang='lat' dir='ltr'><strong>unde</strong></span> <span class='ocrx_word' id='word_1_215' title='bbox 990 2482 1083 2530; x_wconf 83' lang='lat' dir='ltr'><strong>fuit</strong></span> <span class='ocrx_word' id='word_1_216' title='bbox 1114 2481 1463 2546; x_wconf 87' lang='lat' dir='ltr'><strong>Agamemnon,</strong></span> <span class='ocrx_word' id='word_1_217' title='bbox 1503 2487 1552 2530; x_wconf 89' lang='lat' dir='ltr'><strong>et</strong></span> <span class='ocrx_word' id='word_1_218' title='bbox 1590 2486 1817 2529; x_wconf 87' lang='lat' dir='ltr'><strong>exortum</strong></span> <span class='ocrx_word' id='word_1_219' title='bbox 1857 2486 1933 2528; x_wconf 88' lang='lat' dir='ltr'><strong>est</strong></span> 
     </span>
     <span class='ocr_line' id='line_1_29' title="bbox 247 2553 1931 2621; baseline -0.002 -17"><span class='ocrx_word' id='word_1_220' title='bbox 247 2571 455 2620; x_wconf 87' lang='lat' dir='ltr'><strong>regnum</strong></span> <span class='ocrx_word' id='word_1_221' title='bbox 494 2554 824 2621; x_wconf 85' lang='lat' dir='ltr'><strong>Laurentum,</strong></span> <span class='ocrx_word' id='word_1_222' title='bbox 862 2553 947 2603; x_wconf 89' lang='lat' dir='ltr'><strong>ubi</strong></span> <span class='ocrx_word' id='word_1_223' title='bbox 990 2555 1190 2604; x_wconf 86' lang='lat' dir='ltr'><strong>Saturni</strong></span> <span class='ocrx_word' id='word_1_224' title='bbox 1229 2555 1358 2604; x_wconf 89' lang='lat' dir='ltr'><strong>filius</strong></span> <span class='ocrx_word' id='word_1_225' title='bbox 1397 2555 1545 2604; x_wconf 86' lang='lat' dir='ltr'><strong>Picus</strong></span> <span class='ocrx_word' id='word_1_226' title='bbox 1584 2568 1793 2618; x_wconf 87' lang='lat' dir='ltr'><strong>regnum</strong></span> <span class='ocrx_word' id='word_1_227' title='bbox 1830 2555 1931 2618; x_wconf 85' lang='lat' dir='ltr'><strong>pri-</strong></span> 
     </span>
     <span class='ocr_line' id='line_1_30' title="bbox 244 2625 1935 2696; baseline -0.002 -18"><span class='ocrx_word' id='word_1_228' title='bbox 244 2645 357 2679; x_wconf 87' lang='lat' dir='ltr'><strong>mus</strong></span> <span class='ocrx_word' id='word_1_229' title='bbox 409 2630 623 2696; x_wconf 84' lang='lat' dir='ltr'><strong>accepit,</strong></span> <span class='ocrx_word' id='word_1_230' title='bbox 672 2628 920 2678; x_wconf 84' lang='lat' dir='ltr'><strong>iudicante</strong></span> <span class='ocrx_word' id='word_1_231' title='bbox 977 2628 1104 2693; x_wconf 88' lang='lat' dir='ltr'><strong>apud</strong></span> <span class='ocrx_word' id='word_1_232' title='bbox 1151 2628 1404 2678; x_wconf 84' lang='lat' dir='ltr'><strong>Hebraeos</strong></span> <span class='ocrx_word' id='word_1_233' title='bbox 1455 2628 1636 2677; x_wconf 80' lang='lat' dir='ltr'><strong>semina</strong></span> <span class='ocrx_word' id='word_1_234' title='bbox 1681 2625 1935 2692; x_wconf 85' lang='lat' dir='ltr'><strong>Debbora;</strong></span> 
     </span>
    </p>
   </div>
   <div class='ocr_carea' id='block_1_7' title="bbox 366 2755 686 2811">
    <p class='ocr_par' dir='ltr' id='par_1_9' title="bbox 366 2755 686 2811">
     <span class='ocr_line' id='line_1_31' title="bbox 366 2755 686 2811; baseline 0.003 -12"><span class='ocrx_word' id='word_1_235' title='bbox 366 2758 439 2811; x_wconf 78' lang='lat'><strong>29)</strong></span> <span class='ocrx_word' id='word_1_236' title='bbox 473 2755 615 2803; x_wconf 82' lang='lat' dir='ltr'><strong>ludio.</strong></span> <span class='ocrx_word' id='word_1_237' title='bbox 647 2760 686 2800; x_wconf 87' lang='lat'><strong>5.</strong></span> 
     </span>
    </p>
   </div>
   <div class='ocr_carea' id='block_1_8' title="bbox 243 2849 383 2855">
    <p class='ocr_par' dir='ltr' id='par_1_10' title="bbox 243 2849 383 2855">
     <span class='ocr_line' id='line_1_32' title="bbox 243 2849 383 2855; baseline 0 0"><span class='ocrx_word' id='word_1_238' title='bbox 243 2849 383 2855; x_wconf 95' lang='lat' dir='ltr'><strong> </strong></span> 
     </span>
    </p>
   </div>
   <div class='ocr_carea' id='block_1_9' title="bbox 415 2850 559 2854">
    <p class='ocr_par' dir='ltr' id='par_1_11' title="bbox 415 2850 559 2854">
     <span class='ocr_line' id='line_1_33' title="bbox 415 2850 559 2854; baseline 0 0"><span class='ocrx_word' id='word_1_239' title='bbox 415 2850 559 2854; x_wconf 95' lang='lat' dir='ltr'><strong> </strong></span> 
     </span>
    </p>
   </div>
   <div class='ocr_carea' id='block_1_10' title="bbox 367 2885 1709 2943">
    <p class='ocr_par' dir='ltr' id='par_1_12' title="bbox 367 2885 1709 2943">
     <span class='ocr_line' id='line_1_34' title="bbox 367 2885 1709 2943; baseline -0.001 -11"><span class='ocrx_word' id='word_1_240' title='bbox 367 2893 393 2932; x_wconf 85' lang='lat'>9</span> <span class='ocrx_word' id='word_1_241' title='bbox 427 2887 679 2933; x_wconf 74' lang='lat' dir='ltr'><strong>cecinerint</strong></span> <span class='ocrx_word' id='word_1_242' title='bbox 708 2887 775 2943; x_wconf 80' lang='lat' dir='ltr'><strong>R;</strong></span> <span class='ocrx_word' id='word_1_243' title='bbox 809 2887 1076 2932; x_wconf 75' lang='lat' dir='ltr'><strong>cecinerunt</strong></span> <span class='ocrx_word' id='word_1_244' title='bbox 1106 2888 1176 2931; x_wconf 69' lang='lat' dir='ltr'><strong>Aa</strong></span> <span class='ocrx_word' id='word_1_245' title='bbox 1201 2888 1216 2943; x_wconf 71' lang='lat' dir='ltr'>fl</span> <span class='ocrx_word' id='word_1_246' title='bbox 1243 2892 1294 2931; x_wconf 82' lang='lat'><strong>17</strong></span> <span class='ocrx_word' id='word_1_247' title='bbox 1328 2885 1591 2932; x_wconf 78' lang='lat' dir='ltr'><strong>adamantis</strong></span> <span class='ocrx_word' id='word_1_248' title='bbox 1621 2898 1709 2931; x_wconf 83' lang='lat' dir='ltr'><strong>mss</strong></span> 
     </span>
    </p>
   </div>
  </div>
 </body>
</html>
