2004 3140
136 924 189 961 10

137 1292 188 1331 15

131 2397 186 2436 30

221 124 332 177 430
912 133 945 166 S.
969 133 1243 168 AUGUSTINI

223 248 341 314 dici3
393 248 478 297 sed
531 247 672 296 sedes
719 248 1116 311 praepositorum
1162 253 1210 296 et
1256 249 1350 312 ipsi
1396 241 1665 312 praepositi
1713 247 1903 296 intelle-

223 322 369 387 gendi
402 328 532 388 sunt,
570 336 659 386 per
693 335 816 385 quos
849 320 1056 370 ecclesia
1095 335 1226 370 nunc
1267 320 1584 386 gubernatur.
1662 320 1905 371 Iudicium

223 403 387 445 autem
438 394 606 444 datum
653 394 841 443 nullum
894 394 1069 443 melius
1110 394 1448 460 accipiendum
1489 395 1704 461 videtur,
1761 410 1907 460 quam

223 469 271 518 id
324 469 453 534 quod
511 468 696 517 dictum
753 475 848 517 est:
911 470 1051 528 Quae
1098 471 1377 530 liqaverz'tz’s
1425 471 1476 518 in
1529 475 1694 530 terra,
1745 473 1906 531 lz‘yata

223 550 374 593 erunt
426 549 474 592 et
527 546 579 592 in
626 545 795 600 ‹5anoe
852 549 900 591 et
945 558 1076 604 quae
1123 545 1371 592 solveritis
1419 545 1468 592 in
1521 550 1686 609 terra,
1739 547 1908 594 soluta

223 623 375 667 erunt
411 623 461 667 et
498 619 550 667 in
590 620 743 666 caelo.
821 615 959 665 Unde
1001 617 1273 681 apostolus:
1321 618 1455 676 Quid
1492 620 1621 666 enim
1661 619 1785 667 mihi
1821 623 1909 677 est,

223 693 405 758 inquit,
452 693 513 740 de
552 693 654 751 his,
695 693 784 752 qui
814 690 947 753 foris
985 697 1121 752 sunt,
1172 693 1465 750 iudicare?
1517 693 1690 740 Nonne
1730 694 1792 741 de
1830 693 1908 741 his

223 769 312 827 qui
350 768 482 815 inlus
520 772 637 814 sunt
676 779 759 815 vos
800 767 1071 814 iudicatis?
1148 765 1215 814 Et
1253 768 1467 830 animae,
1506 766 1679 830 inquit,
1719 767 1906 815 occiso-

223 854 336 888 rum
376 845 591 906 propter
638 842 970 889 testimonium
1018 840 1134 888 Iesu
1182 846 1229 888 et
1270 845 1482 902 propter
1534 840 1738 888 verbum
1785 840 1908 898 Dei,-

223 912 515 962 subauditur
563 912 693 977 quod
740 919 911 977 postea
960 912 1185 962 dicturus
1233 919 1327 962 est:
1382 913 1748 974 Remzaverunt
1795 928 1909 962 cum

224 988 338 1036 Iesu
379 990 511 1037 mille
550 990 726 1045 annis;
773 988 962 1035 animae
1011 986 1199 1035 scilicet
1245 994 1516 1052 martyrum
1557 985 1773 1036 nondum
1814 986 1908 1036 sibi

224 1060 515 1126 corporibus
579 1062 680 1109 suis
736 1060 954 1110 redditis
1032 1060 1202 1125 Neque
1267 1062 1397 1109 enim
1459 1062 1656 1125 piorum
1718 1062 1907 1110 animae

223 1142 530 1184 mortuorum
581 1142 872 1199 separantur
920 1134 979 1183 ab
1027 1134 1257 1201 ecclesia,
1305 1150 1428 1199 quae
1474 1150 1605 1183 nunc
1646 1136 1792 1184 etiam
1832 1141 1910 1183 est

223 1224 430 1273 regnum
464 1207 660 1258 Christi.
738 1208 965 1273 Alioquin
1007 1224 1097 1257 nec
1138 1209 1196 1257 ad
1237 1208 1387 1257 altare
1428 1207 1515 1257 Dei
1556 1208 1695 1257 fieret
1735 1223 1909 1258 eorum

223 1284 459 1332 memoria
497 1285 548 1331 in
597 1284 1038 1331 communicatione
1079 1284 1301 1347 corporis
1343 1281 1546 1348 Christi3
1594 1297 1684 1330 nec
1725 1281 1908 1346 aliquid

221 1356 480 1421 prodesset
513 1356 571 1404 ad
604 1358 711 1405 eius
743 1355 1040 1421 baptismum
1072 1358 1122 1404 in
1162 1355 1396 1420 periculis
1437 1371 1656 1422 currere,
1696 1370 1756 1404 ne
1799 1358 1904 1404 sine

220 1430 303 1478 illo
353 1430 550 1479 finiatur
597 1429 717 1479 haec
766 1432 882 1495 vita;
933 1445 1024 1478 nec
1075 1429 1131 1478 ad
1174 1429 1645 1495 reconciliationem,
1697 1431 1738 1477 si
1778 1429 1905 1478 sorte

220 1518 309 1568 per
341 1505 691 1568 paenitentiam
724 1503 957 1552 malamve
991 1505 1342 1552 conscientiam
1383 1505 1591 1567 quisque
1634 1502 1692 1551 ah
1733 1503 1907 1553 eodem

221 1592 428 1642 corpore
485 1584 739 1642 separatus
795 1586 884 1626 est.
964 1576 1062 1626 Cur
1118 1579 1248 1626 enim
1299 1578 1423 1626 fiunt
1475 1579 1594 1643 ista,
1648 1578 1742 1625 nisi
1793 1579 1907 1642 quia

222 1651 389 1700 fideles
429 1653 575 1700 etiam
617 1651 837 1700 defuncti
883 1650 1103 1700 membra
1144 1658 1260 1700 sunt
1299 1647 1442 1700 eius?
1519 1650 1749 1709 Quamvis
1789 1666 1906 1716 ergo

221 1740 332 1774 cum
380 1726 483 1774 suis
533 1724 824 1790 corporibus
872 1725 1113 1791 nondum,
1159 1727 1254 1774 iam
1302 1732 1465 1774 tamen
1507 1739 1678 1774 eorum
1718 1726 1907 1773 animae

222 1805 426 1863 regnant
477 1813 590 1847 cum
636 1798 742 1866 illo,
790 1798 908 1848 dum
955 1801 1036 1848 isti
1077 1800 1190 1848 anni
1231 1797 1359 1847 mille
1401 1798 1688 1848 decurrunt.
1765 1797 1906 1847 Unde

219 1875 270 1920 in
309 1871 401 1921 hoc
443 1871 617 1921 eodem
655 1872 781 1921 libro
823 1879 871 1922 et
911 1872 1024 1921 alibi
1063 1872 1263 1937 legitur:
1304 1873 1453 1922 Beati
1490 1876 1687 1933 mortui,
1728 1875 1818 1933 qui
1854 1875 1906 1921 in

221 1947 431 1995 Domino
477 1949 764 1996 moriuntur
804 1949 995 1996 amodo.
1075 1947 1243 1995 Etiam
1285 1949 1409 1996 dicit
1449 1947 1692 2012 SpirituS,
1732 1951 1788 1995 ut
1824 1947 1906 1995 re—'

164 2030 180 2040 “
219 2022 483 2080 quiescant
521 2035 552 2068 α
593 2011 850 2070 laboribus
888 2024 1020 2079 szcis;
1060 2035 1177 2070 ream
1217 2035 1373 2083 opera
1414 2035 1586 2070 eorum
1624 2025 1907 2081 sequuntur

220 2107 315 2142 eos.
393 2093 582 2158 Regnat
628 2095 793 2158 itaque
849 2109 960 2143 cum
1011 2093 1206 2142 Christo
1255 2109 1387 2142 nunc
1433 2096 1648 2158 primurn
1697 2092 1904 2142 ecclesia

219 2168 270 2214 in
308 2167 430 2215 vivis
470 2172 519 2214 et
558 2168 779 2216 mortuis,
858 2168 1139 2230 Propterea
1181 2169 1334 2232 enim,
1386 2169 1515 2216 sicut
1554 2167 1672 2216 dicit
1711 2173 1902 2231 aposto—

219 2239 318 2305 luS,
367 2246 592 2289 mortuus
639 2247 711 2289 est
757 2241 1006 2303 Christus,
1055 2246 1110 2289 ut
1155 2246 1204 2289 et
1242 2243 1465 2289 vivorum
1505 2246 1553 2289 et
1591 2246 1902 2289 mortuorum

220 2314 518 2362 dominetur.
591 2312 687 2361 Sed
719 2313 829 2362 ideo
873 2313 1207 2362 tantummodo
1252 2319 1522 2378 martyrum
1555 2315 1738 2362 animas
1772 2328 1902 2361 corn-

220 2388 522 2454 memoravit‚
562 2388 675 2451 quia
707 2388 801 2451 ipsi
832 2389 1096 2452 praecipue
1137 2394 1342 2451 regnant
1383 2388 1580 2453 mortui,
1621 2389 1704 2451 qui
1745 2401 1903 2451 usque

218 2460 276 2510 ad
325 2466 534 2510 mortem
585 2476 674 2525 pro
723 2462 925 2510 veritate
974 2467 1240 2510 certarunt.
1331 2459 1426 2508 Sed
1475 2475 1500 2508 a
1549 2467 1687 2526 parte
1742 2466 1899 2510 totum

335 2589 380 2642 e)
403 2587 484 2632 Mt.
514 2592 582 2640 18,
622 2592 687 2631 18.
751 2590 796 2645 s)
834 2594 872 2632 1.
910 2587 1011 2633 Cor.
1047 2593 1088 2644 5,
1123 2593 1191 2633 12.
1256 2589 1299 2643 9)
1334 2588 1479 2644 Apoc.
1518 2590 1589 2644 2ο,
1624 2593 1665 2633 4.
1730 2589 1802 2644 26)
1834 2588 1903 2632 lb.

220 2651 287 2701 14,
324 2651 392 2692 13.
457 2648 531 2702 29)
562 2647 693 2690 Rom.
731 2652 799 2701 14,
833 2652 873 2692 9.

338 2813 391 2851 16
430 2807 479 2851 in
517 2807 655 2865 peric.
697 2809 825 2866 bapt.
858 2823 882 2853 v
931 2810 946 2866 ΙΙ
992 2814 1048 2852 24
1087 2808 1357 2854 moriuntur.
1399 2809 1567 2854 amodo
1611 2808 1752 2853 etiam
1783 2807 1903 2862 RA,·

215 2866 488 2923 moriuntur,
520 2867 685 2911 amodo
719 2870 766 2912 et
794 2867 888 2912 iam
919 2882 944 2912 v
968 2869 1063 2924 1126
1094 2867 1201 2912 illos
1232 2882 1257 2912 v
