2004 3140
398 149 464 198 m:
489 163 728 198 CIVITATE
751 164 839 196 DEI
862 165 903 197 L.
928 164 1031 197 mx.
1058 164 1094 198 c.
1121 165 1173 198 28.
1198 165 1241 198 L.
1268 164 1350 196 xx.
1375 163 1412 197 0.
1437 165 1468 197 1.
1665 150 1773 203 405

92 280 245 330 vincit
284 285 333 328 et
372 278 591 327 dolorem
642 278 822 326 sanitas
862 276 1000 326 tollit.
1079 276 1152 326 Ibi
1192 283 1356 326 autem
1396 284 1445 326 et
1484 275 1623 325 dolor
1662 292 1772 342 per-

90 359 254 402 manet
308 359 363 402 ut
418 351 627 419 affligat,
683 358 732 400 et
789 357 962 401 natura
1016 351 1254 416 perdurat
1300 358 1354 400 ut
1403 353 1605 416 sentiat3
1661 353 1775 415 quia

90 433 358 490 utrumque
409 425 519 475 ideo
571 441 670 474 non
719 425 909 492 deficit,
957 440 1018 474 ne
1066 440 1224 490 poena
1272 425 1477 474 deficiat.
1563 424 1634 473 Ad
1682 424 1774 472 hos

89 506 254 551 autem
292 499 414 548 fines
453 499 698 549 bonorum
738 506 786 548 et
825 499 1091 566 malorum,
1131 499 1238 548 illos
1279 498 1604 564 expetendOS‚
1651 500 1773 547 istos

90 573 352 640 cavendoS‚
400 576 630 638 quoniam
668 589 758 639 per
797 574 1035 622 iudicium
1074 572 1357 622 transibunt
1396 573 1455 622 ad
1493 572 1602 621 illos
1642 571 1773 638 boni,

89 647 148 697 ad
187 649 308 696 istos
356 647 491 698 mali:
547 648 606 697 de
655 648 747 696 hoc
796 647 1004 714 iudici0‚
1055 653 1293 712 qnantum
1332 646 1464 696 Deus
1504 646 1774 707 donaverit,

87 724 138 770 in
179 724 503 786 consequenti
542 722 788 771 volumine
829 720 1104 786 disputabo,

681 1057 992 1110 LIBER
1043 1057 1173 1111 XX.

792 1277 984 1332 CAPUT
1027 1279 1066 1332 I.

96 1388 257 1448 Quod,
298 1389 523 1448 quamvis
554 1389 690 1436 omni
719 1392 939 1450 tempore
971 1387 1107 1436 Deus
1148 1388 1351 1446 iudicet,
1394 1389 1444 1435 in
1477 1388 1572 1436 hoe
1612 1393 1778 1436 tamen

88 1461 216 1512 libro
258 1462 320 1510 de
365 1463 629 1511 novissimo
678 1463 786 1510 eius
826 1463 1016 1510 iudicio
1057 1464 1123 1510 sit
1153 1463 1366 1523 proprie
1406 1463 1776 1523 disputandum.

236 1563 306 1613 De
354 1563 431 1613 die
479 1564 639 1613 ultimi
685 1565 855 1614 iudicii
895 1564 983 1613 Dei
1036 1564 1166 1629 qnod
1207 1566 1312 1630 ipse
1353 1565 1607 1623 donaverit
1645 1563 1778 1612 locu-

93 1640 194 1688 turi
227 1653 440 1702 eumqne
472 1638 718 1687 adserturi
757 1638 992 1687 adversus
1031 1640 1208 1703 impios
1249 1646 1297 1687 et
1335 1638 1618 1687 incredulos
1658 1646 1777 1687 tam-

91 1727 236 1776 quam
290 1714 341 1760 in
408 1712 615 1761 aedificii
674 1712 992 1761 fundamento
1054 1715 1194 1777 prins
1248 1728 1434 1777 ponere
1498 1714 1779 1761 testimonia

92 1785 253 1835 divina
315 1784 575 1851 debemus3
638 1785 819 1850 quibus
882 1788 967 1849 qui
1028 1785 1203 1835 nolunt
1258 1785 1491 1852 credere,
1551 1785 1778 1834 humanis

90 1858 383 1908 ratiunculis
434 1859 568 1908 falsis
620 1868 766 1924 atque
824 1859 1076 1909 fallacibus
1130 1861 1470 1908 contravenire
1523 1867 1779 1924 conantur,

92 1932 151 1981 ad
189 1931 283 1981 hoc
315 1939 372 1982 ut
403 1940 487 1982 aut
519 1933 648 1983 aliud
690 1934 965 1998 significare
1008 1932 1307 1982 contendant
1347 1933 1478 1998 quod
1519 1931 1779 1982 adhibetur

91 2007 430 2056 testimonium
478 2007 537 2056 de
583 2007 762 2056 litteris
802 2009 979 2074 sacriS,
1031 2014 1116 2056 aut
1155 2009 1355 2056 0111111110
1396 2007 1628 2056 divinitus
1670 2021 1777 2055 esse

92 2079 279 2129 dictum
334 2088 528 2146 negent.
617 2080 739 2130 Nam
793 2081 984 2131 nullum
1039 2083 1263 2130 existimo
1318 2096 1426 2130 esse
1482 2080 1779 2145 mortalium,

93 2155 179 2218 qui
217 2169 330 2203 cum
371 2169 440 2221 ea,
481 2157 609 2204 sicut
649 2155 777 2204 dicta
817 2162 959 2217 sunt,
999 2154 1298 2205 intellexerit
1337 2162 1386 2204 et
1425 2170 1451 2203 a
1491 2170 1682 2203 summo
1723 2170 1779 2203 ac

91 2242 206 2276 vero
253 2226 354 2276 Deo
407 2243 497 2292 per
546 2230 730 2278 animas
779 2235 972 2278 sanctas
1019 2229 1148 2278 dicta
1187 2245 1295 2278 esse
1337 2227 1629 2294 crediderit,
1679 2243 1779 2276 non

94 2302 165 2350 eis
216 2301 357 2350 cedat
411 2310 557 2366 atque
614 2305 917 2369 consentiat,
972 2305 1072 2352 sive
1124 2303 1173 2351 id
1225 2305 1372 2352 etiam
1426 2318 1511 2351 ore
1567 2302 1779 2351 fateatur

93 2375 193 2424 sive
245 2374 406 2439 aliquo
458 2378 575 2424 vitio
625 2377 768 2426 fateri
815 2376 1077 2426 erubescat
1123 2383 1207 2426 ant
1254 2383 1466 2443 metuat,
1516 2376 1592 2425 vel
1632 2377 1778 2425 etiam

91 2450 364 2512 pervicacia
413 2450 655 2498 simillima
701 2452 919 2499 insaniae
967 2451 1039 2515 id,
1091 2450 1222 2515 quod
1270 2450 1446 2499 salsum
1494 2465 1602 2498 esse
1643 2451 1779 2497 novit

89 2528 173 2570 aut
210 2522 394 2588 credit,
444 2532 616 2572 contra
654 2523 728 2590 id,
776 2524 908 2588 quod
946 2539 1119 2573 verum
1161 2539 1268 2573 esse
1309 2525 1444 2572 novit
1483 2529 1567 2571 aut
1606 2522 1777 2588 credit,

91 2596 236 2643 etiam
275 2599 724 2646 contentiosissime
765 2597 1031 2646 defendere
1072 2597 1316 2646 moliatur.

238 2668 379 2726 Quod
414 2685 530 2734 ergo
563 2672 614 2719 in
648 2671 957 2719 confessione
999 2686 1054 2719 ac
1094 2671 1400 2734 professione
1442 2675 1578 2718 tenet
1617 2671 1776 2717 omnis

1812 1159 1867 1199 10

1812 1645 1866 1686 15

1812 2015 1868 2055 20

1811 2382 1866 2422 25

91 2740 297 2790 ecclesia
351 2742 439 2791 Dei
491 2745 596 2792 veri
637 2743 888 2793 Christum
942 2743 1001 2792 de
1059 2743 1191 2792 caelo
1241 2759 1348 2792 esse
1396 2749 1658 2791 venturum
1717 2742 1776 2790 ad
1809 2751 1865 2791 30

91 2815 224 2862 vivos
265 2830 319 2864 ac
359 2823 581 2865 mortuos
621 2817 931 2884 iudicandOS‚
978 2817 1110 2866 hunc
1152 2817 1301 2865 divini
1340 2816 1510 2865 iudicii
1550 2816 1778 2865 ultimum

93 2886 221 2935 diem
262 2887 485 2956 dicimuS‚
523 2889 572 2938 id
613 2898 689 2939 est
722 2893 1041 2939 novissimum
1081 2899 1291 2956 tempus.
1367 2890 1489 2939 Nam
1528 2906 1618 2955 per
1659 2897 1779 2954 quot
