2004 3140
128 1125 182 1166 10

126 1497 180 1538 15

122 1869 179 1909 20

121 2236 176 2276 25

219 148 328 202 592
851 152 856 155 ·
890 155 924 190 S.
949 155 1224 191 Aucusmm

217 272 563 395 possetpunde
613 270 814 320 adderet
862 269 993 334 quod
1039 269 1317 320 addendum
1365 285 1472 319 esse
1521 271 1676 319 mirus
1726 269 1901 319 artifex

223 353 389 395 nosset

890 502 1082 557 CAPUT
1121 502 1240 558 XV.

270 627 347 675 An
388 629 460 676 ad
496 628 737 676 dominici
774 628 1004 689 corporis
1041 628 1240 675 modum
1279 628 1495 675 omnium
1533 629 1843 674 mortuorum

671 706 1035 750 resurrectura
1072 702 1174 749 sint
1211 714 1445 762 corpora.

365 819 462 868 Sed
503 821 674 883 utique
716 818 941 868 Christus
980 820 1030 866 in
1072 833 1128 866 ea
1168 833 1399 866 mensura
1439 819 1676 882 corporiS,
1715 818 1766 865 in
1808 831 1903 882 qua

217 884 445 942 mortuus
483 899 571 959 est,
611 894 899 953 resurrexit,
939 907 1031 940 nec
1072 892 1143 940 fas
1183 899 1259 940 est
1298 891 1487 958 dicere,
1527 906 1639 940 cum
1679 905 1901 940 resurre-

215 969 394 1016 ctionis
441 969 660 1016 omnium
706 974 902 1031 tempus
950 968 1161 1032 venerit,
1208 980 1519 1014 accessuram
1559 966 1757 1029 corpori
1796 966 1902 1013 eius

215 1056 322 1089 eam
353 1040 756 1106 magnitudinem,
796 1055 942 1104 quam
974 1055 1073 1088 non
1113 1038 1297 1104 habuit,
1337 1039 1531 1104 quando
1570 1040 1623 1087 in
1663 1053 1719 1087 ea
1758 1037 1902 1087 disci·

213 1114 356 1179 puliS‚
389 1116 446 1162 in
481 1129 575 1178 qua
607 1114 702 1163 illis
737 1123 842 1162 erat
881 1119 1042 1178 notuS,
1083 1115 1322 1179 apparuit,
1361 1119 1418 1162 ut
1456 1113 1754 1177 longissimis
1794 1113 1903 1161 fleri

212 1190 370 1253 possit
401 1188 630 1254 aequalis,
710 1188 762 1237 Si
794 1195 958 1237 autem
997 1187 1267 1237 dixerimus
1307 1187 1366 1237 ad
1406 1187 1639 1236 dominici
1679 1188 1902 1252 corporis

214 1262 416 1311 modum
455 1263 601 1311 etiam
643 1277 953 1326 quorumque
995 1263 1178 1310 maiora
1218 1276 1426 1326 corpora
1465 1257 1751 1326 redigenda,
1789 1275 1900 1325 per—

212 1335 304 1384 ibit
357 1336 417 1384 de
474 1336 742 1385 multorum
793 1335 1085 1400 corporibus
1139 1334 1430 1399 plurimum,
1485 1349 1599 1383 cum
1651 1335 1756 1398 ipse
1809 1349 1901 1384 nec

214 1409 443 1473 capillum
475 1412 755 1474 periturum
787 1425 896 1458 esse
929 1411 1227 1473 promiserit.
1297 1408 1469 1458 Restat
1500 1423 1633 1474 ergo,
1673 1414 1728 1457 ut
1760 1423 1900 1457 suam

213 1484 418 1547 recipiat
451 1485 660 1548 quisque
692 1498 989 1549 mensuram,
1031 1498 1177 1546 quam
1215 1483 1291 1531 vel
1328 1482 1500 1531 habuit
1538 1484 1588 1531 in
1627 1483 1898 1548 iuventute,

213 1558 405 1605 etiamsi
459 1572 610 1606 senex
658 1565 732 1606 est
780 1564 1027 1621 mortuUS,
1082 1556 1157 1605 vel
1204 1557 1365 1605 fuerat
1404 1555 1686 1621 habituruS,
1737 1557 1779 1604 si
1818 1562 1895 1605 est

212 1637 323 1679 ante
357 1629 636 1696 defunctuS,
677 1638 822 1695 atque
856 1630 991 1696 illud,
1031 1630 1162 1694 quod
1205 1631 1606 1680 commemoravit
1644 1628 1896 1694 apostolus

212 1703 271 1752 de
312 1718 544 1753 mensura
584 1706 755 1754 aetatis
795 1704 1116 1769 plenitudinis
1157 1703 1361 1770 Christi,
1403 1711 1488 1753 aut
1524 1709 1729 1768 propter
1769 1703 1899 1752 aliud

211 1776 552 1842 intellegamus
592 1778 780 1827 dictum
819 1793 949 1843 esse,
991 1777 1040 1826 id
1081 1784 1182 1844 est,
1222 1785 1278 1827 ut
1316 1778 1386 1827 illi
1426 1779 1574 1842 capiti
1613 1779 1664 1826 in
1692 1777 1898 1841 populis

213 1849 502 1900 Christianis
566 1853 830 1901 accedente
903 1853 1122 1901 omnium
1188 1852 1493 1916 perfectione
1558 1849 1900 1899 membrorum

210 1926 382 1973 aetatis
421 1927 528 1974 eius
568 1941 800 1974 mensura
839 1925 1165 1991 compleatur,
1206 1932 1314 1991 aut,
1354 1927 1396 1974 si
1434 1925 1528 1973 hoc
1568 1925 1628 1973 de
1669 1939 1890 1974 resurre-

210 1999 372 2046 ctione
424 2014 690 2064 corporum
738 1999 924 2049 dictum
972 2006 1071 2064 est,
1123 2002 1192 2048 sic
1245 2001 1541 2064 accipiamus
1581 1998 1790 2064 dictum,
1837 2004 1893 2047 ut

210 2086 301 2119 nec
340 2072 468 2121 infra
514 2088 605 2122 nec
646 2072 773 2130 ultra
823 2072 1098 2122 iuvenalem
1138 2073 1344 2122 formam
1384 2078 1646 2136 resurgant
1685 2086 1893 2136 corpora

209 2151 534 2212 mortuorum,
572 2146 659 2195 sed
691 2149 742 2195 in
782 2148 888 2195 eius
928 2152 1085 2195 aetate
1126 2153 1175 2195 et
1212 2146 1407 2212 robore,
1446 2160 1604 2210 usque
1645 2145 1703 2194 ad
1744 2160 1891 2210 quam

211 2216 461 2267 Christum
492 2219 571 2268 hic
603 2222 888 2283 pervenisse
921 2222 1238 2284 cognovimus
1271 2214 1428 2286 (circa
1467 2221 1668 2283 triginta
1709 2221 1890 2284 quippe

213 2307 366 2341 annos
427 2293 725 2342 definierunt
787 2308 894 2341 esse
958 2294 1106 2342 etiam
1167 2292 1350 2342 saeculi
1410 2293 1557 2342 huius
1619 2292 1892 2342 doctissimi

213 2366 436 2415 homines
475 2369 803 2432 iuventutem3
853 2381 975 2430 quae
1017 2381 1130 2414 cum
1170 2366 1319 2415 fuerit
1358 2367 1514 2430 spatio
1554 2368 1755 2430 proprio
1795 2373 1893 2415 ter·

214 2442 416 2506 minata,
462 2440 576 2489 inde
616 2442 711 2488 iam
750 2439 999 2488 hominem
1038 2441 1089 2488 in
1130 2439 1424 2489 detrimenta
1462 2454 1666 2504 vergere
1706 2441 1892 2504 gravio-

213 2515 282 2562 ris
330 2529 384 2562 ac
431 2513 598 2563 senilis
645 2508 865 2580 aetatis);
915 2520 962 2562 et
1001 2513 1112 2562 ideo
1153 2528 1251 2562 non
1291 2529 1399 2562 esse
1440 2513 1627 2562 dictum
1665 2515 1716 2562 in
1757 2528 1890 2562 men-

334 2658 404 2711 18)
436 2655 552 2712 Eph.
587 2660 627 2705 4,
662 2660 730 2700 13.

334 2837 387 2875 10
419 2832 550 2875 fieret
581 2845 679 2887 aeq.
714 2831 758 2875 R
782 2833 797 2888 ΙΙ
821 2837 875 2875 23
907 2832 1168 2876 iuuenalem
1199 2845 1311 2885 mss;
1342 2831 1592 2876 iuvenilem
1623 2846 1649 2876 v
1673 2834 1688 2888 ΙΙ
1711 2836 1768 2876 24
1799 2846 1893 2876 ma·

212 2891 293 2934 lim
324 2890 492 2934 aetatis
523 2891 686 2935 robore
