2004 3140
95 1078 148 1117 10

95 1446 148 1484 15

93 1814 148 1853 20

94 2179 149 2218 25

180 131 287 184 508
854 141 888 174 s,
913 141 1187 176 Aocnsnm

863 338 1057 393 CAPUT
1096 338 1189 393 IX.

314 447 391 496 De
425 448 661 508 yenenna
701 452 748 497 et
788 453 1117 497 aeternarum
1157 450 1402 508 qualitate
1434 463 1732 511 poenarum.

332 550 473 608 Quod
504 552 655 615 igitur
688 550 747 599 de
781 552 1082 615 sempiterno
1115 551 1356 616 supplicio
1396 551 1738 600 damnatorum
1776 566 1869 616 per

182 639 327 674 suum
359 624 650 690 prophetam
682 624 813 674 Deus
850 625 984 690 dixit,
1023 625 1122 692 fiet,
1162 627 1361 674 omnino
1401 625 1505 676 fiet:
1557 626 1747 676 Vermis
1787 640 1865 676 eo-

181 713 294 748 rum
337 713 436 748 non
475 702 721 749 morietur
761 705 810 748 et
847 701 978 760 tynis
1019 714 1193 748 eorum
1232 714 1332 750 non
1372 703 1715 761 extinquetur.
1791 699 1865 748 Ad

180 773 274 821 hoc
337 774 467 821 enim
528 773 869 822 vehementius
932 773 1374 822 commendandum
1430 775 1577 823 etiam
1630 773 1869 822 Dominus

180 846 342 912 IesuS‚
390 862 503 895 cum
550 846 771 895 membra
819 861 942 911 quae
991 847 1242 896 hominem
1293 847 1622 896 scandalizant
1659 863 1749 911 pro
1788 847 1867 895 his

179 919 462 969 hominihus
493 928 717 987 poneret,
757 935 881 985 quos
918 927 973 969 ut
1013 936 1100 969 sua
1138 921 1359 970 membra
1399 921 1572 970 dextra
1611 923 1723 985 quis
1763 919 1869 969 dili-

181 996 273 1059 git,
324 1009 478 1058 eaque
518 997 829 1059 praeciperet
868 996 1133 1059 amputari:
1179 996 1373 1044 Bonum
1421 1001 1495 1044 est
1533 996 1645 1055 τὶὒῑ,
1694 995 1871 1061 inquit,

182 1069 392 1117 debilem
440 1070 655 1118 introire
709 1071 760 1117 in
807 1071 961 1117 vitam
1007 1083 1157 1129 quam
1205 1071 1333 1118 duas
1380 1084 1559 1118 manus
1609 1070 1873 1118 habentem

181 1145 259 1191 ire
299 1144 353 1190 in
399 1144 703 1205 yenennam,
752 1157 804 1191 2n
845 1145 1010 1204 tynem
1052 1145 1510 1205 inextinquibz'lem,
1561 1144 1652 1191 ubi
1687 1157 1872 1192 vermes

181 1230 354 1265 eorum
400 1231 500 1265 non
546 1219 764 1266 moritur
811 1222 859 1265 et
906 1219 1038 1278 tynis
1076 1231 1176 1266 non
1218 1220 1552 1278 extinquz‘tur.
1633 1215 1870 1265 Similiter

181 1288 242 1337 de
280 1288 429 1353 pede:
467 1290 662 1339 Bonum
703 1296 776 1339 est
814 1292 918 1352 tibi,
958 1291 1134 1356 inquit,
1175 1293 1413 1340 claudum
1452 1293 1670 1340 introire
1709 1293 1761 1340 in
1799 1293 1871 1339 vi-

182 1369 283 1411 tam
317 1369 578 1412 aeternam
610 1378 760 1424 quam
792 1366 917 1412 duos
942 1366 1101 1425 pedes
1132 1366 1396 1414 habentem
1428 1367 1559 1414 mitti
1595 1367 1647 1413 in
1683 1366 1872 1426 9011οη-

181 1451 299 1485 nam
338 1439 471 1497 tynis
505 1439 921 1498 2'next2‘n9u2'bz'l2’8‚
961 1439 1052 1486 ubi
1080 1441 1262 1487 vermis
1301 1453 1475 1488 eorum
1514 1452 1613 1487 non
1653 1441 1871 1487 moritur

181 1515 231 1559 et
279 1512 412 1571 tynis
461 1525 561 1560 non
612 1513 946 1572 extinyuz‘tur.
1033 1510 1142 1559 Non
1191 1511 1331 1560 aliter
1381 1513 1447 1560 ait
1494 1518 1543 1560 et
1591 1511 1650 1559 de
1703 1511 1871 1560 oculo:

180 1583 374 1632 Bonum
429 1590 503 1633 est
556 1586 649 1633 tibi
701 1587 893 1633 luseum
949 1587 1166 1634 introire
1221 1589 1272 1634 in
1319 1600 1532 1647 reanum
1579 1585 1678 1634 Dei
1721 1597 1872 1646 quam

182 1659 307 1706 duos
347 1660 517 1706 oeulos
555 1659 819 1707 habentem
858 1661 990 1708 mitti
1027 1661 1079 1707 in
1115 1660 1400 1720 §ehennam
1440 1662 1592 1720 tante,
1633 1660 1724 1708 ubi
1759 1674 1868 1708 ver-

180 1733 273 1779 mis
312 1745 485 1780 eorum
531 1746 631 1780 non
677 1735 894 1781 moritur
942 1737 991 1781 et
1037 1735 1170 1793 tynis
1209 1747 1309 1782 non
1349 1735 1682 1794 extinyuz'tur.
1759 1732 1868 1781 Non

182 1819 296 1852 eum
326 1805 485 1868 piguit
516 1820 615 1853 uno
648 1805 755 1853 loco
797 1805 967 1853 eadem
1007 1805 1156 1854 verba
1196 1813 1274 1855 ter
1314 1807 1494 1856 dicere.
1573 1806 1731 1863 Quem
1771 1821 1868 1854 non

181 1884 366 1926 terreat
412 1879 506 1927 ista
555 1880 785 1943 repetitio
838 1885 888 1927 et
938 1879 1070 1928 illius
1126 1895 1325 1944 poenae
1362 1879 1720 1929 commendatio
1767 1886 1868 1929 tam

181 1950 445 1999 vehemens
485 1967 571 2000 ore
612 1949 812 2001 divino}>

329 2023 604 2088 Utrumque
653 2032 818 2074 autem
863 2025 1068 2092 horum,
1116 2028 1282 2091 ignem
1329 2027 1516 2076 scilicet
1545 2033 1710 2091 -atque
1763 2042 1870 2075 ver-

182 2112 327 2164 mem,
367 2100 452 2162 qui
490 2098 660 2148 volunt
692 2099 751 2147 ad
791 2100 940 2147 animi
978 2115 1179 2166 poenam,
1217 2115 1316 2148 non
1357 2101 1417 2149 ad
1457 2102 1680 2165 corporis
1718 2102 1870 2164 perti-

183 2185 318 2235 nere,
358 2171 528 2220 dicunt
561 2174 707 2220 etiam
741 2174 819 2220 uri
852 2172 1019 2221 dolore
1054 2175 1203 2222 animi
1234 2189 1346 2222 sero
1379 2181 1525 2237 atque
1558 2174 1869 2222 infructuose

180 2245 488 2307 paenitentes
529 2260 628 2311 eoS‚
667 2247 753 2308 qui
791 2246 978 2303 fuerint
1017 2261 1043 2294 a
1082 2262 1235 2310 regno
1274 2246 1364 2295 Dei
1403 2249 1630 2312 separati,
1670 2253 1719 2295 et
1757 2247 1871 2296 ideo

181 2318 345 2380 ignem
377 2332 467 2381 pro
500 2319 596 2366 isto
630 2318 797 2367 dolore
839 2325 1014 2367 urente
1048 2335 1147 2368 non
1179 2321 1450 2384 incongrue
1489 2322 1607 2384 poni
1645 2322 1867 2384 potuisse

183 2390 510 2457 contendunt3
556 2391 686 2440 unde
736 2391 857 2440 illud
897 2392 1105 2457 apostoli
1153 2400 1248 2443 est:
1303 2395 1424 2453 Quis
1463 2395 1870 2454 scandalizatur,

302 2519 346 2572 5)
376 2516 500 2561 Esai.
542 2523 619 2574 66,
661 2523 729 2562 24.
795 2519 867 2574 19)
899 2520 986 2565 Mr.
1028 2524 1075 2575 9,
1116 2524 1172 2563 43
1216 2534 1313 2576 sqq.

301 2697 326 2736 5
364 2693 649 2750 extinguitur
675 2694 768 2738 RA
792 2696 807 2751 ΙΙ
832 2700 885 2739 12
922 2694 1043 2751 ignis
1079 2709 1173 2739 non
1200 2665 1292 2739 BA
1327 2709 1408 2740 sec.
1439 2696 1596 2740 Graec.
1632 2698 1870 2751 (16,19),

180 2750 302 2807 ignis
333 2765 492 2795 eorum
522 2767 615 2796 non
645 2767 671 2796 v
710 2755 725 2809 ΙΙ
764 2758 820 2797 20
853 2768 958 2798 eum
990 2753 1092 2806 Rv,·
1124 2753 1247 2797 enim
1277 2755 1465 2799 AParr.
1499 2757 1514 2811 Η
1545 2760 1598 2798 21
1635 2768 1865 2799 commen-

182 2810 309 2853 datio
353 2810 445 2854 RA
486 2814 858 2868 (6;142,16);
901 2812 1201 2857 comminatio
1232 2827 1258 2857 v
1290 2815 1305 2870 Η
1340 2818 1396 2858 26
1427 2814 1718 2869 paenitentes
1749 2813 1868 2867 RA;

180 2868 462 2924 paenitentis
494 2883 520 2913 v
