2004 3140
114 946 168 986 10

114 1315 168 1355 15

110 1685 166 1724 20

111 2053 166 2093 25

112 2422 168 2461 30

203 145 309 197 326
874 157 908 190 S.
932 157 1210 192 Aneosmm

350 270 457 318 Non
490 269 642 319 multo
673 277 786 335 post
819 272 949 319 enim
989 271 1278 321 adveniente
1318 272 1591 323 Alexandro
1632 273 1889 339 subiugata

202 350 292 410 est,
333 344 527 408 quando
561 346 655 393 etsi
687 343 819 394 nulla
851 350 927 394 est
958 344 1085 394 facta
1119 347 1338 413 vastatio,
1379 348 1610 411 quoniam
1643 362 1742 396 non
1774 355 1890 398 sunt

205 420 249 466 ei
289 420 396 467 ausi
435 419 668 467 resistere
717 424 766 467 et
813 418 924 467 ideo
975 418 1220 483 placatum
1260 419 1487 469 facillime
1529 420 1714 470 subditi
1753 436 1888 471 rece·

200 498 411 558 perunt,
447 507 544 540 non
587 498 691 541 erat
731 498 894 541 tamen
934 492 1088 557 gloria
1128 500 1260 542 tanta
1300 493 1474 543 domus
1515 494 1669 561 illius,
1710 502 1891 559 quanta

203 566 296 615 suit
335 566 385 614 in
419 581 623 615 suorum
657 581 829 631 regum
869 566 1023 615 libera
1061 573 1319 631 potestate.
1395 567 1594 618 Hostias
1634 584 1749 618 sane
1783 568 1889 618 Ale·
1967 601 1969 603 ·

203 639 387 688 xander
426 640 692 690 immolavit
723 642 773 689 in
808 639 896 689 Dei
927 640 1125 707 temple,
1165 656 1263 689 non
1303 641 1363 690 ad
1403 645 1510 691 eius
1549 642 1735 692 cultum
1778 658 1891 692 vera

201 715 386 778 pietate
427 729 709 779 conversuS,
751 714 836 763 sed
876 715 1023 779 impia
1064 716 1274 763 vanitate
1316 730 1427 764 cum
1470 715 1563 765 diis
1602 731 1716 766 eum
1755 716 1890 766 falsis

203 787 463 837 colendum
513 794 707 853 putans.
787 788 970 837 Deinde
1010 787 1345 855 PtolomaeuS,
1395 782 1514 854 Lagi
1551 789 1680 839 filius
1693 830 1707 856 ,
1759 791 1891 855 quod

203 877 351 926 supra
391 863 684 928 memoravi,
723 869 835 926 post
874 861 1136 911 Alexandri
1176 869 1387 911 mortem
1427 865 1646 927 captivos
1683 864 1798 913 inde
1839 866 1890 914 in

202 935 473 1000 Aegyptum
511 935 777 1000 transtulit,
811 951 934 999 quos
968 938 1075 984 eius
1107 951 1369 986 successor
1392 936 1706 987 Ptolomaeus
1729 937 1888 987 Phila·

201 1009 408 1074 delphus
454 1008 916 1059 benevolentissime
962 1009 1076 1058 inde
1127 1010 1333 1076 dimisit3
1379 1026 1469 1075 per
1519 1026 1667 1076 quem
1707 1011 1890 1061 factum

200 1090 297 1148 est,
347 1083 477 1148 quod
523 1083 668 1148 paulo
708 1090 819 1132 ante
860 1085 1078 1150 narravi,
1117 1091 1173 1133 ut
1212 1086 1521 1149 septuaginta
1559 1086 1888 1150 interpretum

201 1159 473 1222 scripturas
520 1156 830 1207 haberemus,
907 1157 1092 1207 Deinde
1141 1159 1342 1207 contriti
1389 1166 1506 1207 sunt
1543 1157 1710 1218 bellis,
1764 1174 1887 1224 quae

202 1232 253 1279 in
293 1230 732 1281 Macchabaeorum
771 1231 911 1280 libris
951 1231 1272 1296 explicantur.
1350 1231 1469 1281 Post
1515 1232 1635 1281 haec
1683 1235 1812 1297 capti
1864 1248 1889 1281 a

201 1320 318 1369 rege
350 1305 672 1354 Alexandriae
703 1305 1002 1371 Ptoloman,
1045 1307 1130 1370 qui
1169 1313 1245 1354 est
1283 1305 1555 1370 appellatus
1586 1305 1890 1371 Epiphanes3

202 1379 316 1428 inde
358 1378 417 1427 ab
457 1379 696 1428 Antiocho
747 1395 862 1443 rege
905 1378 1073 1444 Syriae
1114 1378 1281 1429 multis
1321 1386 1371 1428 et
1409 1381 1710 1444 gravissimis
1749 1380 1888 1429 malis

201 1452 259 1500 ad
310 1452 439 1502 idola
491 1452 694 1502 colenda
741 1452 992 1519 conpulsi,
1043 1452 1380 1518 templumque
1428 1455 1590 1518 ipsum
1644 1453 1887 1518 repletum

200 1526 450 1591 sacrilegis
484 1526 921 1592 superstitionibus
954 1528 1189 1593 gentium,
1223 1527 1355 1590 quod
1387 1534 1550 1575 tamen
1584 1527 1682 1576 dux
1715 1543 1888 1577 eorum

201 1602 574 1650 strenuissimus
630 1600 803 1662 IudaS,
861 1603 945 1665 qui
1001 1603 1148 1650 etiam
1201 1600 1554 1650 Macchabaeus
1595 1600 1757 1650 dictus
1797 1610 1887 1667 est,

199 1674 428 1724 Antiochi
467 1674 676 1724 ducibus
708 1675 863 1740 pulsis
904 1674 963 1723 ab
1004 1676 1137 1723 omni
1176 1674 1254 1723 illa
1296 1674 1548 1723 idolatriae
1590 1676 1886 1724 contamina-

199 1750 331 1798 tione
372 1748 637 1798 mundavit.

348 1823 455 1871 Non
495 1828 659 1872 autem
700 1822 853 1872 multo
892 1831 1006 1887 post
1044 1822 1260 1871 Alcimus
1301 1823 1498 1887 quidam
1537 1837 1627 1887 per
1666 1821 1886 1872 ambitio·

199 1911 327 1963 nem,
368 1912 481 1946 cum
521 1912 547 1945 a
587 1912 766 1962 genere
809 1896 1099 1946 sacerdotali
1139 1903 1272 1945 esset
1311 1895 1525 1962 alienUS,
1577 1895 1709 1960 quod
1747 1896 1886 1945 nefas

199 1977 333 2036 erat,
387 1971 606 2035 pontifex
663 1971 820 2020 factus
877 1977 966 2019 est.
1043 1970 1168 2019 Hinc
1224 1971 1318 2019 iam
1368 1976 1481 2034 post
1527 1985 1681 2018 annos
1731 1970 1886 2019 ferme

200 2045 572 2109 quinquaginta,
611 2046 661 2092 in
703 2043 882 2108 quibus
923 2046 994 2093 eis
1034 2051 1198 2093 tamen
1237 2059 1330 2108 pax
1371 2059 1470 2092 non
1510 2045 1626 2108 suit,
1667 2044 1887 2107 quamvis

200 2117 361 2182 aliqua
402 2125 451 2166 et
488 2133 726 2182 prospere
759 2119 1019 2183 gesserint,
1059 2119 1249 2182 primus
1289 2117 1419 2182 apud
1459 2132 1544 2165 eos
1575 2115 1884 2165 Aristobolus

201 2190 461 2255 adsumpto
502 2190 772 2239 diademate
815 2198 864 2239 et.
902 2206 990 2239 rex
1031 2198 1080 2239 et
1117 2191 1340 2255 pontifex
1381 2190 1539 2239 factus
1580 2196 1669 2238 est.
1731 2190 1886 2238 Antea

201 2266 406 2329 quippe,
461 2279 520 2312 ex
576 2279 673 2328 quo
729 2264 788 2312 de
845 2263 1138 2328 Babyloniae
1195 2265 1474 2328 captivitate
1529 2264 1717 2311 reversi
1771 2271 1887 2312 sunt

200 2337 536 2403 templumque
592 2339 942 2393 instauratum>
974 2344 1074 2402 est,
1129 2352 1225 2385 non
1274 2351 1439 2404 regeS,
1487 2337 1571 2386 sed
1620 2336 1772 2385 duces
1812 2337 1887 2385 vel

200 2413 451 2476 principes
498 2410 799 2476 habuerunt3
848 2412 1069 2475 quamvis
1118 2417 1166 2459 et
1215 2412 1299 2474 qui
1346 2425 1432 2458 rex
1481 2418 1555 2459 est
1593 2412 1751 2475 possit
1789 2410 1886 2459 dici

198 2487 431 2551 princeps
494 2500 519 2533 a
580 2486 861 2549 principatu
917 2483 1191 2549 imperandi
1246 2490 1294 2532 et
1348 2483 1446 2532 dux
1501 2499 1582 2549 e0,
1637 2483 1768 2548 quod
1823 2485 1887 2532 sit

200 2559 377 2608 ductor
417 2560 687 2624 exercitus3
729 2558 813 2607 sed
854 2573 953 2606 non
993 2559 1250 2623 continuo,
1297 2559 1595 2621 quicumque
1635 2558 1886 2622 principes

199 2632 274 2681 vel
307 2632 458 2681 duces
490 2638 621 2698 sunt,
660 2634 807 2681 etiam
838 2647 981 2695 reges
1013 2631 1110 2680 dici
1148 2637 1372 2697 possunt,
1411 2631 1543 2695 quod
1582 2632 1675 2680 iste
1700 2631 1885 2679 Aristo·

174 2705 342 2754 bolus
394 2706 499 2754 fuit.
578 2705 669 2754 Cui
720 2707 960 2755 successit
1005 2704 1300 2770 Alexander,
1352 2706 1499 2753 etiam
1546 2706 1651 2769 ipse
1703 2719 1790 2752 rex
1837 2710 1886 2754 et

322 2895 375 2933 11
408 2890 609 2936 benivol.
642 2890 734 2934 ΕΑ
757 2892 772 2947 ΙΙ
796 2895 851 2935 22
884 2889 1110 2935 alchimus
1141 2889 1232 2935 ΒΑ
