2054 3152
220 148 245 196 1
258 145 324 196 10
889 155 922 188 S.
947 155 1223 190 Aucusnm

217 271 392 319 diebus
433 272 529 319 illis
569 276 617 319 et
640 276 754 332 post
792 271 929 331 illud,
971 284 1084 319 cum
1118 273 1374 319 intrarent
1397 272 1498 330 filie·
1526 272 1626 321 Dei
1661 274 1733 321 ad
1763 275 1905 332 filias·

215 346 489 405 hominum,
539 351 586 392 et
621 345 942 405 §ene-rabant
978 345 1103 402 sibzss
1142 346 1218 393 illi
1253 350 1405 393 erant
1437 348 1672 406 qiqantes
1718 362 1750 395 a
1789 362 1900 397 sae-

216 421 329 467 culo
367 419 591 467 homines
630 420 888 467 nominati.
964 416 1096 467 Haec
1135 417 1250 466 libri
1287 417 1436 467 verba
1475 419 1626 468 divini
1667 422 1785 470 satis
1823 423 1896 470 in-

215 491 380 540 dicant
403 493 500 540 iam
523 491 619 540 illis
644 490 820 541 diebus
851 491 1004 540 fuisse
1036 493 1258 556 gigantes
1289 507 1440 557 super
1471 499 1671 560 terram,
1704 494 1901 558 quando

157 572 182 612 5
215 564 302 613 filii
333 564 422 613 Dei
462 572 762 630 acceperunt
800 580 983 614 uxores
1022 565 1146 614 filias
1185 565 1455 631 hominum,
1495 582 1609 616 cum
1649 583 1731 616 eas
1771 583 1897 617 ama-

213 645 327 688 rent
380 638 556 706 bonaS‚
609 639 659 688 id
711 645 786 688 est
835 639 1082 704 pulchras,
1169 638 1486 689 Consuetudo
1541 643 1723 706 quippe
1779 643 1900 691 scri-

212 719 388 777 pturae
435 713 583 762 huius
635 720 732 780 est,
787 715 935 762 etiam
975 715 1226 778 speciosos
1266 728 1474 778 corpore
1513 714 1670 763 bonos
1708 730 1899 765 vocare.

215 785 313 835 Sed
354 794 403 836 et
441 794 703 852 postquam
741 787 836 836 hoc
876 788 1059 836 sactum
1100 794 1190 852 est,
1229 789 1330 836 nati
1371 794 1486 837 sunt
1524 789 1760 853 gigantes.
1817 789 1898 838 Sic

214 862 346 909 enim
385 863 475 910 ait:
533 863 773 923 quantes
815 867 981 910 autem
1021 867 1171 911 erant
1207 876 1361 923 super
1400 868 1592 911 terram
1631 865 1684 911 in
1724 865 1899 912 diebus

125 941 180 981 10
214 937 309 983 illis
350 941 398 984 et
437 942 553 996 post
583 938 721 996 illud,
761 950 875 983 cum
916 938 1172 983 intrarent
1203 937 1303 995 filii
1332 936 1429 984 Dei
1466 938 1537 985 ad
1568 939 1705 995 filias
1743 939 1898 986 homi-

212 1023 342 1057 num.
434 1008 565 1073 Ergo
616 1017 666 1057 et
720 1015 831 1058 ante
885 1008 982 1057 illis
1033 1008 1207 1057 diebus
1263 1015 1313 1058 et
1365 1015 1478 1074 post
1530 1009 1665 1059 illud.
1756 1009 1899 1068 Quod

211 1088 375 1131 autem
415 1084 502 1132 ait:
541 1083 609 1131 Et
634 1084 956 1144 qenerabant
993 1084 1103 1143 sibi,
1143 1083 1262 1131 satis
1301 1082 1530 1150 ostendit,
1570 1084 1703 1148 quod
1740 1086 1900 1150 prim,

211 1162 473 1220 antequam
529 1158 600 1205 sic
656 1155 890 1206 caderent
947 1156 1034 1205 filii
1095 1155 1205 1222 Dei,
1259 1155 1361 1206 Deo
1417 1156 1742 1223 generabant,
1796 1173 1897 1207 non

211 1229 333 1296 sibi,
387 1230 437 1279 id
489 1237 566 1279 est
618 1246 718 1279 non
773 1230 1053 1279 dominante
1102 1229 1305 1278 libidine
1365 1230 1599 1298 coeundi,
1654 1231 1741 1280 sed
1790 1247 1898 1281 ser-

123 1309 175 1349 15
211 1305 371 1353 viente
427 1304 606 1353 officio.
642 1304 968 1370 propagandi3
1022 1319 1122 1352 non
1170 1304 1400 1352 familiam
1447 1305 1603 1353 fastus
1650 1307 1750 1371 sui,
1807 1305 1896 1354 sed

210 1379 341 1426 cives
377 1379 598 1427 ‘civitatis
645 1377 755 1444 Dei,
805 1377 985 1442 quibus
1040 1378 1389 1430 adnuntiarent
1439 1385 1688 1443 tamquam
1736 1379 1897 1444 angeli

207 1450 319 1518 Dei,
366 1458 422 1500 ut
467 1458 712 1516 ponerent
758 1453 810 1500 in
850 1451 951 1500 Deo
992 1466 1131 1516 spem
1171 1466 1334 1518 suam,
1382 1451 1568 1501 similes
1606 1452 1761 1518 illius,
1808 1455 1894 1517 qui

208 1532 353 1575 natus
394 1532 470 1574 est
508 1525 568 1575 de
611 1525 754 1591 Seth,
793 1525 922 1574 filius
963 1527 1373 1591 resurrectioniS‚
1415 1533 1463 1575 et
1503 1528 1719 1590 speravit
1757 1529 1893 1575 invo-

208 1614 319 1648 care
375 1615 556 1648 nomen
609 1599 805 1648 Domini
858 1599 969 1664 Dei3
1024 1601 1075 1647 in
1131 1614 1227 1663 qua
1275 1615 1362 1664 spe
1414 1606 1582 1649 essent
1629 1615 1743 1649 cum
1789 1602 1895 1649 suis

119 1678 174 1719 20
207 1675 420 1737 posteris
452 1673 723 1722 coheredes
756 1679 1074 1722 aeternorum
1114 1672 1359 1722 bonorum
1399 1680 1449 1722 et
1487 1672 1580 1722 sub
1613 1673 1714 1722 Deo
1754 1680 1894 1738 patre
1943 1736 1948 1738 λ

207 1747 384 1796 fratres
424 1747 651 1796 filiorum.

356 1820 465 1869 Non
513 1828 678 1870 autem
716 1820 826 1869 illos
874 1822 942 1870 ita
981 1821 1135 1870 fuisse
1176 1820 1375 1885 angelos
1415 1820 1526 1886 Dei,
1574 1828 1629 1870 ut
1668 1821 1894 1871 homines

209 1910 308 1943 non
365 1902 554 1962 essent,
609 1897 737 1943 sicut
791 1894 990 1959 quidam
1043 1901 1242 1959 putant,
1299 1895 1384 1943 sed
1439 1894 1664 1944 homines
1719 1895 1895 1960 procul

211 1967 360 2017 dubio
394 1969 563 2035 fuisse,
604 1970 850 2033 scriptura
881 1969 987 2033 ipsa
1020 1970 1125 2016 sine
1166 1968 1264 2017 ulla
1305 1967 1622 2032 ambiguitate
1663 1968 1893 2018 declarat.

122 2046 175 2086 25
211 2041 334 2090 Cum
381 2044 513 2091 enim
562 2043 890 2106 praemissum
940 2049 1093 2102 esset,
1143 2041 1274 2105 quod
1320 2039 1543 2091 videntes
1591 2045 1763 2103 anyelz’
1798 2044 1898 2092 Dez'

201 2118 339 2174 filias
378 2118 643 2177 hominum,
684 2118 805 2176 quia
846 2117 1007 2164 bonae
1044 2121 1174 2176 sunt,
1213 2122 1531 2177 sumpserunt
1568 2117 1667 2164 sibi
1703 2131 1894 2166 uxores

208 2204 273 2238 ex
305 2191 532 2238 omnibus
564 2204 690 2250 quas
729 2192 1002 2250 eleyerunt,
1042 2203 1155 2236 mox
1195 2188 1480 2237 adiunctum
1519 2194 1615 2238 est:
1655 2190 1724 2238 Et
1760 2192 1895 2239 dixit

206 2263 449 2312 Dominus
480 2263 640 2311 Deus:
679 2264 792 2322 Non
816 2263 1137 2324 permanebit
1165 2265 1375 2324 spiritus
1413 2277 1551 2312 meus
1591 2265 1642 2311 in
1681 2265 1891 2312 homini-

207 2338 297 2385 bus
344 2338 422 2385 his
469 2339 521 2385 in
569 2342 853 2397 aeternum,
895 2342 1110 2398 propter
1156 2338 1292 2396 quod
1328 2351 1453 2386 caro
1491 2342 1620 2385 sunt.
1701 2336 1890 2401 Spiritu

116 2415 172 2455 30
206 2408 295 2458 Dei
335 2411 516 2475 quippe
549 2410 746 2459 fuerant
784 2410 901 2458 facti
939 2409 1097 2473 angeli
1129 2408 1218 2458 Dei
1258 2416 1308 2459 et
1346 2409 1432 2458 filii
1470 2409 1574 2476 Dei,
1613 2410 1699 2458 sed
1739 2409 1887 2458 decli-

204 2483 365 2532 nando
398 2483 457 2532 ad
489 2484 724 2532 inferiora
755 2483 989 2532 dicuntur
1028 2482 1252 2532 homines
1292 2485 1489 2532 nomine
1529 2489 1748 2549 naturae,
1787 2498 1887 2531 non

205 2559 414 2623 gratiae3
455 2557 689 2606 dicuntur
722 2563 771 2606 et
803 2571 916 2606 caro
958 2556 1239 2606 desertores
1279 2558 1484 2621 spiritus
1525 2563 1574 2606 et
1613 2556 1888 2605 deserendo

205 2630 402 2680 deserti.
464 2630 527 2680 Et
567 2632 876 2696 septuaginta
910 2630 1109 2693 quidem
1147 2632 1446 2695 interpretes
1487 2637 1536 2679 et
1575 2629 1773 2695 angelos
1799 2629 1887 2679 Dei

321 2760 366 2814 3)
400 2757 509 2803 Gen.
545 2763 585 2814 6,
620 2763 641 2800 1
678 2772 774 2814 sqq.
839 2758 911 2813 17)
943 2756 1016 2801 Pe.
1052 2762 1120 2813 77,
1155 2762 1193 2802 7.

323 2896 375 2934 11
410 2889 504 2934 inis
534 2890 627 2935 ΒΑ
658 2891 733 2946 (ef.
767 2855 849 2946 4),‘·
872 2889 920 2933 in
951 2887 1046 2933 inis
1086 2889 1200 2934 VFv
1224 2890 1239 2946 u
1263 2893 1318 2934 27
1357 2889 1594 2946 elegerant
1623 2903 1650 2933 v
