2004 3140
563 123 629 156 DE
655 121 894 156 CIVITATE
918 123 1007 155 DEI
1030 123 1072 156 L.
1097 124 1198 156 x1x.
1224 124 1261 157 G.
1286 126 1340 158 27.
1676 115 1785 166 403

102 235 215 303 Dei,
278 251 400 301 quae
461 238 807 301 peregrinatur
869 238 919 285 in
983 239 1144 287 terris.
1221 237 1317 287 Per
1379 239 1541 288 omnia
1604 241 1784 303 quippe

101 309 321 360 membra
352 324 438 359 sua
471 310 644 360 clamat
676 311 733 360 ad
767 310 945 360 Deum:
984 313 1189 362 Dimitte
1221 315 1363 362 nobis
1396 314 1563 362 debita
1596 319 1786 375 nostra,

100 388 234 435 sicut
270 391 319 435 et
355 399 445 434 nos
484 387 776 435 dimittimus
816 387 1125 436 debitoribus
1164 391 1363 437 nostris.
1441 386 1542 436 Nec
1580 402 1670 452 pro
1713 389 1784 436 eis

102 466 176 508 est
215 459 386 508 efficax
423 458 544 508 haec
586 461 764 526 orati0,
812 475 1023 525 quorum
1072 460 1194 510 fides
1235 464 1340 511 sine
1382 460 1615 526 operibus
1655 476 1784 509 mor-

99 539 182 582 tua
215 538 311 599 est3
353 532 438 582 sed
470 549 560 598 pro
594 536 679 601 eiS,
721 550 932 599 quorum
974 535 1092 584 fides
1131 550 1220 600 per
1261 536 1574 585 dilectionem
1613 550 1783 600 opera·
1817 544 1842 585 5

98 612 193 656 tur.
272 606 396 665 Quia
435 609 567 656 enim
606 607 706 657 Deo
748 609 947 674 quidem
987 608 1205 675 subdita,
1245 612 1295 659 in
1336 610 1426 659 hac
1466 616 1630 658 tamen
1671 625 1785 658 con-

99 680 291 730 dicione
354 682 547 731 mortali
611 690 659 731 et
721 698 928 748 corpore
977 683 1310 751 corruptibili,
1375 683 1505 749 quod
1557 683 1787 748 adgravat

98 756 322 823 animam,
362 771 460 804 non
500 756 717 821 perfecte
759 759 889 806 vitiis
929 759 1138 823 imperat
1177 760 1317 826 ratic,
1356 759 1466 807 ideo
1508 759 1786 806 necessaria

98 836 173 878 est
211 831 356 879 iustis
404 830 513 879 talis
562 833 732 880 oratio.
810 831 932 880 Nam
970 832 1194 897 profecto
1236 847 1531 898 quamquam
1571 834 1781 896 impere-

97 909 199 969 tur,
249 919 559 968 nequaquam
600 906 704 954 sine
746 906 977 955 conflictu
1017 908 1146 956 vitiis
1186 909 1482 972 imperatum
1523 913 1571 955 et
1611 908 1782 970 utique
1817 916 1871 956 10

98 977 321 1043 subrepit
360 978 541 1043 aliquid
589 981 640 1027 in
687 979 781 1028 hoc
829 980 936 1029 loco
977 981 1274 1030 infirmitatis
1316 983 1462 1031 etiam
1501 980 1626 1029 bene
1669 995 1782 1029 con-

96 1051 284 1116 fligenti
323 1054 422 1101 sive
470 1052 696 1102 hostibus
745 1053 925 1103 talibus
964 1056 1106 1104 victis
1147 1054 1457 1120 subditisque
1498 1054 1784 1120 dominanti,

97 1125 227 1174 unde
281 1127 322 1175 si
368 1141 468 1175 non
514 1126 645 1176 facili
692 1130 1004 1194 operatione,
1055 1135 1189 1178 certe
1240 1129 1372 1179 labili
1410 1129 1657 1178 locutione
1700 1134 1784 1176 aut

94 1199 274 1248 volatili
313 1202 606 1264 cogitatione
645 1210 895 1266 peccetur.
973 1201 1035 1252 Et
1074 1203 1212 1270 ide0,
1253 1202 1487 1268 quamdiu
1525 1203 1655 1250 vitiis
1695 1204 1782 1250 im-

94 1280 320 1340 peratur,
366 1274 508 1339 plena
548 1290 640 1339 pax
683 1291 780 1324 non
823 1283 920 1343 est,
969 1278 1081 1341 quia
1123 1284 1172 1326 et
1210 1277 1313 1344 illa,
1362 1291 1486 1342 quae
1527 1278 1781 1342 resistunt,
1815 1285 1869 1326 15

92 1347 370 1412 periculoso
426 1348 736 1398 debellantur
782 1350 992 1417 proeliO,
1042 1359 1091 1400 et
1141 1351 1248 1418 illa,
1297 1367 1421 1416 quae
1478 1350 1604 1400 victa
1652 1356 1783 1416 sunt,

92 1422 311 1471 nondum
367 1437 544 1472 securo
600 1424 970 1489 triumphantur
1025 1427 1152 1491 oti0,
1215 1426 1301 1476 sed
1357 1425 1516 1474 adhuc
1572 1423 1780 1473 sollicito

91 1502 386 1559 premuntur
425 1498 647 1561 imperio
725 1497 780 1546 In
820 1498 896 1547 his
937 1514 1054 1564 ergo
1094 1499 1522 1565 temptationibUS,
1573 1498 1633 1547 de
1674 1499 1780 1562 qui-

82 1568 184 1618 bus
247 1569 476 1620 omnibus
537 1573 588 1620 in
651 1571 827 1621 divinis
891 1572 1099 1637 eloquiis
1160 1573 1379 1623 breviter
1442 1573 1628 1622 dictum
1683 1578 1780 1620 est:

91 1645 348 1705 Numquid
392 1659 492 1694 non
541 1649 797 1707 temptatio
845 1653 918 1696 est
956 1650 1058 1696 vita
1097 1649 1321 1697 humana
1360 1662 1514 1709 super
1555 1647 1780 1695 terram?
1812 1656 1868 1697 20

92 1720 202 1781 quis
253 1721 319 1767 ita
375 1720 536 1767 vivere
593 1734 644 1767 se
700 1727 1011 1786 praesumat,
1068 1728 1122 1769 ut
1175 1721 1342 1770 dicere
1392 1720 1515 1769 Deo:
1573 1721 1780 1769 Dimitte

91 1793 233 1840 uobis
281 1794 451 1841 debita
499 1799 675 1842 nostra
715 1808 919 1842 necesse
967 1809 1066 1842 non
1114 1794 1290 1843 habeat
1346 1796 1442 1843 nisi
1487 1793 1633 1842 homo
1683 1793 1776 1842 ela-

14 1860 24 1867 ’
93 1862 210 1914 tus?
250 1880 342 1914 nec
383 1880 499 1914 vero
538 1880 768 1932 magnuS,
816 1868 902 1916 sed
942 1867 1140 1917 inflatus
1181 1884 1235 1918 ac
1277 1868 1517 1933 tumiduS,
1569 1869 1650 1916 cui
1687 1882 1778 1931 per

93 1940 331 1988 iustitiam
362 1941 564 2005 resistit,
604 1942 690 2004 qui
721 1943 925 2004 gratiam
959 1941 1167 2006 largitur
1206 1941 1489 1991 humilibus,
1565 1940 1777 2004 Propter

92 2011 223 2076 quod
250 2014 489 2076 scriptum
523 2019 619 2063 est:
652 2014 789 2064 Deus
820 2017 1050 2077 superbis
1082 2019 1284 2077 resistit,
1317 2017 1586 2065 humilibus
1611 2021 1775 2064 autem
1809 2024 1864 2064 25

90 2088 179 2135 dat
221 2089 460 2146 qratiam.
537 2086 627 2135 Hic
674 2090 840 2152 itaque
888 2091 938 2137 in
985 2104 1285 2154 unoquoque
1333 2091 1521 2139 iustitia
1569 2095 1668 2154 est,
1723 2097 1778 2137 ut

91 2159 372 2209 oboedienti
403 2160 534 2209 Deus
565 2161 767 2227 homini,
807 2164 999 2212 animus
1033 2166 1245 2231 corpori,
1284 2165 1409 2213 ratio
1443 2168 1606 2212 autem
1647 2164 1776 2210 vitiis

91 2235 236 2282 etiam
268 2235 660 2299 repugnantibus
692 2237 918 2303 imperet,
959 2236 1031 2286 vel
1065 2237 1337 2302 subigendo
1370 2237 1446 2286 vel
1477 2235 1776 2302 'resistend0,

10 2297 18 2304 ⁹
90 2315 235 2371 atque
291 2315 346 2357 ut
400 2307 458 2356 ab
509 2310 616 2374 ipso
671 2308 772 2358 Deo
826 2317 1024 2374 petatur
1079 2318 1128 2360 et
1176 2314 1470 2361 meritorum
1524 2312 1678 2374 gratia
1727 2317 1776 2358 et

86 2383 226 2430 venia
279 2381 571 2432 delictorum
626 2398 681 2431 ac
736 2383 796 2432 de
852 2386 1066 2449 acceptis
1123 2384 1266 2434 bonis
1328 2386 1596 2450 gratiarum
1648 2386 1773 2432 actio
1807 2394 1863 2434 30

87 2454 407 2518 persolvatur.
485 2455 540 2504 ln
590 2456 672 2504 illa
723 2472 839 2505 vero
889 2473 1009 2522 pace
1057 2459 1209 2525 finali,
1261 2474 1357 2523 quo
1414 2457 1672 2506 referenda
1726 2464 1774 2505 et

90 2529 231 2577 cuius
263 2529 604 2594 adipiscendae
638 2545 785 2579 causa
817 2530 1038 2580 habenda
1071 2540 1146 2591 est
1177 2535 1270 2582 ista
1301 2533 1503 2601 iustitia,
1543 2531 1773 2594 quoniam

204 2642 247 2696 5)
279 2641 369 2685 Iac.
403 2646 451 2696 2,
485 2647 538 2686 17
572 2657 668 2698 sqq.
735 2645 778 2700 6)
812 2643 912 2689 Gal.
947 2648 995 2699 5,
1044 2649 1081 2688 6.
1147 2646 1191 2700 8)
1226 2643 1332 2700 Sap.
1367 2648 1415 2699 9,
1452 2648 1518 2686 15.
1584 2644 1656 2699 20)
1689 2643 1771 2687 Iob

88 2702 128 2754 7,
163 2704 199 2744 1.
264 2703 338 2756 26)
370 2701 459 2746 Iac.
494 2706 535 2757 4,
569 2706 616 2757 ὅς
653 2707 689 2746 1.
723 2701 844 2747 Petr.
879 2706 920 2758 5,
953 2706 991 2747 5.

206 2864 258 2904 13
290 2861 437 2906 flabili
468 2861 534 2905 R¹

1324 2944 1378 2983 26
1391 2938 1414 2965 '⁵‘
