<?xml version="1.0" encoding="UTF-8"?>
<!DOCTYPE html PUBLIC "-//W3C//DTD XHTML 1.0 Transitional//EN"
    "http://www.w3.org/TR/xhtml1/DTD/xhtml1-transitional.dtd">
<html xmlns="http://www.w3.org/1999/xhtml" xml:lang="en" lang="en">
 <head>
  <title>
</title>
<meta http-equiv="Content-Type" content="text/html;charset=utf-8" />
  <meta name='ocr-system' content='tesseract 3.04.00' />
  <meta name='ocr-capabilities' content='ocr_page ocr_carea ocr_par ocr_line ocrx_word'/>
</head>
<body>
  <div class='ocr_page' id='page_1' title='image "./decivitatedeilib02auguuoft_0326.png"; bbox 0 0 2004 3140; ppageno 0'>
   <div class='ocr_carea' id='block_1_1' title="bbox 222 134 1227 186">
    <p class='ocr_par' dir='ltr' id='par_1_1' title="bbox 222 134 1227 186">
     <span class='ocr_line' id='line_1_1' title="bbox 222 134 1227 186; baseline -0.01 -1"><span class='ocrx_word' id='word_1_1' title='bbox 222 134 329 186; x_wconf 69' lang='lat'>322</span> <span class='ocrx_word' id='word_1_2' title='bbox 896 143 928 176; x_wconf 84' lang='lat' dir='ltr'>s.</span> <span class='ocrx_word' id='word_1_3' title='bbox 954 135 1227 177; x_wconf 76' lang='lat' dir='ltr'>AUGUSTINI</span> 
     </span>
    </p>
   </div>
   <div class='ocr_carea' id='block_1_2' title="bbox 129 255 1973 2829">
    <p class='ocr_par' dir='ltr' id='par_1_2' title="bbox 129 255 1973 2829">
     <span class='ocr_line' id='line_1_2' title="bbox 221 255 1908 321; baseline 0.001 -16"><span class='ocrx_word' id='word_1_4' title='bbox 221 258 280 306; x_wconf 90' lang='lat' dir='ltr'>ad</span> <span class='ocrx_word' id='word_1_5' title='bbox 306 258 398 306; x_wconf 89' lang='lat' dir='ltr'>hoc</span> <span class='ocrx_word' id='word_1_6' title='bbox 431 264 621 307; x_wconf 87' lang='lat' dir='ltr'>tantum</span> <span class='ocrx_word' id='word_1_7' title='bbox 647 272 771 321; x_wconf 87' lang='lat' dir='ltr'>opus</span> <span class='ocrx_word' id='word_1_8' title='bbox 806 256 1074 305; x_wconf 89' lang='lat' dir='ltr'>electorum</span> <span class='ocrx_word' id='word_1_9' title='bbox 1108 255 1355 305; x_wconf 88' lang='lat' dir='ltr'>neminem</span> <span class='ocrx_word' id='word_1_10' title='bbox 1380 256 1601 305; x_wconf 83' lang='lat' dir='ltr'>iudicant</span> <span class='ocrx_word' id='word_1_11' title='bbox 1625 257 1908 320; x_wconf 82' lang='lat' dir='ltr'>praeferen-</span> 
     </span>
     <span class='ocr_line' id='line_1_3' title="bbox 221 331 1906 398; baseline -0.001 -17"><span class='ocrx_word' id='word_1_12' title='bbox 221 331 360 397; x_wconf 81' lang='lat' dir='ltr'>dum3</span> <span class='ocrx_word' id='word_1_13' title='bbox 401 333 528 398; x_wconf 87' lang='lat' dir='ltr'>quia,</span> <span class='ocrx_word' id='word_1_14' title='bbox 569 332 661 380; x_wconf 89' lang='lat' dir='ltr'>etsi</span> <span class='ocrx_word' id='word_1_15' title='bbox 700 346 798 379; x_wconf 92' lang='lat' dir='ltr'>non</span> <span class='ocrx_word' id='word_1_16' title='bbox 838 332 888 379; x_wconf 93' lang='lat' dir='ltr'>in</span> <span class='ocrx_word' id='word_1_17' title='bbox 930 331 1000 378; x_wconf 91' lang='lat' dir='ltr'>eis</span> <span class='ocrx_word' id='word_1_18' title='bbox 1040 344 1169 378; x_wconf 87' lang='lat' dir='ltr'>unus</span> <span class='ocrx_word' id='word_1_19' title='bbox 1209 331 1517 394; x_wconf 83' lang='lat' dir='ltr'>apparuisset</span> <span class='ocrx_word' id='word_1_20' title='bbox 1556 331 1759 395; x_wconf 88' lang='lat' dir='ltr'>spiritus</span> <span class='ocrx_word' id='word_1_21' title='bbox 1799 332 1906 380; x_wconf 91' lang='lat' dir='ltr'>sine</span> 
     </span>
     <span class='ocr_line' id='line_1_4' title="bbox 220 402 1908 471; baseline -0.001 -18"><span class='ocrx_word' id='word_1_22' title='bbox 220 404 524 454; x_wconf 82' lang='lat' dir='ltr'>dubitatione</span> <span class='ocrx_word' id='word_1_23' title='bbox 558 404 767 471; x_wconf 88' lang='lat' dir='ltr'>divinus,</span> <span class='ocrx_word' id='word_1_24' title='bbox 799 404 885 454; x_wconf 90' lang='lat' dir='ltr'>sed</span> <span class='ocrx_word' id='word_1_25' title='bbox 917 404 1048 453; x_wconf 89' lang='lat' dir='ltr'>inter</span> <span class='ocrx_word' id='word_1_26' title='bbox 1073 418 1124 452; x_wconf 89' lang='lat' dir='ltr'>se</span> <span class='ocrx_word' id='word_1_27' title='bbox 1157 402 1304 452; x_wconf 88' lang='lat' dir='ltr'>verba</span> <span class='ocrx_word' id='word_1_28' title='bbox 1336 405 1758 470; x_wconf 81' lang='lat' dir='ltr'>interpretationis</span> <span class='ocrx_word' id='word_1_29' title='bbox 1791 419 1908 454; x_wconf 84' lang='lat' dir='ltr'>suae</span> 
     </span>
     <span class='ocr_line' id='line_1_5' title="bbox 222 477 1907 547; baseline -0.001 -19"><span class='ocrx_word' id='word_1_30' title='bbox 222 480 530 547; x_wconf 83' lang='lat' dir='ltr'>septuaginta</span> <span class='ocrx_word' id='word_1_31' title='bbox 555 479 688 528; x_wconf 88' lang='lat' dir='ltr'>docti</span> <span class='ocrx_word' id='word_1_32' title='bbox 713 494 850 527; x_wconf 90' lang='lat' dir='ltr'>more</span> <span class='ocrx_word' id='word_1_33' title='bbox 874 477 1129 526; x_wconf 90' lang='lat' dir='ltr'>hominum</span> <span class='ocrx_word' id='word_1_34' title='bbox 1157 477 1496 544; x_wconf 90' lang='lat' dir='ltr'>contulissent,</span> <span class='ocrx_word' id='word_1_35' title='bbox 1535 485 1606 546; x_wconf 88' lang='lat' dir='ltr'>ut,</span> <span class='ocrx_word' id='word_1_36' title='bbox 1645 477 1774 542; x_wconf 92' lang='lat' dir='ltr'>quod</span> <span class='ocrx_word' id='word_1_37' title='bbox 1806 478 1907 543; x_wconf 89' lang='lat' dir='ltr'>pla·</span> 
     </span>
     <span class='ocr_line' id='line_1_6' title="bbox 163 550 1973 620; baseline -0.001 -19"><span class='ocrx_word' id='word_1_38' title='bbox 163 563 188 601; x_wconf 87' lang='lat'>5</span> <span class='ocrx_word' id='word_1_39' title='bbox 223 555 408 602; x_wconf 86' lang='lat' dir='ltr'>cuisset</span> <span class='ocrx_word' id='word_1_40' title='bbox 447 552 697 620; x_wconf 90' lang='lat' dir='ltr'>omnibus,</span> <span class='ocrx_word' id='word_1_41' title='bbox 744 553 838 601; x_wconf 92' lang='lat' dir='ltr'>hoc</span> <span class='ocrx_word' id='word_1_42' title='bbox 879 558 1122 617; x_wconf 86' lang='lat' dir='ltr'>maneret,</span> <span class='ocrx_word' id='word_1_43' title='bbox 1172 550 1337 600; x_wconf 88' lang='lat' dir='ltr'>nullus</span> <span class='ocrx_word' id='word_1_44' title='bbox 1378 552 1449 600; x_wconf 89' lang='lat' dir='ltr'>eis</span> <span class='ocrx_word' id='word_1_45' title='bbox 1489 567 1619 601; x_wconf 90' lang='lat' dir='ltr'>unus</span> <span class='ocrx_word' id='word_1_46' title='bbox 1658 554 1907 617; x_wconf 86' lang='lat' dir='ltr'>interpres</span> <span class='ocrx_word' id='word_1_47' title='bbox 1971 555 1973 557; x_wconf 82' lang='grc'><strong>’</strong></span> 
     </span>
     <span class='ocr_line' id='line_1_7' title="bbox 221 625 1907 692; baseline -0.001 -17"><span class='ocrx_word' id='word_1_48' title='bbox 221 626 391 676; x_wconf 84' lang='lat' dir='ltr'>debuit</span> <span class='ocrx_word' id='word_1_49' title='bbox 422 629 674 692; x_wconf 80' lang='lat' dir='ltr'>anteponi3</span> <span class='ocrx_word' id='word_1_50' title='bbox 707 642 821 676; x_wconf 90' lang='lat' dir='ltr'>cum</span> <span class='ocrx_word' id='word_1_51' title='bbox 853 641 969 674; x_wconf 78' lang='lat' dir='ltr'>vero</span> <span class='ocrx_word' id='word_1_52' title='bbox 1003 631 1194 674; x_wconf 88' lang='lat' dir='ltr'>tantum</span> <span class='ocrx_word' id='word_1_53' title='bbox 1225 626 1275 673; x_wconf 88' lang='lat' dir='ltr'>in</span> <span class='ocrx_word' id='word_1_54' title='bbox 1309 626 1379 674; x_wconf 87' lang='lat' dir='ltr'>eis</span> <span class='ocrx_word' id='word_1_55' title='bbox 1413 626 1608 690; x_wconf 90' lang='lat' dir='ltr'>signum</span> <span class='ocrx_word' id='word_1_56' title='bbox 1641 625 1907 676; x_wconf 88' lang='lat' dir='ltr'>divinitatis</span> 
     </span>
     <span class='ocr_line' id='line_1_8' title="bbox 221 698 1907 767; baseline 0 -18"><span class='ocrx_word' id='word_1_57' title='bbox 221 703 468 767; x_wconf 85' lang='lat' dir='ltr'>apparuit,</span> <span class='ocrx_word' id='word_1_58' title='bbox 515 701 738 766; x_wconf 87' lang='lat' dir='ltr'>profecto</span> <span class='ocrx_word' id='word_1_59' title='bbox 779 701 1004 765; x_wconf 90' lang='lat' dir='ltr'>quisquis</span> <span class='ocrx_word' id='word_1_60' title='bbox 1044 698 1168 747; x_wconf 88' lang='lat' dir='ltr'>alius</span> <span class='ocrx_word' id='word_1_61' title='bbox 1215 698 1410 748; x_wconf 90' lang='lat' dir='ltr'>illarum</span> <span class='ocrx_word' id='word_1_62' title='bbox 1450 701 1807 764; x_wconf 88' lang='lat' dir='ltr'>scripturarum</span> <span class='ocrx_word' id='word_1_63' title='bbox 1847 715 1907 749; x_wconf 86' lang='lat' dir='ltr'>ex</span> 
     </span>
     <span class='ocr_line' id='line_1_9' title="bbox 218 771 1907 840; baseline -0.001 -16"><span class='ocrx_word' id='word_1_64' title='bbox 218 774 441 824; x_wconf 89' lang='lat' dir='ltr'>Hebraea</span> <span class='ocrx_word' id='word_1_65' title='bbox 466 777 516 824; x_wconf 92' lang='lat' dir='ltr'>in</span> <span class='ocrx_word' id='word_1_66' title='bbox 543 774 811 839; x_wconf 82' lang='lat' dir='ltr'>quamlibet</span> <span class='ocrx_word' id='word_1_67' title='bbox 835 774 977 823; x_wconf 90' lang='lat' dir='ltr'>aliam</span> <span class='ocrx_word' id='word_1_68' title='bbox 1001 772 1217 837; x_wconf 85' lang='lat' dir='ltr'>linguam</span> <span class='ocrx_word' id='word_1_69' title='bbox 1243 773 1490 837; x_wconf 88' lang='lat' dir='ltr'>interpres</span> <span class='ocrx_word' id='word_1_70' title='bbox 1523 780 1599 822; x_wconf 89' lang='lat' dir='ltr'>est</span> <span class='ocrx_word' id='word_1_71' title='bbox 1629 771 1792 840; x_wconf 82' lang='lat' dir='ltr'>verax,</span> <span class='ocrx_word' id='word_1_72' title='bbox 1824 781 1907 823; x_wconf 87' lang='lat' dir='ltr'>aut</span> 
     </span>
     <span class='ocr_line' id='line_1_10' title="bbox 221 846 1907 913; baseline -0.001 -16"><span class='ocrx_word' id='word_1_73' title='bbox 221 851 450 913; x_wconf 89' lang='lat' dir='ltr'>congruit</span> <span class='ocrx_word' id='word_1_74' title='bbox 473 849 568 898; x_wconf 91' lang='lat' dir='ltr'>illis</span> <span class='ocrx_word' id='word_1_75' title='bbox 594 850 900 913; x_wconf 83' lang='lat' dir='ltr'>septuaginta</span> <span class='ocrx_word' id='word_1_76' title='bbox 926 846 1299 912; x_wconf 82' lang='lat' dir='ltr'>interpretibuS,</span> <span class='ocrx_word' id='word_1_77' title='bbox 1331 853 1415 895; x_wconf 89' lang='lat' dir='ltr'>aut</span> <span class='ocrx_word' id='word_1_78' title='bbox 1441 849 1482 895; x_wconf 92' lang='lat' dir='ltr'>si</span> <span class='ocrx_word' id='word_1_79' title='bbox 1506 861 1604 895; x_wconf 90' lang='lat' dir='ltr'>non</span> <span class='ocrx_word' id='word_1_80' title='bbox 1631 862 1907 912; x_wconf 84' lang='lat' dir='ltr'>congruere</span> 
     </span>
     <span class='ocr_line' id='line_1_11' title="bbox 134 914 1908 989; baseline 0.001 -20"><span class='ocrx_word' id='word_1_81' title='bbox 134 932 189 970; x_wconf 91' lang='lat'>10</span> <span class='ocrx_word' id='word_1_82' title='bbox 221 922 430 989; x_wconf 89' lang='lat' dir='ltr'>videtur,</span> <span class='ocrx_word' id='word_1_83' title='bbox 450 914 675 971; x_wconf 65' lang='lat' dir='ltr'>&#39;altitudo</span> <span class='ocrx_word' id='word_1_84' title='bbox 708 922 775 970; x_wconf 89' lang='lat' dir='ltr'>ibi</span> <span class='ocrx_word' id='word_1_85' title='bbox 807 921 1094 986; x_wconf 87' lang='lat' dir='ltr'>prophetica</span> <span class='ocrx_word' id='word_1_86' title='bbox 1128 935 1236 968; x_wconf 87' lang='lat' dir='ltr'>esse</span> <span class='ocrx_word' id='word_1_87' title='bbox 1270 920 1514 969; x_wconf 89' lang='lat' dir='ltr'>credenda</span> <span class='ocrx_word' id='word_1_88' title='bbox 1547 929 1635 970; x_wconf 90' lang='lat' dir='ltr'>est.</span> <span class='ocrx_word' id='word_1_89' title='bbox 1692 921 1908 985; x_wconf 87' lang='lat' dir='ltr'>Spiritus</span> 
     </span>
     <span class='ocr_line' id='line_1_12' title="bbox 222 994 1907 1061; baseline 0 -17"><span class='ocrx_word' id='word_1_90' title='bbox 222 998 374 1061; x_wconf 90' lang='lat' dir='ltr'>enim,</span> <span class='ocrx_word' id='word_1_91' title='bbox 422 998 506 1060; x_wconf 89' lang='lat' dir='ltr'>qui</span> <span class='ocrx_word' id='word_1_92' title='bbox 545 998 594 1045; x_wconf 90' lang='lat' dir='ltr'>in</span> <span class='ocrx_word' id='word_1_93' title='bbox 635 996 892 1061; x_wconf 89' lang='lat' dir='ltr'>prophetis</span> <span class='ocrx_word' id='word_1_94' title='bbox 933 1001 1063 1060; x_wconf 88' lang='lat' dir='ltr'>erat,</span> <span class='ocrx_word' id='word_1_95' title='bbox 1118 994 1313 1058; x_wconf 90' lang='lat' dir='ltr'>quando</span> <span class='ocrx_word' id='word_1_96' title='bbox 1353 994 1431 1043; x_wconf 88' lang='lat' dir='ltr'>illa</span> <span class='ocrx_word' id='word_1_97' title='bbox 1472 995 1728 1061; x_wconf 88' lang='lat' dir='ltr'>dixerunt,</span> <span class='ocrx_word' id='word_1_98' title='bbox 1776 995 1907 1044; x_wconf 90' lang='lat' dir='ltr'>idem</span> 
     </span>
     <span class='ocr_line' id='line_1_13' title="bbox 219 1068 1906 1134; baseline -0.001 -16"><span class='ocrx_word' id='word_1_99' title='bbox 219 1072 324 1134; x_wconf 89' lang='lat' dir='ltr'>ipse</span> <span class='ocrx_word' id='word_1_100' title='bbox 366 1077 471 1118; x_wconf 90' lang='lat' dir='ltr'>erat</span> <span class='ocrx_word' id='word_1_101' title='bbox 511 1072 656 1119; x_wconf 87' lang='lat' dir='ltr'>etiam</span> <span class='ocrx_word' id='word_1_102' title='bbox 696 1072 745 1118; x_wconf 89' lang='lat' dir='ltr'>in</span> <span class='ocrx_word' id='word_1_103' title='bbox 786 1070 1095 1134; x_wconf 86' lang='lat' dir='ltr'>septuaginta</span> <span class='ocrx_word' id='word_1_104' title='bbox 1134 1070 1268 1134; x_wconf 88' lang='lat' dir='ltr'>viris,</span> <span class='ocrx_word' id='word_1_105' title='bbox 1309 1068 1503 1132; x_wconf 87' lang='lat' dir='ltr'>quando</span> <span class='ocrx_word' id='word_1_106' title='bbox 1544 1068 1624 1117; x_wconf 87' lang='lat' dir='ltr'>illa</span> <span class='ocrx_word' id='word_1_107' title='bbox 1664 1070 1906 1133; x_wconf 87' lang='lat' dir='ltr'>interpre-</span> 
     </span>
     <span class='ocr_line' id='line_1_14' title="bbox 220 1142 1906 1210; baseline -0.001 -18"><span class='ocrx_word' id='word_1_108' title='bbox 220 1146 307 1192; x_wconf 88' lang='lat' dir='ltr'>tati</span> <span class='ocrx_word' id='word_1_109' title='bbox 356 1151 494 1210; x_wconf 81' lang='lat' dir='ltr'>sunt3</span> <span class='ocrx_word' id='word_1_110' title='bbox 544 1146 628 1208; x_wconf 92' lang='lat' dir='ltr'>qui</span> <span class='ocrx_word' id='word_1_111' title='bbox 674 1143 899 1208; x_wconf 86' lang='lat' dir='ltr'>profecto</span> <span class='ocrx_word' id='word_1_112' title='bbox 947 1144 1238 1192; x_wconf 88' lang='lat' dir='ltr'>auctoritate</span> <span class='ocrx_word' id='word_1_113' title='bbox 1280 1142 1440 1191; x_wconf 90' lang='lat' dir='ltr'>divina</span> <span class='ocrx_word' id='word_1_114' title='bbox 1482 1150 1531 1191; x_wconf 90' lang='lat' dir='ltr'>et</span> <span class='ocrx_word' id='word_1_115' title='bbox 1570 1142 1699 1191; x_wconf 89' lang='lat' dir='ltr'>aliud</span> <span class='ocrx_word' id='word_1_116' title='bbox 1740 1142 1906 1191; x_wconf 84' lang='lat' dir='ltr'>dicere</span> 
     </span>
     <span class='ocr_line' id='line_1_15' title="bbox 219 1215 1907 1283; baseline -0.001 -17"><span class='ocrx_word' id='word_1_117' title='bbox 219 1219 394 1283; x_wconf 88' lang='lat' dir='ltr'>potuit,</span> <span class='ocrx_word' id='word_1_118' title='bbox 419 1225 666 1282; x_wconf 83' lang='lat' dir='ltr'>tamquam</span> <span class='ocrx_word' id='word_1_119' title='bbox 682 1217 921 1282; x_wconf 86' lang='lat' dir='ltr'>propheta</span> <span class='ocrx_word' id='word_1_120' title='bbox 937 1216 1017 1265; x_wconf 91' lang='lat' dir='ltr'>ille</span> <span class='ocrx_word' id='word_1_121' title='bbox 1044 1222 1310 1280; x_wconf 87' lang='lat' dir='ltr'>utrumque</span> <span class='ocrx_word' id='word_1_122' title='bbox 1336 1215 1555 1282; x_wconf 83' lang='lat' dir='ltr'>dixisset,</span> <span class='ocrx_word' id='word_1_123' title='bbox 1579 1218 1692 1281; x_wconf 89' lang='lat' dir='ltr'>quia</span> <span class='ocrx_word' id='word_1_124' title='bbox 1717 1223 1907 1265; x_wconf 88' lang='lat' dir='ltr'>utrum-</span> 
     </span>
     <span class='ocr_line' id='line_1_16' title="bbox 133 1289 1906 1356; baseline 0 -18"><span class='ocrx_word' id='word_1_125' title='bbox 133 1300 187 1339; x_wconf 83' lang='lat'>15</span> <span class='ocrx_word' id='word_1_126' title='bbox 221 1306 316 1355; x_wconf 88' lang='lat' dir='ltr'>que</span> <span class='ocrx_word' id='word_1_127' title='bbox 348 1291 479 1340; x_wconf 89' lang='lat' dir='ltr'>idem</span> <span class='ocrx_word' id='word_1_128' title='bbox 513 1291 728 1356; x_wconf 89' lang='lat' dir='ltr'>Spiritus</span> <span class='ocrx_word' id='word_1_129' title='bbox 761 1290 965 1356; x_wconf 87' lang='lat' dir='ltr'>diceret,</span> <span class='ocrx_word' id='word_1_130' title='bbox 1004 1297 1053 1339; x_wconf 90' lang='lat' dir='ltr'>et</span> <span class='ocrx_word' id='word_1_131' title='bbox 1085 1289 1178 1338; x_wconf 94' lang='lat' dir='ltr'>hoc</span> <span class='ocrx_word' id='word_1_132' title='bbox 1217 1291 1377 1354; x_wconf 89' lang='lat' dir='ltr'>ipsum</span> <span class='ocrx_word' id='word_1_133' title='bbox 1419 1290 1575 1356; x_wconf 88' lang='lat' dir='ltr'>aliter,</span> <span class='ocrx_word' id='word_1_134' title='bbox 1614 1297 1685 1356; x_wconf 90' lang='lat' dir='ltr'>ut,</span> <span class='ocrx_word' id='word_1_135' title='bbox 1724 1291 1766 1338; x_wconf 89' lang='lat' dir='ltr'>si</span> <span class='ocrx_word' id='word_1_136' title='bbox 1808 1305 1906 1338; x_wconf 92' lang='lat' dir='ltr'>non</span> 
     </span>
     <span class='ocr_line' id='line_1_17' title="bbox 222 1362 1906 1431; baseline -0.001 -18"><span class='ocrx_word' id='word_1_137' title='bbox 222 1364 390 1413; x_wconf 89' lang='lat' dir='ltr'>eadem</span> <span class='ocrx_word' id='word_1_138' title='bbox 423 1364 585 1431; x_wconf 85' lang='lat' dir='ltr'>verba,</span> <span class='ocrx_word' id='word_1_139' title='bbox 624 1364 754 1413; x_wconf 91' lang='lat' dir='ltr'>idem</span> <span class='ocrx_word' id='word_1_140' title='bbox 787 1371 951 1413; x_wconf 89' lang='lat' dir='ltr'>tamen</span> <span class='ocrx_word' id='word_1_141' title='bbox 984 1379 1159 1412; x_wconf 89' lang='lat' dir='ltr'>sensus</span> <span class='ocrx_word' id='word_1_142' title='bbox 1192 1362 1318 1411; x_wconf 88' lang='lat' dir='ltr'>bene</span> <span class='ocrx_word' id='word_1_143' title='bbox 1351 1363 1751 1428; x_wconf 83' lang='lat' dir='ltr'>intellegentibus</span> <span class='ocrx_word' id='word_1_144' title='bbox 1783 1363 1906 1412; x_wconf 89' lang='lat' dir='ltr'>dilu-</span> 
     </span>
     <span class='ocr_line' id='line_1_18' title="bbox 221 1437 1907 1504; baseline 0 -18"><span class='ocrx_word' id='word_1_145' title='bbox 221 1447 466 1504; x_wconf 86' lang='lat' dir='ltr'>cesceret,</span> <span class='ocrx_word' id='word_1_146' title='bbox 512 1445 562 1487; x_wconf 91' lang='lat' dir='ltr'>et</span> <span class='ocrx_word' id='word_1_147' title='bbox 608 1437 789 1502; x_wconf 89' lang='lat' dir='ltr'>aliquid</span> <span class='ocrx_word' id='word_1_148' title='bbox 837 1439 1234 1502; x_wconf 89' lang='lat' dir='ltr'>praetermittere</span> <span class='ocrx_word' id='word_1_149' title='bbox 1284 1446 1330 1486; x_wconf 88' lang='lat' dir='ltr'>et</span> <span class='ocrx_word' id='word_1_150' title='bbox 1379 1437 1559 1501; x_wconf 88' lang='lat' dir='ltr'>aliquid</span> <span class='ocrx_word' id='word_1_151' title='bbox 1601 1437 1804 1503; x_wconf 91' lang='lat' dir='ltr'>addere,</span> <span class='ocrx_word' id='word_1_152' title='bbox 1851 1445 1907 1486; x_wconf 86' lang='lat' dir='ltr'>ut</span> 
     </span>
     <span class='ocr_line' id='line_1_19' title="bbox 221 1511 1907 1576; baseline -0.001 -15"><span class='ocrx_word' id='word_1_153' title='bbox 221 1515 366 1561; x_wconf 87' lang='lat' dir='ltr'>etiam</span> <span class='ocrx_word' id='word_1_154' title='bbox 398 1512 513 1560; x_wconf 93' lang='lat' dir='ltr'>hinc</span> <span class='ocrx_word' id='word_1_155' title='bbox 554 1511 902 1561; x_wconf 85' lang='lat' dir='ltr'>ostenderetur</span> <span class='ocrx_word' id='word_1_156' title='bbox 945 1527 1043 1560; x_wconf 89' lang='lat' dir='ltr'>non</span> <span class='ocrx_word' id='word_1_157' title='bbox 1075 1511 1337 1559; x_wconf 87' lang='lat' dir='ltr'>humanam</span> <span class='ocrx_word' id='word_1_158' title='bbox 1371 1511 1523 1559; x_wconf 86' lang='lat' dir='ltr'>fuisse</span> <span class='ocrx_word' id='word_1_159' title='bbox 1556 1513 1606 1560; x_wconf 93' lang='lat' dir='ltr'>in</span> <span class='ocrx_word' id='word_1_160' title='bbox 1639 1511 1722 1560; x_wconf 90' lang='lat' dir='ltr'>illo</span> <span class='ocrx_word' id='word_1_161' title='bbox 1756 1526 1907 1576; x_wconf 87' lang='lat' dir='ltr'>opere</span> 
     </span>
     <span class='ocr_line' id='line_1_20' title="bbox 222 1583 1904 1651; baseline -0.001 -17"><span class='ocrx_word' id='word_1_162' title='bbox 222 1588 537 1651; x_wconf 89' lang='lat' dir='ltr'>servitutem,</span> <span class='ocrx_word' id='word_1_163' title='bbox 589 1601 733 1650; x_wconf 88' lang='lat' dir='ltr'>quam</span> <span class='ocrx_word' id='word_1_164' title='bbox 781 1584 944 1634; x_wconf 88' lang='lat' dir='ltr'>verbis</span> <span class='ocrx_word' id='word_1_165' title='bbox 992 1583 1201 1634; x_wconf 90' lang='lat' dir='ltr'>debebat</span> <span class='ocrx_word' id='word_1_166' title='bbox 1248 1586 1517 1650; x_wconf 83' lang='lat' dir='ltr'>interpreS,</span> <span class='ocrx_word' id='word_1_167' title='bbox 1570 1585 1655 1634; x_wconf 91' lang='lat' dir='ltr'>sed</span> <span class='ocrx_word' id='word_1_168' title='bbox 1695 1584 1904 1634; x_wconf 83' lang='lat' dir='ltr'>divinam</span> 
     </span>
     <span class='ocr_line' id='line_1_21' title="bbox 131 1657 1906 1726; baseline -0.001 -18"><span class='ocrx_word' id='word_1_169' title='bbox 131 1669 186 1707; x_wconf 77' lang='lat'>20</span> <span class='ocrx_word' id='word_1_170' title='bbox 218 1661 383 1724; x_wconf 89' lang='lat' dir='ltr'>potius</span> <span class='ocrx_word' id='word_1_171' title='bbox 400 1666 709 1726; x_wconf 87' lang='lat' dir='ltr'>potestatem,</span> <span class='ocrx_word' id='word_1_172' title='bbox 735 1674 858 1723; x_wconf 89' lang='lat' dir='ltr'>quae</span> <span class='ocrx_word' id='word_1_173' title='bbox 878 1666 1094 1708; x_wconf 89' lang='lat' dir='ltr'>mentem</span> <span class='ocrx_word' id='word_1_174' title='bbox 1119 1657 1341 1723; x_wconf 90' lang='lat' dir='ltr'>replebat</span> <span class='ocrx_word' id='word_1_175' title='bbox 1366 1666 1415 1708; x_wconf 91' lang='lat' dir='ltr'>et</span> <span class='ocrx_word' id='word_1_176' title='bbox 1441 1658 1640 1723; x_wconf 90' lang='lat' dir='ltr'>regebat</span> <span class='ocrx_word' id='word_1_177' title='bbox 1664 1660 1906 1724; x_wconf 86' lang='lat' dir='ltr'>interpre-</span> 
     </span>
     <span class='ocr_line' id='line_1_22' title="bbox 218 1731 1906 1797; baseline -0.001 -15"><span class='ocrx_word' id='word_1_178' title='bbox 218 1735 297 1782; x_wconf 79' lang='lat' dir='ltr'>tis,</span> <span class='ocrx_word' id='word_1_179' title='bbox 344 1733 578 1782; x_wconf 88' lang='lat' dir='ltr'>Nonnulli</span> <span class='ocrx_word' id='word_1_180' title='bbox 602 1741 766 1782; x_wconf 88' lang='lat' dir='ltr'>autem</span> <span class='ocrx_word' id='word_1_181' title='bbox 792 1732 987 1781; x_wconf 91' lang='lat' dir='ltr'>codices</span> <span class='ocrx_word' id='word_1_182' title='bbox 1013 1731 1227 1781; x_wconf 90' lang='lat' dir='ltr'>Graecos</span> <span class='ocrx_word' id='word_1_183' title='bbox 1252 1734 1674 1797; x_wconf 87' lang='lat' dir='ltr'>interpretationis</span> <span class='ocrx_word' id='word_1_184' title='bbox 1702 1732 1906 1797; x_wconf 85' lang='lat' dir='ltr'>Septua-</span> 
     </span>
     <span class='ocr_line' id='line_1_23' title="bbox 218 1806 1905 1872; baseline -0.001 -17"><span class='ocrx_word' id='word_1_185' title='bbox 218 1809 350 1871; x_wconf 89' lang='lat' dir='ltr'>ginta</span> <span class='ocrx_word' id='word_1_186' title='bbox 375 1823 432 1855; x_wconf 89' lang='lat' dir='ltr'>ex</span> <span class='ocrx_word' id='word_1_187' title='bbox 452 1806 689 1856; x_wconf 90' lang='lat' dir='ltr'>Hebraeis</span> <span class='ocrx_word' id='word_1_188' title='bbox 707 1806 960 1855; x_wconf 84' lang='lat' dir='ltr'>codicibus</span> <span class='ocrx_word' id='word_1_189' title='bbox 987 1806 1318 1857; x_wconf 89' lang='lat' dir='ltr'>emendandos</span> <span class='ocrx_word' id='word_1_190' title='bbox 1341 1813 1601 1872; x_wconf 83' lang='lat' dir='ltr'>putarunt3</span> <span class='ocrx_word' id='word_1_191' title='bbox 1626 1821 1718 1856; x_wconf 90' lang='lat' dir='ltr'>nec</span> <span class='ocrx_word' id='word_1_192' title='bbox 1742 1813 1905 1856; x_wconf 88' lang='lat' dir='ltr'>tamen</span> 
     </span>
     <span class='ocr_line' id='line_1_24' title="bbox 219 1879 1905 1945; baseline 0 -16"><span class='ocrx_word' id='word_1_193' title='bbox 219 1883 325 1930; x_wconf 84' lang='lat' dir='ltr'>ausi</span> <span class='ocrx_word' id='word_1_194' title='bbox 357 1887 472 1929; x_wconf 89' lang='lat' dir='ltr'>sunt</span> <span class='ocrx_word' id='word_1_195' title='bbox 505 1880 781 1945; x_wconf 84' lang='lat' dir='ltr'>detrahere,</span> <span class='ocrx_word' id='word_1_196' title='bbox 816 1880 946 1944; x_wconf 90' lang='lat' dir='ltr'>quod</span> <span class='ocrx_word' id='word_1_197' title='bbox 972 1879 1184 1928; x_wconf 90' lang='lat' dir='ltr'>Hebraei</span> <span class='ocrx_word' id='word_1_198' title='bbox 1216 1895 1315 1928; x_wconf 89' lang='lat' dir='ltr'>non</span> <span class='ocrx_word' id='word_1_199' title='bbox 1347 1879 1593 1929; x_wconf 89' lang='lat' dir='ltr'>habebant</span> <span class='ocrx_word' id='word_1_200' title='bbox 1626 1887 1674 1929; x_wconf 86' lang='lat' dir='ltr'>et</span> <span class='ocrx_word' id='word_1_201' title='bbox 1700 1879 1905 1945; x_wconf 90' lang='lat' dir='ltr'>Septua-</span> 
     </span>
     <span class='ocr_line' id='line_1_25' title="bbox 217 1953 1905 2020; baseline 0 -18"><span class='ocrx_word' id='word_1_202' title='bbox 217 1957 350 2019; x_wconf 87' lang='lat' dir='ltr'>ginta</span> <span class='ocrx_word' id='word_1_203' title='bbox 382 1962 683 2019; x_wconf 84' lang='lat' dir='ltr'>posuerunt3</span> <span class='ocrx_word' id='word_1_204' title='bbox 717 1954 801 2003; x_wconf 91' lang='lat' dir='ltr'>sed</span> <span class='ocrx_word' id='word_1_205' title='bbox 835 1961 1024 2003; x_wconf 89' lang='lat' dir='ltr'>tantum</span> <span class='ocrx_word' id='word_1_206' title='bbox 1051 1954 1196 2002; x_wconf 91' lang='lat' dir='ltr'>modo</span> <span class='ocrx_word' id='word_1_207' title='bbox 1229 1953 1539 2020; x_wconf 86' lang='lat' dir='ltr'>addiderunt,</span> <span class='ocrx_word' id='word_1_208' title='bbox 1571 1969 1695 2018; x_wconf 90' lang='lat' dir='ltr'>quae</span> <span class='ocrx_word' id='word_1_209' title='bbox 1728 1956 1779 2003; x_wconf 90' lang='lat' dir='ltr'>in</span> <span class='ocrx_word' id='word_1_210' title='bbox 1811 1953 1905 2002; x_wconf 90' lang='lat' dir='ltr'>He-</span> 
     </span>
     <span class='ocr_line' id='line_1_26' title="bbox 131 2027 1906 2094; baseline 0 -18"><span class='ocrx_word' id='word_1_211' title='bbox 131 2037 186 2088; x_wconf 80' lang='lat'>25</span> <span class='ocrx_word' id='word_1_212' title='bbox 218 2027 381 2076; x_wconf 89' lang='lat' dir='ltr'>braeis</span> <span class='ocrx_word' id='word_1_213' title='bbox 426 2029 623 2076; x_wconf 89' lang='lat' dir='ltr'>inventa</span> <span class='ocrx_word' id='word_1_214' title='bbox 671 2027 798 2092; x_wconf 89' lang='lat' dir='ltr'>apud</span> <span class='ocrx_word' id='word_1_215' title='bbox 843 2027 1161 2092; x_wconf 88' lang='lat' dir='ltr'>Septuaginta</span> <span class='ocrx_word' id='word_1_216' title='bbox 1210 2042 1307 2075; x_wconf 90' lang='lat' dir='ltr'>non</span> <span class='ocrx_word' id='word_1_217' title='bbox 1348 2035 1509 2094; x_wconf 89' lang='lat' dir='ltr'>erant,</span> <span class='ocrx_word' id='word_1_218' title='bbox 1558 2043 1712 2091; x_wconf 91' lang='lat' dir='ltr'>eaque</span> <span class='ocrx_word' id='word_1_219' title='bbox 1754 2029 1906 2092; x_wconf 89' lang='lat' dir='ltr'>signis</span> 
     </span>
     <span class='ocr_line' id='line_1_27' title="bbox 221 2100 1904 2164; baseline 0 -15"><span class='ocrx_word' id='word_1_220' title='bbox 221 2100 512 2164; x_wconf 89' lang='lat' dir='ltr'>quibusdam</span> <span class='ocrx_word' id='word_1_221' title='bbox 552 2103 601 2148; x_wconf 92' lang='lat' dir='ltr'>in</span> <span class='ocrx_word' id='word_1_222' title='bbox 636 2101 889 2149; x_wconf 89' lang='lat' dir='ltr'>stellarum</span> <span class='ocrx_word' id='word_1_223' title='bbox 921 2101 1121 2149; x_wconf 92' lang='lat' dir='ltr'>modum</span> <span class='ocrx_word' id='word_1_224' title='bbox 1154 2101 1295 2149; x_wconf 88' lang='lat' dir='ltr'>factis</span> <span class='ocrx_word' id='word_1_225' title='bbox 1335 2100 1392 2148; x_wconf 89' lang='lat' dir='ltr'>ad</span> <span class='ocrx_word' id='word_1_226' title='bbox 1435 2102 1593 2164; x_wconf 89' lang='lat' dir='ltr'>capita</span> <span class='ocrx_word' id='word_1_227' title='bbox 1634 2100 1904 2150; x_wconf 89' lang='lat' dir='ltr'>eorundem</span> 
     </span>
     <span class='ocr_line' id='line_1_28' title="bbox 219 2173 1906 2240; baseline 0.001 -19"><span class='ocrx_word' id='word_1_228' title='bbox 219 2189 451 2223; x_wconf 87' lang='lat' dir='ltr'>versuum</span> <span class='ocrx_word' id='word_1_229' title='bbox 478 2180 787 2238; x_wconf 86' lang='lat' dir='ltr'>notaverunt,</span> <span class='ocrx_word' id='word_1_230' title='bbox 821 2189 943 2237; x_wconf 91' lang='lat' dir='ltr'>quae</span> <span class='ocrx_word' id='word_1_231' title='bbox 971 2176 1107 2237; x_wconf 87' lang='lat' dir='ltr'>signa</span> <span class='ocrx_word' id='word_1_232' title='bbox 1133 2175 1396 2222; x_wconf 90' lang='lat' dir='ltr'>asteriscos</span> <span class='ocrx_word' id='word_1_233' title='bbox 1421 2182 1608 2223; x_wconf 90' lang='lat' dir='ltr'>vocant.</span> <span class='ocrx_word' id='word_1_234' title='bbox 1656 2173 1739 2222; x_wconf 88' lang='lat' dir='ltr'>Illa</span> <span class='ocrx_word' id='word_1_235' title='bbox 1773 2189 1906 2240; x_wconf 82' lang='lat' dir='ltr'>vero,</span> 
     </span>
     <span class='ocr_line' id='line_1_29' title="bbox 220 2246 1906 2314; baseline 0.001 -19"><span class='ocrx_word' id='word_1_236' title='bbox 220 2262 343 2311; x_wconf 89' lang='lat' dir='ltr'>quae</span> <span class='ocrx_word' id='word_1_237' title='bbox 378 2262 475 2295; x_wconf 92' lang='lat' dir='ltr'>non</span> <span class='ocrx_word' id='word_1_238' title='bbox 510 2246 692 2295; x_wconf 89' lang='lat' dir='ltr'>habent</span> <span class='ocrx_word' id='word_1_239' title='bbox 723 2246 951 2311; x_wconf 89' lang='lat' dir='ltr'>Hebraei,</span> <span class='ocrx_word' id='word_1_240' title='bbox 994 2246 1176 2295; x_wconf 89' lang='lat' dir='ltr'>habent</span> <span class='ocrx_word' id='word_1_241' title='bbox 1207 2254 1370 2296; x_wconf 91' lang='lat' dir='ltr'>autem</span> <span class='ocrx_word' id='word_1_242' title='bbox 1406 2246 1740 2314; x_wconf 86' lang='lat' dir='ltr'>Septuaginta,</span> <span class='ocrx_word' id='word_1_243' title='bbox 1771 2246 1906 2296; x_wconf 89' lang='lat' dir='ltr'>simi-</span> 
     </span>
     <span class='ocr_line' id='line_1_30' title="bbox 219 2319 1907 2388; baseline 0.001 -19"><span class='ocrx_word' id='word_1_244' title='bbox 219 2321 331 2369; x_wconf 91' lang='lat' dir='ltr'>liter</span> <span class='ocrx_word' id='word_1_245' title='bbox 357 2320 414 2369; x_wconf 92' lang='lat' dir='ltr'>ad</span> <span class='ocrx_word' id='word_1_246' title='bbox 451 2322 607 2384; x_wconf 86' lang='lat' dir='ltr'>capita</span> <span class='ocrx_word' id='word_1_247' title='bbox 643 2335 875 2369; x_wconf 88' lang='lat' dir='ltr'>versuum</span> <span class='ocrx_word' id='word_1_248' title='bbox 900 2319 1174 2369; x_wconf 87' lang='lat' dir='ltr'>iacentibus</span> <span class='ocrx_word' id='word_1_249' title='bbox 1206 2320 1423 2386; x_wconf 80' lang='lat' dir='ltr'>virguliS,</span> <span class='ocrx_word' id='word_1_250' title='bbox 1457 2322 1585 2369; x_wconf 90' lang='lat' dir='ltr'>sicut</span> <span class='ocrx_word' id='word_1_251' title='bbox 1617 2320 1907 2388; x_wconf 81' lang='lat' dir='ltr'>scribuntur</span> 
     </span>
     <span class='ocr_line' id='line_1_31' title="bbox 132 2392 1905 2460; baseline 0 -17"><span class='ocrx_word' id='word_1_252' title='bbox 132 2404 187 2443; x_wconf 86' lang='lat'>30</span> <span class='ocrx_word' id='word_1_253' title='bbox 220 2396 410 2460; x_wconf 87' lang='lat' dir='ltr'>unciae,</span> <span class='ocrx_word' id='word_1_254' title='bbox 451 2395 781 2458; x_wconf 88' lang='lat' dir='ltr'>signaverunt.</span> <span class='ocrx_word' id='word_1_255' title='bbox 857 2393 921 2442; x_wconf 87' lang='lat' dir='ltr'>Et</span> <span class='ocrx_word' id='word_1_256' title='bbox 951 2393 1093 2442; x_wconf 91' lang='lat' dir='ltr'>multi</span> <span class='ocrx_word' id='word_1_257' title='bbox 1126 2392 1321 2442; x_wconf 90' lang='lat' dir='ltr'>codices</span> <span class='ocrx_word' id='word_1_258' title='bbox 1360 2393 1447 2442; x_wconf 87' lang='lat' dir='ltr'>has</span> <span class='ocrx_word' id='word_1_259' title='bbox 1487 2401 1627 2443; x_wconf 87' lang='lat' dir='ltr'>notas</span> <span class='ocrx_word' id='word_1_260' title='bbox 1666 2394 1905 2443; x_wconf 88' lang='lat' dir='ltr'>habentes</span> 
     </span>
     <span class='ocr_line' id='line_1_32' title="bbox 220 2466 1902 2533; baseline 0.001 -17"><span class='ocrx_word' id='word_1_261' title='bbox 220 2482 576 2532; x_wconf 89' lang='lat' dir='ltr'>usquequaque</span> <span class='ocrx_word' id='word_1_262' title='bbox 610 2467 775 2516; x_wconf 79' lang='lat' dir='ltr'>diffusi</span> <span class='ocrx_word' id='word_1_263' title='bbox 807 2474 923 2516; x_wconf 90' lang='lat' dir='ltr'>sunt</span> <span class='ocrx_word' id='word_1_264' title='bbox 955 2474 1004 2516; x_wconf 91' lang='lat' dir='ltr'>et</span> <span class='ocrx_word' id='word_1_265' title='bbox 1034 2466 1207 2516; x_wconf 90' lang='lat' dir='ltr'>Latini.</span> <span class='ocrx_word' id='word_1_266' title='bbox 1271 2467 1405 2524; x_wconf 86' lang='lat' dir='ltr'>Quae</span> <span class='ocrx_word' id='word_1_267' title='bbox 1439 2474 1602 2516; x_wconf 90' lang='lat' dir='ltr'>autem</span> <span class='ocrx_word' id='word_1_268' title='bbox 1634 2483 1732 2516; x_wconf 91' lang='lat' dir='ltr'>non</span> <span class='ocrx_word' id='word_1_269' title='bbox 1764 2483 1902 2533; x_wconf 90' lang='lat' dir='ltr'>prae·</span> 
     </span>
     <span class='ocr_line' id='line_1_33' title="bbox 219 2540 1904 2606; baseline 0 -16"><span class='ocrx_word' id='word_1_270' title='bbox 219 2544 445 2590; x_wconf 89' lang='lat' dir='ltr'>termissa</span> <span class='ocrx_word' id='word_1_271' title='bbox 485 2541 559 2589; x_wconf 91' lang='lat' dir='ltr'>vel</span> <span class='ocrx_word' id='word_1_272' title='bbox 600 2540 776 2606; x_wconf 87' lang='lat' dir='ltr'>addita,</span> <span class='ocrx_word' id='word_1_273' title='bbox 816 2540 901 2589; x_wconf 87' lang='lat' dir='ltr'>sed</span> <span class='ocrx_word' id='word_1_274' title='bbox 943 2540 1084 2589; x_wconf 89' lang='lat' dir='ltr'>aliter</span> <span class='ocrx_word' id='word_1_275' title='bbox 1124 2541 1251 2589; x_wconf 91' lang='lat' dir='ltr'>dicta</span> <span class='ocrx_word' id='word_1_276' title='bbox 1292 2548 1422 2606; x_wconf 87' lang='lat' dir='ltr'>sunt,</span> <span class='ocrx_word' id='word_1_277' title='bbox 1462 2543 1563 2590; x_wconf 89' lang='lat' dir='ltr'>sive</span> <span class='ocrx_word' id='word_1_278' title='bbox 1604 2541 1752 2590; x_wconf 91' lang='lat' dir='ltr'>alium</span> <span class='ocrx_word' id='word_1_279' title='bbox 1792 2557 1904 2590; x_wconf 90' lang='lat' dir='ltr'>sen-</span> 
     </span>
     <span class='ocr_line' id='line_1_34' title="bbox 220 2613 1903 2680; baseline 0.001 -18"><span class='ocrx_word' id='word_1_280' title='bbox 220 2630 327 2664; x_wconf 84' lang='lat' dir='ltr'>sum</span> <span class='ocrx_word' id='word_1_281' title='bbox 362 2615 542 2663; x_wconf 88' lang='lat' dir='ltr'>faciant</span> <span class='ocrx_word' id='word_1_282' title='bbox 574 2617 718 2663; x_wconf 89' lang='lat' dir='ltr'>etiam</span> <span class='ocrx_word' id='word_1_283' title='bbox 751 2616 912 2678; x_wconf 89' lang='lat' dir='ltr'>ipsum</span> <span class='ocrx_word' id='word_1_284' title='bbox 945 2629 1044 2663; x_wconf 92' lang='lat' dir='ltr'>non</span> <span class='ocrx_word' id='word_1_285' title='bbox 1084 2613 1446 2680; x_wconf 88' lang='lat' dir='ltr'>abhorrentem,</span> <span class='ocrx_word' id='word_1_286' title='bbox 1485 2617 1586 2663; x_wconf 92' lang='lat' dir='ltr'>sive</span> <span class='ocrx_word' id='word_1_287' title='bbox 1626 2615 1719 2663; x_wconf 89' lang='lat' dir='ltr'>alio</span> <span class='ocrx_word' id='word_1_288' title='bbox 1758 2615 1903 2664; x_wconf 89' lang='lat' dir='ltr'>modo</span> 
     </span>
     <span class='ocr_line' id='line_1_35' title="bbox 221 2687 1903 2753; baseline 0 -17"><span class='ocrx_word' id='word_1_289' title='bbox 221 2688 431 2737; x_wconf 86' lang='lat' dir='ltr'>eundem</span> <span class='ocrx_word' id='word_1_290' title='bbox 467 2703 668 2737; x_wconf 88' lang='lat' dir='ltr'>sensum</span> <span class='ocrx_word' id='word_1_291' title='bbox 701 2687 946 2752; x_wconf 85' lang='lat' dir='ltr'>explicare</span> <span class='ocrx_word' id='word_1_292' title='bbox 978 2693 1335 2753; x_wconf 88' lang='lat' dir='ltr'>monstrentur,</span> <span class='ocrx_word' id='word_1_293' title='bbox 1374 2690 1469 2736; x_wconf 89' lang='lat' dir='ltr'>nisi</span> <span class='ocrx_word' id='word_1_294' title='bbox 1507 2689 1733 2752; x_wconf 87' lang='lat' dir='ltr'>utrisque</span> <span class='ocrx_word' id='word_1_295' title='bbox 1773 2688 1903 2738; x_wconf 88' lang='lat' dir='ltr'>codi-</span> 
     </span>
     <span class='ocr_line' id='line_1_36' title="bbox 129 2761 1903 2829; baseline 0.001 -19"><span class='ocrx_word' id='word_1_296' title='bbox 129 2772 184 2810; x_wconf 82' lang='lat'>35</span> <span class='ocrx_word' id='word_1_297' title='bbox 222 2761 362 2810; x_wconf 90' lang='lat' dir='ltr'>cibus</span> <span class='ocrx_word' id='word_1_298' title='bbox 410 2763 646 2826; x_wconf 89' lang='lat' dir='ltr'>inspectis</span> <span class='ocrx_word' id='word_1_299' title='bbox 695 2766 950 2825; x_wconf 90' lang='lat' dir='ltr'>nequeunt</span> <span class='ocrx_word' id='word_1_300' title='bbox 994 2762 1219 2825; x_wconf 86' lang='lat' dir='ltr'>reperiri.</span> <span class='ocrx_word' id='word_1_301' title='bbox 1299 2761 1349 2809; x_wconf 92' lang='lat' dir='ltr'>Si</span> <span class='ocrx_word' id='word_1_302' title='bbox 1401 2776 1544 2829; x_wconf 89' lang='lat' dir='ltr'>erg0,</span> <span class='ocrx_word' id='word_1_303' title='bbox 1591 2769 1646 2811; x_wconf 87' lang='lat' dir='ltr'>ut</span> <span class='ocrx_word' id='word_1_304' title='bbox 1693 2768 1903 2827; x_wconf 89' lang='lat' dir='ltr'>oportet,</span> 
     </span>
    </p>
   </div>
   <div class='ocr_carea' id='block_1_3' title="bbox 335 2872 1134 2930">
    <p class='ocr_par' dir='ltr' id='par_1_3' title="bbox 335 2872 1134 2930">
     <span class='ocr_line' id='line_1_37' title="bbox 335 2872 1134 2930; baseline 0 -14"><span class='ocrx_word' id='word_1_305' title='bbox 335 2879 391 2917; x_wconf 84' lang='lat'>34</span> <span class='ocrx_word' id='word_1_306' title='bbox 420 2873 661 2929; x_wconf 76' lang='lat' dir='ltr'>utriusque</span> <span class='ocrx_word' id='word_1_307' title='bbox 693 2872 784 2917; x_wconf 78' lang='grc' dir='ltr'>ΕΑ</span> <span class='ocrx_word' id='word_1_308' title='bbox 809 2876 824 2930; x_wconf 74' lang='grc' dir='ltr'>ΙΙ</span> <span class='ocrx_word' id='word_1_309' title='bbox 847 2878 902 2918; x_wconf 87' lang='lat'>35</span> <span class='ocrx_word' id='word_1_310' title='bbox 934 2872 1078 2930; x_wconf 66' lang='lat' dir='ltr'>igitur</span> <span class='ocrx_word' id='word_1_311' title='bbox 1108 2886 1134 2916; x_wconf 81' lang='lat' dir='ltr'><em>v</em></span> 
     </span>
    </p>
   </div>
  </div>
 </body>
</html>
