2044 3146
199 140 310 202 220
881 162 915 195 s,
939 161 1212 197 Aucusrm

872 330 1068 386 CAPUT
1099 330 1220 384 VH.

201 428 279 486 De
326 439 640 500 disruptione
685 441 837 501 reqni
874 439 1172 505 Israelitioi‚
1211 453 1312 500 qua
1346 441 1741 502 praesiqur'atur
1773 453 1892 502 per·

285 517 443 574 petua
483 513 660 562 divisio
701 513 913 562 Israelis
950 515 1196 576 spiritalis
1237 514 1301 562 ab
1342 514 1536 563 Israele
1575 516 1791 563 carnali.

354 613 548 664 Rursus
592 617 815 680 peccavit
854 616 970 666 Saul
1015 631 1105 681 per
1144 615 1586 683 inoboedientiam,
1636 623 1685 666 et
1722 630 1902 665 rursus

155 698 180 737 5
216 687 413 738 Samuel
459 690 510 737 in
556 688 707 738 verbo
747 688 943 739 Domini
989 692 1056 740 ait
1101 690 1193 739 illi:
1248 692 1378 750 Quia
1423 692 1660 753 sprevisti
1694 690 1902 739 verbum

211 763 428 823 Domini,
466 766 657 825 sprevit
687 770 734 813 te
765 765 1021 826 Dominus,
1062 771 1119 814 ut
1155 779 1255 814 non
1293 767 1361 814 sis
1399 780 1498 814 rex
1535 778 1690 827 super
1723 764 1902 813 Israel.

212 835 276 886 Et
314 851 492 885 rursus
537 852 630 902 pro
677 837 850 887 eodem
898 844 1125 904 peccate,
1175 853 1288 887 cum
1335 838 1383 887 id
1425 838 1746 887 confiteretur
1787 835 1905 886 Saul

213 917 263 959 et
300 911 493 971 veniam
532 917 825 975 precaretur
863 918 1160 976 rogaretque
1203 910 1495 978 Samuelem,
1534 918 1590 961 ut
1628 916 1902 960 revertere-

211 991 294 1034 tur
334 998 448 1033 cum
485 983 570 1032 illo
609 984 668 1034 ad
714 984 1005 1050 placandum
1045 984 1224 1036 Deum:
1271 988 1382 1036 Non
1422 991 1680 1047 revertar,
1726 986 1906 1049 inquit,

124 1067 178 1107 10
212 1064 375 1108 tecum
384 1076 404 1118 ,·
469 1061 589 1120 quia
649 1062 887 1122 sprevisti
946 1061 1152 1110 verbum
1207 1060 1435 1120 Domini,
1499 1066 1549 1110 et
1598 1065 1803 1123 spernet
1856 1064 1911 1107 te

205 1133 463 1193 Dominus,
503 1148 567 1182 ne
608 1135 677 1182 sis
717 1148 815 1182 rex
851 1148 1006 1196 super
1046 1136 1225 1184 Israel.
1302 1135 1371 1183 Et
1408 1137 1659 1184 convertit
1694 1133 1904 1182 Samuel

201 1206 392 1269 faciem
429 1221 596 1273 suam,
635 1213 693 1256 ut
731 1208 926 1265 abiret;
973 1215 1022 1257 et
1059 1210 1223 1257 tenuit
1258 1208 1388 1258 Saul
1417 1210 1684 1270 pinnulam
1723 1208 1901 1269 diploi-

206 1283 286 1337 dis
339 1283 448 1331 eius
504 1287 553 1330 et
605 1282 825 1343 disrupit
877 1296 1001 1331 eam.
1078 1282 1147 1331 Et
1200 1283 1335 1331 dixit
1387 1284 1459 1331 ad
1511 1296 1623 1331 eum
1673 1281 1907 1330 Samuel:

207 1355 443 1416 Disrupit
472 1355 716 1404 Dominus
755 1369 967 1416 reqnum
1007 1357 1071 1405 ab
1121 1356 1290 1405 Israel
1327 1358 1389 1406 de
1427 1370 1580 1405 manu
1621 1360 1709 1404 tua
1749 1355 1901 1404 hodie

121 1437 175 1477 15
210 1434 259 1480 et
296 1430 440 1478 dabit
478 1431 716 1490 proximo
768 1434 853 1478 tuo
894 1430 1020 1479 bono
1058 1445 1213 1492 super
1253 1435 1313 1489 te,
1354 1435 1405 1479 et
1442 1431 1697 1479 dividetur
1737 1429 1909 1478 Israel

210 1506 261 1552 in
303 1504 402 1552 duo
412 1520 432 1560 ;
478 1509 528 1551 et
565 1516 664 1551 non
705 1508 1028 1552 convertetur
1075 1518 1237 1564 neque
1285 1505 1567 1566 paenitebit
1606 1516 1716 1552 eum
1726 1519 1744 1561 ;
1782 1516 1904 1563 quo-

209 1579 347 1626 niam
386 1590 487 1626 non
527 1582 601 1625 est
637 1579 771 1625 sicut
807 1578 973 1638 homO,
1021 1584 1078 1626 ut
1105 1580 1372 1641 paeniteat
1412 1591 1523 1626 eum
1533 1594 1553 1636 ;
1600 1579 1705 1639 ipse
1744 1578 1903 1625 mina·

210 1658 309 1711 tur,
351 1656 400 1699 et
429 1664 529 1699 non
556 1655 835 1712 permanet.
898 1650 1013 1717 Iste,
1053 1652 1134 1700 cui
1166 1650 1369 1700 dicitur:
1409 1651 1628 1713 Spernet
1658 1656 1704 1699 te
1736 1651 1906 1699 Domi-

210 1739 325 1784 nus,
390 1738 454 1772 ne
507 1726 576 1772 sis
638 1739 734 1773 rex
796 1738 951 1787 super
1006 1725 1194 1791 Israel,
1249 1731 1319 1774 et:
1375 1725 1611 1787 Disrupit
1663 1724 1910 1774 Dominus

123 1806 179 1847 20
213 1812 425 1858 reynum
459 1799 521 1846 ab
557 1798 725 1847 Israel
754 1800 816 1847 de
854 1812 1007 1848 manu
1041 1804 1130 1848 tua
1167 1800 1331 1860 hodie,
1372 1798 1693 1863 quadraginta
1731 1812 1903 1862 regna·

213 1872 283 1920 vit
337 1886 492 1919 annos
556 1886 706 1936 super
761 1870 941 1938 Israel,
1006 1879 1141 1921 tanto
1197 1872 1386 1922 scilicet
1441 1873 1597 1937 spatio
1651 1872 1910 1936 temporiS,

215 1951 398 2008 quanto
433 1950 483 1993 et
513 1946 620 2009 ipse
652 1943 826 2012 David,
866 1951 917 1994 et
949 1945 1133 1995 audivit
1171 1945 1265 1995 hoc
1296 1947 1457 2011 primo
1497 1952 1721 2010 tempore
1762 1946 1907 2009 regni

212 2020 311 2084 sui3
358 2024 415 2067 ut
461 2017 804 2082 intellegamus
851 2018 963 2067 ideo
1004 2019 1212 2085 dictum,
1269 2021 1382 2084 quia
1429 2018 1594 2068 nullus
1642 2018 1702 2066 de
1749 2019 1904 2083 stirpe

211 2093 319 2140 eius
366 2092 528 2140 fuerat
576 2098 896 2158 regnantium,
943 2099 992 2141 et
1031 2094 1355 2157 respiciamus
1395 2092 1454 2141 ad
1496 2093 1699 2156 stirpem
1739 2091 1909 2157 David,

127 2173 184 2214 25
216 2164 350 2213 unde
383 2171 585 2214 exortus
618 2171 695 2213 est
726 2165 1000 2214 secundum
1033 2180 1231 2214 carnem
1263 2165 1504 2214 mediator
1535 2164 1624 2214 Dei
1663 2171 1713 2214 et
1750 2164 1907 2213 homi·

207 2252 342 2305 num,
380 2237 527 2286 homo
568 2236 794 2287 Christus
833 2237 986 2288 Iesus,

361 2310 471 2360 Non
504 2318 668 2360 autem
700 2310 849 2360 habet
880 2313 1140 2379 scriptura,
1181 2312 1312 2376 quod
1343 2314 1394 2361 in
1434 2312 1685 2377 plerisque
1717 2311 1908 2361 Latinis

213 2384 468 2434 codicibus
523 2384 726 2450 legitur:
781 2385 1016 2448 Disrupit
1068 2387 1311 2436 Dominus
1366 2401 1581 2449 reynum
1628 2388 1796 2436 Israel
1842 2388 1907 2435 de

211 2474 368 2508 manu
415 2465 503 2508 tua
514 2476 532 2517 ;
587 2458 673 2507 sed
728 2460 856 2508 sicut
904 2474 930 2507 a
977 2458 1120 2508 nobis
1166 2461 1382 2524 positum
1430 2467 1506 2509 est
1551 2462 1805 2508 inventum
1852 2460 1904 2507 in

123 2542 181 2582 30
216 2531 438 2582 Graecis:
486 2533 720 2596 Disrupit
764 2533 1007 2582 Dominus
1054 2548 1267 2595 reqnum
1322 2535 1385 2582 ab
1434 2535 1602 2583 Israel
1645 2535 1708 2582 de
1751 2547 1906 2582 manu

329 2661 400 2715 18)
435 2665 473 2702 1.
509 2659 630 2705 Sam.
667 2663 736 2715 15,
769 2665 823 2703 23
858 2674 954 2715 sqq.

332 2841 386 2879 10
406 2837 593 2893 spernet
619 2835 762 2891 AFv3
797 2835 975 2892 spernit
991 2849 1069 2893 e9;
1093 2836 1269 2892 spreuit
1285 2835 1389 2891 Rbf
1412 2837 1504 2892 (sed
1521 2836 1577 2891 cf.
1598 2837 1675 2891 18)
1699 2836 1715 2892 ΙΙ
1741 2840 1793 2879 17
1810 2849 1906 2880 ver-

212 2895 272 2939 ba
303 2894 403 2951 ipse
438 2920 492 2927 —
525 2896 768 2952 permanet:
798 2908 892 2940 non
924 2896 1018 2939 iam
1051 2899 1158 2940 sunt
1189 2897 1239 2940 in
1270 2895 1422 2939 LXX
1444 2897 1459 2952 fl
1485 2900 1538 2939 18
1571 2897 1618 2939 ‘te
1650 2907 1731 2939 om.
1765 2909 1790 2938 v
