2004 3140
485 164 551 196 DE
577 162 815 196 CIVITATE
840 163 928 195 DEI
952 163 994 195 L.
1017 163 1163 195 xvm.
1188 163 1224 196 c.
1250 164 1303 196 26.
1327 165 1380 196 27.
1673 151 1778 204 291

98 278 245 345 pulus
292 276 463 342 Israe13
513 277 597 341 qui
645 290 756 324 cum
805 275 946 324 multi
993 275 1199 342 fuerint,
1245 290 1517 340 paucorum
1566 283 1616 325 et
1655 277 1783 341 apud

99 353 304 402 Iudaeos
336 357 386 400 et
415 350 543 416 apud
577 365 667 398 nos
699 351 933 398 canonica
974 351 1156 414 scripta
1197 351 1490 399 retinentur.
1568 349 1636 399 De
1678 353 1783 414 qui-

99 426 192 476 hus
231 441 307 474 me
348 424 506 489 aliqua
545 425 827 489 positurum
867 438 975 472 esse
1015 425 1220 488 promisi
1260 425 1309 472 in
1350 423 1443 472 hoc
1482 423 1631 491 libro,
1671 439 1782 473 cum

100 499 377 549 clauderem
417 500 740 564 superiorem,
781 497 909 562 quod
951 499 1044 546 iam
1084 497 1225 546 video
1267 513 1375 546 esse
1418 498 1709 547 faciendum.

705 684 902 739 CAPUT
935 685 1157 739 XXVII.
1817 702 1842 741 5

98 797 173 846 De
223 796 529 858 temporibus
570 795 960 856 prophetarum,
1008 809 1221 855 quorum
1270 797 1484 843 oracula
1532 795 1785 843 habentur

96 873 147 919 in
195 871 339 919 libris
386 871 570 930 quique
617 873 737 917 tunc
785 870 846 917 de
897 871 1158 917 vocatione
1194 870 1418 929 §entium
1457 871 1613 917 mulla
1653 870 1782 918 ceci-

96 950 307 1004 nerunt,
356 945 557 1004 quando
597 942 942 991 Romanorum
982 956 1193 1004 reynum
1234 945 1398 1004 coepit
1436 942 1781 1006 Assyriorum-

770 1031 866 1077 que
906 1015 1103 1078 defecit.

244 1120 485 1185 Tempora
518 1121 668 1184 igitur
707 1135 879 1168 eorum
920 1128 975 1169 ut
1013 1121 1260 1185 possimus
1301 1120 1571 1185 advertere,
1611 1121 1658 1167 in
1701 1134 1782 1167 an-
1818 1131 1872 1170 10

99 1196 278 1244 teriora
326 1194 580 1259 paululum
628 1208 959 1242 recurramus.
1036 1194 1089 1242 In
1141 1195 1298 1258 capite
1351 1192 1464 1242 libri
1504 1191 1630 1241 Osee
1671 1208 1781 1257 pro-

94 1268 288 1336 phetae,
327 1270 411 1333 qui
443 1269 631 1333 primus
667 1269 717 1315 in
751 1267 1009 1316 duodecim
1043 1269 1260 1334 ponitur,
1300 1269 1366 1316 ita
1408 1269 1645 1332 scriptum
1689 1274 1784 1316 est:

107 1343 319 1392 Verbum
374 1343 603 1402 Domini,
659 1344 797 1402 quod
841 1341 1038 1403 factum
1094 1348 1168 1391 est
1213 1344 1285 1390 ad
1336 1342 1459 1391 Osee
1506 1344 1556 1390 in
1607 1343 1781 1390 diebus

103 1417 261 1466 Oziae
317 1421 366 1466 et
414 1417 645 1465 Ioatham
702 1422 750 1464 et
789 1416 969 1465 Achaz
1016 1422 1064 1465 et
1110 1417 1369 1465 Ezechiae
1417 1430 1593 1478 requm
1635 1416 1780 1464 Iuda.

93 1490 241 1538 Amos
290 1505 485 1555 quoque
535 1488 709 1538 diebus
758 1491 889 1554 regis
930 1489 1074 1539 Oziae
1122 1489 1444 1555 prophetasse
1494 1505 1546 1538 se
1588 1489 1870 1555 scribit315

74 1564 226 1625 >addit
258 1566 404 1613 etiam
437 1562 732 1612 Hieroboam
772 1579 938 1628 regem
979 1563 1144 1631 Israel,
1185 1565 1270 1629 qui
1308 1579 1398 1629 per
1439 1563 1635 1612 eosdem
1678 1563 1782 1612 dies

94 1639 199 1687 fuit..
248 1637 348 1686 Nec
387 1653 482 1686 non
509 1637 691 1703 EsaiaS‚
726 1637 854 1686 filius
879 1637 1043 1705 AmOS‚
1076 1640 1175 1687 sive
1210 1638 1480 1703 supradicti
1511 1638 1780 1702 prophetae

94 1713 217 1778 sive,
269 1711 398 1776 quod
450 1713 603 1776 magis
650 1710 964 1778 perhibetur,
1011 1712 1214 1760 alterius
1262 1714 1345 1776 qui
1394 1727 1491 1760 non
1542 1711 1781 1776 propheta

95 1785 266 1834 eodem
319 1786 515 1834 nomine
569 1784 853 1845 vocabatur,
909 1785 1108 1834 eosdem
1159 1801 1303 1850 reges
1353 1791 1608 1851 quattuor,
1657 1800 1780 1849 quos

92 1861 259 1924 posuit
300 1858 448 1924 Osee,
500 1861 548 1907 in
591 1860 748 1924 capite
788 1857 903 1907 libri
943 1861 1018 1907 sui
1057 1861 1217 1926 ponit,
1258 1874 1470 1924 quorum
1511 1857 1685 1907 diebus
1726 1874 1778 1907 se
1812 1869 1868 1908 20

93 1932 414 1997 prophetasse
477 1932 831 1997 praeloquitur.
916 1932 1159 1982 Michaeas
1222 1935 1367 1982 etiam
1432 1932 1599 1981 eadem
1665 1948 1780 1982 suae

93 2006 381 2071 prophetiae
430 2012 782 2055 commemorat
830 2013 1050 2071 tempora
1101 2014 1214 2072 post
1266 2007 1370 2056 dies
1423 2006 1582 2056 Oziae.
1659 2006 1780 2055 Nam

94 2087 196 2129 tres
237 2082 318 2144 qui
361 2086 639 2145 sequuntur
678 2095 820 2145 reges
861 2082 1102 2148 nominat,
1143 2097 1266 2145 quos
1307 2088 1356 2130 et
1396 2080 1521 2130 Osee
1563 2082 1780 2129 nomina-

92 2155 175 2218 vit,
215 2153 432 2202 Ioatham
466 2162 514 2203 et
546 2154 703 2203 Achaz
737 2162 785 2203 et
817 2153 1091 2204 Ezechiam.
1168 2155 1229 2203 Hi
1271 2162 1400 2222 sunt,
1441 2170 1565 2219 quos
1607 2154 1781 2203 eodem

94 2234 316 2292 tempore
371 2227 515 2277 simul
570 2228 893 2293 prophetasse
946 2244 1004 2277 ex
1063 2244 1235 2278 eorum
1287 2229 1465 2278 litteris
1516 2230 1777 2277 invenitur.
1814 2238 1868 2277 25

93 2299 180 2349 His
228 2301 512 2367 adiungitur
559 2302 701 2351 Ionas
751 2302 924 2351 eodem
975 2301 1088 2351 Ozia
1137 2316 1252 2368 rege
1293 2308 1529 2368 regnante
1578 2309 1626 2351 et
1666 2302 1781 2368 Ioel,

94 2389 204 2424 cum
262 2377 357 2424 iam
411 2382 642 2440 regnaret
696 2375 938 2440 Ioatham,
995 2378 1078 2441 qui
1134 2378 1375 2426 successit
1431 2375 1588 2425 Oziae.
1684 2375 1778 2424 Sed

92 2449 303 2498 istorum
349 2450 703 2514 prophetarum
753 2450 963 2499 duorum
1012 2458 1234 2516 tempora
1273 2453 1324 2500 in
1365 2450 1632 2510 chroniciS,
1681 2465 1779 2497 non

94 2522 142 2569 in
184 2537 356 2571 eorum
397 2523 536 2572 libris
574 2525 828 2588 potuimus
867 2525 1112 2591 invenire,
1164 2526 1394 2589 quoniam
1435 2524 1493 2572 de
1536 2525 1638 2572 suis
1678 2522 1776 2571 die-

93 2593 186 2643 bus
234 2602 410 2646 tacent.
488 2597 782 2646 Tenduntur
833 2603 995 2646 autem
1035 2597 1085 2646 hi
1126 2598 1228 2646 dies
1270 2613 1294 2646 a
1336 2612 1451 2661 rege
1491 2595 1776 2645 Latinorum
1811 2607 1867 2646 30

213 2725 285 2779 14)
319 2722 436 2768 Osee
470 2729 508 2779 1,
545 2729 583 2768 1.

212 2903 268 2941 14
298 2899 493 2943 Ioathan
524 2914 550 2945 v

1333 2981 1353 3018 1
1362 2979 1385 3018 9
1398 2975 1423 3002 ³³²
