2004 3140
575 181 642 213 DE
667 179 906 214 CIVITATE
930 181 1020 213 DEI
1044 182 1086 215 n.
1111 182 1235 214 xxn.
1261 181 1298 214 c.
1323 184 1354 215 8.
1704 170 1812 222 575

132 300 324 344 raverat
363 301 413 344 et
451 294 817 343 familiarissimi
856 296 934 344 sui
973 295 1165 361 medici,
1207 297 1291 360 qui
1331 310 1444 344 eum
1485 302 1690 362 secaret,
1731 310 1813 360 op—

132 368 416 433 periebatur
478 383 680 433 manUS,
749 366 879 418 illius
948 370 1056 433 piae
1122 371 1340 418 sarcinae
1404 371 1676 418 vectatione
1739 383 1813 417 re·

130 450 277 507 pente
319 449 485 491 sanata
525 448 622 508 est3
676 456 789 490 nam
828 442 1060 508 deinceps
1101 458 1206 491 eam
1245 445 1296 492 in
1337 459 1426 492 suo
1467 458 1675 507 corpore
1715 457 1815 491 non

128 518 326 565 invenit.

278 590 554 639 Eucherius
603 595 678 638 est
717 590 975 655 presbyter
1016 606 1074 639 ex
1113 590 1368 656 Hispania,
1421 590 1639 640 Calamae
1681 589 1814 639 habi·
1850 599 1875 640 5

130 671 221 731 tat,
261 671 426 713 vetere
453 663 625 712 morbo
669 664 843 713 calculi
881 663 1151 730 laborabat3
1191 680 1281 728 per
1320 666 1606 713 memoriam
1647 679 1815 728 supra-

133 738 251 787 dicti
275 740 518 804 martyriS,
552 752 697 802 quam
723 737 976 787 Possidius
1007 738 1089 787 illo
1123 738 1315 787 advexit
1347 740 1623 804 episcopuS,
1656 737 1817 786 salvus

130 813 289 862 sactus
340 819 428 861 est..
506 811 639 860 Idem
687 813 792 876 ipse
839 818 1011 877 postea
1058 811 1230 860 morbo
1280 812 1371 860 alio
1419 812 1816 877 praevalescente

131 892 358 935 mortuus
397 887 468 934 sic
507 884 718 951 iacebat,
770 892 826 935 ut
865 888 909 934 ei
947 887 1043 934 iam
1082 885 1285 951 pollices
1324 886 1618 952 ligarentur,
1659 887 1816 950 opitu-

130 960 310 1009 latione
359 961 615 1008 memorati
664 962 915 1024 martyriS,
966 975 1078 1009 cum
1127 960 1186 1009 de
1226 962 1463 1009 memoria
1503 962 1608 1009 eius
1648 974 1815 1023 repor-
1852 968 1906 1008 10

128 1041 227 1083 tata
259 1040 390 1082 esset
422 1040 471 1082 et
503 1048 652 1098 super
694 1035 900 1083 iacentis
940 1049 1121 1098 corpus
1161 1035 1309 1083 missa
1347 1035 1503 1098 ipsius
1544 1033 1820 1098 presbyteri

130 1110 318 1173 tunica,
358 1109 623 1156 suscitatus
663 1115 753 1157 est.

277 1181 392 1231 Fuit
422 1180 491 1229 ibi
530 1182 604 1229 vir
642 1183 693 1230 in
734 1182 904 1230 ordine
946 1197 1035 1230 suo
1076 1183 1355 1249 primarum,
1395 1183 1592 1230 nomine
1624 1182 1817 1230 Martia·

130 1256 204 1321 lis,
245 1271 360 1305 aevo
394 1256 490 1304 iam
522 1256 682 1319 gravis
715 1263 764 1305 et
795 1254 1005 1304 multum
1037 1255 1308 1305 abhorrens
1349 1271 1374 1304 a
1411 1255 1657 1321 religione,
1681 1255 1817 1304 Chri-

131 1332 300 1379 stiana.
376 1328 597 1378 Habebat
652 1344 767 1378 sane
820 1329 1013 1378 fidelem
1059 1329 1206 1378 filiam
1256 1336 1305 1378 et
1355 1345 1593 1394 generum
1644 1329 1817 1379 eodem
1852 1336 1906 1376 15

131 1419 256 1454 anno
309 1402 620 1468 baptizatum.
698 1403 793 1461 Qui
840 1418 952 1452 cum
1005 1418 1118 1452 eum
1166 1410 1500 1468 aegrotantem
1550 1404 1715 1453 multis
1770 1409 1819 1451 et

131 1479 320 1542 magnis
370 1476 584 1526 lacrimis
636 1483 893 1543 rogarent,
944 1484 1000 1526 ut
1047 1478 1189 1527 fieret
1229 1477 1537 1527 Christianus
1550 1518 1564 1544 ,
1610 1491 1818 1543 prorsus

131 1551 303 1600 abnuit
341 1566 526 1615 eosque
567 1566 592 1599 a
632 1566 684 1600 se
724 1550 921 1600 turbida
961 1551 1295 1616 indignatione
1336 1551 1593 1601 submovit.
1649 1551 1818 1600 Visum

132 1632 208 1674 est
246 1639 429 1689 genero
471 1626 604 1690 eius,
643 1631 699 1673 ut
737 1627 833 1673 iret
872 1624 932 1673 ad
971 1626 1258 1673 memoriam
1299 1627 1455 1675 sancti
1495 1625 1731 1690 Stephani
1770 1630 1820 1672 et

131 1699 230 1748 illic
285 1713 375 1763 pro
427 1713 484 1747 eo
535 1705 774 1762 quantum
819 1705 989 1763 posset
1035 1706 1228 1764 oraret,
1283 1706 1338 1748 ut
1386 1698 1515 1748 Deus
1563 1699 1634 1747 illi
1681 1699 1820 1747 daret
1852 1706 1908 1745 20

133 1779 349 1822 mentem
401 1771 605 1838 bonam,
656 1787 751 1836 qua
798 1771 1002 1821 credere
1054 1787 1152 1820 non
1204 1773 1426 1822 differret
1463 1775 1515 1821 in
1556 1771 1819 1821 Christum.

132 1846 270 1895 Fecit.
322 1846 415 1894 hoc
470 1847 659 1910 ingenti
706 1847 890 1909 gemitu
947 1852 996 1895 et
1042 1845 1162 1895 fletu
1210 1854 1258 1895 et
1308 1848 1568 1895 sinceriter
1617 1846 1820 1895 ardente

133 1921 329 1984 pietatis
370 1920 568 1986 affectu3
609 1919 786 1969 deinde
818 1918 1088 1969 abscedens
1128 1919 1310 1984 aliquid
1350 1919 1409 1969 de
1450 1920 1590 1969 altari
1629 1919 1821 1985 florum,

136 1993 267 2058 quod
307 1995 547 2059 occurrit,
585 1993 699 2043 tulit
745 1995 912 2060 eique,
968 2009 1080 2043 cum
1119 1995 1215 2042 iam
1255 2009 1351 2042 nox
1392 2001 1538 2060 esset,
1576 1993 1634 2042 ad
1676 1999 1823 2057 caput

134 2068 327 2133 posuit3
374 2073 479 2116 tum
527 2066 794 2116 dormitum
842 2075 930 2116 est.
1007 2066 1070 2115 Et
1109 2082 1224 2116 ecce
1264 2074 1376 2116 ante
1417 2066 1688 2116 diluculum
1727 2065 1820 2115 cla-
1854 2073 1910 2113 25

135 2147 258 2206 mat,
298 2147 353 2189 ut
393 2140 451 2189 ad
493 2142 779 2206 episcopum
819 2147 1135 2206 curreretur,
1175 2143 1261 2204 qui
1299 2155 1492 2190 mecum
1534 2141 1660 2189 forte
1701 2146 1820 2188 tunc

137 2221 242 2263 erat
280 2214 407 2279 apud
447 2213 736 2279 Hipponem.
816 2213 937 2263 Cum
985 2229 1102 2278 ergo
1145 2229 1258 2263 eum
1298 2214 1515 2263 audisset
1554 2213 1822 2277 absentem,

138 2289 304 2337 venire
337 2287 654 2352 presbyteros
687 2287 965 2353 postulavit.
1042 2286 1308 2354 Venerunt,
1348 2288 1551 2337 credere
1593 2303 1644 2336 se
1685 2287 1821 2352 dixit,

136 2361 490 2410 admirantibus
542 2368 714 2426 atque·
745 2360 1071 2426 gaudentibus
1127 2361 1354 2411 omnibus
1405 2361 1679 2426 baptizatus
1732 2366 1819 2409 est.

136 2434 256 2501 Hoc,
296 2434 527 2498 quamdiu
560 2436 692 2500 vixit,
732 2436 783 2483 in
816 2450 900 2484 ore
933 2434 1165 2484 habebat:
1203 2434 1443 2501 „Christe,
1478 2436 1643 2499 accipe
1677 2434 1818 2498 spiri·
1853 2441 1911 2480 30

137 2515 242 2558 tum
275 2503 490 2573 meum“;
531 2523 644 2557 cum
683 2508 803 2557 haec
843 2507 991 2557 verba
1029 2507 1298 2557 beatissimi
1339 2507 1587 2573 Stephani,
1627 2505 1820 2571 quando

137 2581 378 2647 lapidatus
419 2588 494 2630 cst
533 2597 559 2630 a
598 2581 813 2647 Iudaeis,
860 2581 1033 2630 ultima
1072 2582 1225 2630 fuisse
1266 2582 1501 2646 nesciret3
1542 2595 1665 2644 quae
1707 2579 1820 2628 huic

256 2681 329 2734 32)
361 2679 461 2722 Act.
498 2683 537 2723 7.

258 2802 281 2839 1
317 2810 422 2841 eum
445 2809 533 2840 mss
558 2796 686 2851 (567,
718 2797 825 2851 25),·
856 2809 961 2839 eam
992 2809 1017 2839 v
1041 2796 1056 2852 ΙΙ
1080 2801 1106 2840 6
1137 2796 1285 2840 veteri
1316 2809 1341 2839 v
1364 2796 1379 2851 ΙΙ
1406 2800 1456 2838 11
1489 2794 1654 2838 fuisset
1676 2808 1701 2838 v
1724 2795 1740 2850 Η
1766 2797 1820 2837 14

138 2855 246 2957 fibla.
285 2854 559 2958 {Sligionem
602 2853 902 2899 christianam
933 2855 976 2897 A
1015 2856 1031 2911 ΙΙ
1061 2860 1118 2899 30
1148 2855 1237 2899 hoc
1268 2855 1423 2899 autem
1459 2854 1503 2897 A
1538 2855 1552 2909 ΙΙ
1592 2857 1646 2896 32
1679 2852 1819 2910 quae]

173 2927 254 2958 aec
