2004 3140
196 143 303 197 556
868 153 902 186 s.
927 153 1201 187 Aneos'rnu

198 271 283 334 qui
322 276 377 318 ut
415 268 565 316 velint
604 268 686 315 isti
726 267 854 315 facit.
936 265 1216 315 Secundum
1257 264 1387 314 illam
1426 279 1543 313 vero
1582 264 1883 313 voluntatem

199 358 351 407 suam,
393 357 516 406 quae
551 355 664 390 cum
697 342 803 389 eius
835 341 1160 404 praescientia
1194 341 1492 403 sempiterna
1532 345 1622 404 est,
1660 337 1883 403 profecto

199 419 248 465 in
289 415 423 464 caelo
466 421 514 463 et
544 416 595 463 in
641 420 772 463 terra
811 415 973 462 omnia
1014 427 1352 477 quaecumque
1393 411 1546 461 voluit
1585 427 1684 460 non
1726 410 1886 460 solum

199 491 465 555 praeterita
490 487 565 536 vel
588 489 881 554 praesentia,
907 486 992 536 sed
1021 488 1167 535 etiam
1192 487 1357 535 futura
1389 488 1483 534 iam
1517 486 1647 534 fecit.
1703 484 1885 534 Verum

141 574 166 613 5
201 571 462 627 antequam
508 563 643 610 venit
690 569 910 626 tempus,
963 576 1060 625 quo
1099 559 1252 608 voluit
1291 566 1346 608 ut
1386 560 1552 626 fieret,
1604 559 1734 623 quod
1774 564 1887 607 ante

201 644 424 701 tempora
455 637 686 685 universa
717 636 980 700 praescivit
1013 641 1158 699 atque
1192 634 1450 699 disposuit,
1483 632 1717 682 dicimus:
1749 631 1888 698 „Fiet

203 711 398 775 quando
438 709 570 758 Deus
617 704 885 774 voluerit“;
935 710 975 757 si
1015 715 1178 757 autem
1218 723 1317 756 non
1357 706 1515 756 solum
1555 713 1750 771 tempus
1790 719 1887 769 quo

204 785 427 835 futurum
468 790 567 849 est,
618 798 790 832 verum
830 784 976 831 etiam
1015 789 1184 831 utrum
1226 782 1450 830 futurum
1489 781 1559 829 sit
1590 782 1889 845 ignoramus,

205 858 441 907 dicimus:-
475 857 644 923 „Fiet,
693 859 734 905 si
773 856 904 905 Deus
944 850 1213 920 voluerit“;
1254 870 1351 903 non
1393 855 1505 918 quia
1544 853 1676 903 Deus
1715 867 1889 902 novam

118 944 172 982 10
205 931 527 996 voluntatem,
568 945 714 994 quam
752 945 851 978 non
892 929 1084 995 habuit,
1123 935 1242 978 tunc
1281 927 1506 994 habehit3
1547 927 1632 977 sed
1674 929 1787 991 quia
1826 925 1889 991 id,

205 1005 335 1070 quod
385 1020 443 1053 ex
491 1006 780 1053 aeternitate
831 1006 883 1052 in
936 1005 1042 1052 eius
1093 1002 1369 1052 inmutabili
1423 1007 1768 1067 praeparatum
1815 1005 1891 1048 est

202 1079 467 1144 voluntate,
507 1084 626 1127 tunc
667 1079 774 1126 erit.

886 1264 1082 1319 CAPUT
1122 1265 1219 1317 III.

207 1375 283 1423 De
315 1375 648 1437 promissione
695 1379 938 1422 aeternae
988 1374 1316 1422 beatitudinis
1361 1378 1653 1422 sanctorum
1694 1378 1742 1421 et
1773 1387 1891 1435 per-

119 1459 172 1498 15
652 1449 818 1509 petuis
856 1448 1116 1508 suppliciis
1155 1448 1432 1508 impiorum.

356 1549 693 1615 Quapropter,
740 1556 796 1598 ut
843 1556 1007 1598 cetera
1054 1556 1154 1597 tam
1192 1548 1345 1598 multa
1383 1555 1716 1614 praeteream,
1764 1550 1894 1598 sicut

207 1639 338 1673 nunc
385 1626 436 1672 in
477 1622 672 1672 Christo
720 1623 942 1671 videmus
990 1622 1185 1687 impleri
1235 1622 1366 1686 quod
1406 1625 1632 1687 promisit
1670 1621 1891 1671 Abrahae

207 1697 399 1746 dicens:
451 1698 514 1746 In
570 1699 756 1746 semine
807 1703 890 1746 tuo
943 1698 1307 1746 benedicentur
1357 1694 1524 1746 omnes
1570 1703 1767 1758 gentes:
1826 1698 1893 1745 ita

208 1771 339 1835 quod
381 1771 540 1820 eidem
587 1772 762 1819 semini
811 1771 916 1819 eius
955 1772 1183 1835 promisit
1221 1769 1528 1836 implebitur,
1575 1769 1662 1818 uhi
1701 1771 1767 1818 ait
1803 1785 1895 1834 per

119 1858 175 1897 20
207 1845 520 1910 prophetam:
560 1844 850 1905 Resuryent
887 1847 976 1904 qui
1013 1851 1164 1893 erant
1201 1847 1251 1893 in
1292 1847 1634 1910 monumentis,
1674 1851 1724 1893 et
1763 1843 1894 1908 quod

208 1921 295 1968 ait:
336 1919 452 1967 Erit
482 1921 678 1967 caelum
709 1932 888 1966 novum
928 1924 977 1967 et
1015 1925 1158 1967 terra
1198 1933 1341 1977 nova,
1382 1925 1431 1967 et
1467 1932 1566 1967 non
1607 1924 1758 1967 erunt
1795 1932 1891 1966 me-

208 2006 372 2042 mores
406 1995 661 2054 priorum,
701 2007 795 2041 nec
835 1993 1075 2040 ascendet
1113 1994 1163 2040 in
1203 2006 1294 2041 cor
1334 1995 1577 2053 ipsorum,
1623 1994 1716 2040 sed
1752 1993 1892 2040 lacti-

209 2068 329 2114 tiam
369 2072 418 2115 et
455 2067 813 2114 exultationem
854 2068 1106 2114 invenient
1151 2067 1204 2113 in
1243 2081 1317 2114 ea.
1397 2066 1532 2114 Ecce
1571 2080 1662 2126 eqo
1696 2065 1893 2126 faciam

208 2140 527 2188 Hierusalem
567 2141 927 2187 exultationem
974 2144 1023 2188 et
1053 2141 1294 2201 populum
1333 2153 1495 2188 meum
1535 2141 1807 2196 laetitiam;
1846 2143 1895 2186 et

120 2225 175 2264 25
209 2213 446 2260 exultabo
497 2214 549 2260 in
594 2212 914 2260 Hierusalem
969 2217 1018 2260 et
1061 2213 1292 2261 laetabor
1339 2215 1389 2261 in
1430 2216 1617 2275 populo
1664 2227 1792 2271 mec,
1847 2217 1897 2260 et

208 2288 346 2334 ultra
386 2299 485 2334 non
526 2286 766 2333 audiet-ur
808 2287 858 2333 in
899 2288 986 2333 illa
1025 2299 1124 2334 vox
1156 2287 1336 2345 fletus;
1376 2292 1426 2334 et
1462 2301 1552 2349 per
1593 2285 1741 2334 alium
1779 2300 1891 2350 pro-

208 2358 406 2423 phetam
455 2357 586 2422 quod
639 2359 1002 2422 praenuntiavit
1056 2357 1225 2406 dicens
1273 2358 1433 2407 eidem
1478 2358 1774 2423 prophetae:
1830 2359 1892 2406 In

210 2439 430 2494 tempore
477 2434 559 2480 illo
605 2433 888 2480 salvabitur
928 2435 1144 2494 populus
1194 2438 1308 2480 tuus
1348 2435 1505 2482 omnis
1544 2435 1632 2492 qui
1669 2435 1897 2481 inventus

205 2504 370 2566 fuerit
413 2508 634 2567 scriptus
682 2508 732 2554 in
772 2507 923 2565 libro,
972 2511 1022 2554 et
1058 2508 1202 2554 multi
1239 2507 1591 2556 dormientium
1631 2508 1683 2554 in
1723 2512 1896 2555 terrae

332 2633 402 2687 18)
436 2631 546 2675 Gen.
581 2637 652 2688 22,
688 2637 756 2676 18.
821 2634 894 2688 20)
928 2632 1050 2676 Esai.
1085 2637 1155 2687 26,
1190 2637 1257 2676 19.
1322 2633 1396 2688 26)
1429 2632 1494 2676 lb.
1530 2636 1600 2686 65,
1634 2637 1686 2676 17
1721 2646 1818 2687 sqq.

331 2829 355 2866 5
387 2822 519 2867 uenit
547 2823 592 2866 R
603 2840 618 2876 ,·
650 2822 808 2866 ueniat
830 2823 901 2866 Av
941 2825 956 2879 ΙΙ
996 2828 1050 2866 22
1084 2823 1302 2867 ascendet
1331 2822 1445 2866 R2A
1477 2825 1603 2877 (458,
1635 2827 1709 2878 9);
1740 2836 1895 2866 ascen-

212 2880 281 2925 dit
311 2881 403 2935 ΖΡ,-
436 2882 684 2926 ascendent
712 2895 738 2925 v
761 2883 777 2938 u
801 2886 856 2927 26
887 2881 937 2925 in
968 2895 1023 2926 ea
1053 2895 1079 2926 v
