2044 3146
562 145 627 177 m:
653 142 892 176 c1v1TA'rE
916 143 1006 175 nm
1029 143 1071 176 L.
1095 142 1221 175 xvn.
1246 142 1286 177 e.
1311 145 1344 177 4.
1702 132 1812 187 203

119 273 305 308 novum
343 273 406 306 ac
438 258 823 323 sempiternum,
862 257 948 321 qui
986 262 1063 305 est
1102 254 1328 306 Christus
1368 255 1521 306 Iesus.
1597 255 1721 306 Nam
1759 263 1810 308 et

120 330 232 382 Heli
293 332 546 381 sacerdote
609 329 873 394 reprobato
937 329 1239 380 substitutus
1291 331 1343 379 in
1397 329 1487 380 Dei
1551 332 1810 381 servitium

119 405 322 456 Samuel
352 405 499 455 simul
530 404 695 453 officio
726 405 929 454 functus
961 403 1232 453 sacerdotis
1265 410 1315 453 et
1345 403 1539 470 iudicis,
1579 410 1629 454 et
1661 403 1807 455 Saule

117 479 313 530 abiecto
352 494 440 528 rex
480 477 634 528 David
673 478 908 528 fundatus
945 479 998 526 in
1036 493 1191 542 regno
1230 476 1324 526 hoc
1365 477 1497 542 quod
1536 477 1646 528 dico
1686 478 1807 544 figu-

119 559 368 603 raverunt.
443 552 599 602 Mater
638 567 835 617 quoque
874 553 980 616 ipsa
1022 550 1263 600 Samuelis
1301 550 1464 618 Anna,
1504 567 1630 616 quae
1669 554 1810 618 prius
1842 561 1869 603 5

117 627 214 677 fuit
252 626 436 676 sterilis
484 633 533 676 et
579 628 856 691 posteriore
896 624 1199 675 fecunditate
1238 624 1414 674 laetata
1454 631 1552 691 est,
1597 626 1810 691 prophe-

47 701 49 703 ’
115 707 224 750 tare
272 700 402 750 aliud
450 716 550 750 non
591 699 806 766 videtur,
854 715 968 750 cum
1007 699 1385 764 gratulationem
1423 714 1564 749 suam
1603 698 1811 750 Domino

115 775 281 825 fundit
312 774 554 840 exultanS,
593 774 788 839 quando
822 774 1035 824 eundem
1066 788 1280 838 puerum
1311 779 1480 823 natum
1513 780 1562 823 et
1602 772 1810 824 ablacta-

114 856 224 898 tum
264 849 365 898 Deo
405 849 567 899 reddit
606 848 777 898 eadem
815 851 1022 914 pietate,
1062 863 1157 912 qua
1197 854 1410 897 voverat.
1485 846 1616 898 Dicit
1655 850 1810 898 enim:

124 925 483 983 Confirmatum
534 928 608 973 est
656 937 748 972 cor
803 937 964 973 meum
1018 925 1070 971 in
1118 923 1357 983 DominO,
1406 925 1686 972 exaltatum
1736 928 1811 973 est
1843 931 1898 973 10

114 1012 329 1048 cornum
368 1012 530 1047 meum
580 1000 631 1046 in
670 997 777 1046 Deo
816 1011 938 1046 me0.
1016 997 1297 1045 Dilatatum
1335 1001 1411 1045 est
1446 1011 1601 1058 super
1639 999 1802 1046 inimi-

117 1086 204 1121 cos
242 1085 374 1121 meos
420 1085 475 1121 os
512 1085 694 1131 meum,
742 1074 933 1120 laetata
979 1085 1090 1120 sum
1138 1072 1191 1119 in
1229 1072 1454 1119 salutari
1489 1075 1588 1119 tuo.
1674 1071 1803 1130 Quo-

116 1148 254 1194 niam
302 1160 402 1195 non
449 1151 523 1194 est
559 1150 767 1194 sanctus
812 1147 946 1194 sicut
984 1145 1252 1204 DominuS,
1306 1150 1354 1193 et
1393 1158 1493 1193 non
1533 1149 1607 1193 est
1646 1147 1809 1194 iustus

113 1221 250 1268 sieut
293 1220 431 1269 Deus
475 1225 646 1269 noster
653 1235 673 1276 ;
719 1233 820 1268 non
873 1223 948 1268 est
990 1223 1199 1267 scmctus
1238 1222 1454 1280 praeter
1504 1223 1565 1266 te.
1643 1219 1807 1268 Nolite

108 1295 338 1354 aloriari
380 1299 429 1342 et
473 1295 627 1342 nolite
675 1294 815 1354 loqui
851 1295 1077 1350 excelsa,
1124 1306 1288 1352 neque
1319 1293 1574 1354 procedat
1611 1295 1807 1354 mayni-
1842 1299 1897 1342 15

115 1370 336 1428 loquium
376 1369 439 1417 de
478 1382 568 1417 ore
605 1372 784 1417 vestro.
870 1367 1117 1426 Quoniam
1157 1367 1294 1414 Deus
1332 1368 1670 1415 scientiarum
1709 1367 1808 1416 Do-

116 1443 301 1502 minus,
350 1446 399 1490 et
435 1442 573 1491 Deus
618 1455 946 1503 praeparans
984 1442 1367 1490 adinventiones
1404 1455 1537 1489 suas.
1614 1441 1809 1490 Areum

106 1518 386 1577 potentium
412 1514 542 1577 fecit
572 1518 839 1575 infirmum,
881 1520 930 1564 et
961 1516 1184 1574 infirmes
1217 1515 1511 1576 praecineti
1546 1519 1666 1563 sun-t
1703 1517 1807 1563 vir-

116 1594 233 1638 tute.
311 1590 460 1639 Pleni
488 1590 712 1651 panibus
757 1591 1001 1638 minorati
1041 1593 1180 1648 sunt,
1231 1594 1281 1637 et
1318 1590 1598 1637 esurientes
1636 1594 1803 1638 trans-

109 1665 286 1712 ierunt
332 1669 539 1712 terram.
641 1664 772 1722 Quia
818 1664 1006 1712 sterilis
1047 1664 1252 1724 peperit
1300 1667 1507 1723 septem,
1560 1667 1609 1711 et
1645 1665 1803 1712 multa
1834 1671 1891 1712 20

119 1739 171 1786 in
212 1739 336 1796 filiis
387 1739 647 1796 infirmata
694 1742 781 1786 est.
858 1737 1101 1785 Dominus
1151 1738 1426 1794 mortificat
1471 1741 1522 1785 et
1570 1738 1808 1802 vivificat,

115 1811 326 1859 deducit
370 1812 442 1859 ad
486 1809 678 1871 inferos
726 1815 776 1859 et
812 1811 1028 1859 reducit.
1106 1810 1350 1858 Dominus
1384 1824 1641 1871 pauperes
1674 1809 1812 1871 facit

113 1889 168 1932 et
197 1886 342 1949 ditat,
383 1885 616 1933 humiliat
647 1890 696 1933 et
725 1886 933 1932 exaltat.
1011 1883 1239 1932 Suscitat
1277 1898 1310 1931 a
1350 1889 1493 1932 terra
1526 1898 1808 1945 pauperem

116 1962 168 2006 et
212 1959 275 2007 de
322 1963 551 2007 stercore
589 1960 743 2019 eriqit
784 1960 1006 2019 inopem,
1057 1963 1113 2005 ut
1152 1959 1379 2006 conlocet
1416 1971 1529 2006 eum
1568 1972 1684 2006 cum
1717 1972 1805 2019 po-

112 2032 334 2080 tentibus
365 2034 562 2094 populi,
610 2037 660 2081 et
695 2034 863 2080 sedem
908 2033 1110 2092 yloriae
1156 2032 1489 2080 hereditatem
1537 2033 1665 2081 dans
1703 2034 1806 2089 eis;
1838 2038 1895 2079 25

115 2105 253 2154 dans.
295 2112 460 2154 votum
499 2108 719 2171 voventi,
767 2111 817 2154 et
862 2106 1124 2155 benedixit
1170 2119 1330 2154 annos
1378 2107 1517 2167 iusti,
1568 2108 1805 2166 quoniam

115 2192 216 2228 non
257 2181 306 2228 in
347 2181 533 2229 virtute
566 2185 744 2242 potens
784 2184 862 2228 est
897 2181 990 2227 vir.
1068 2179 1314 2228 Dominus
1354 2181 1607 2238 infirmum
1643 2178 1809 2240 faciet

114 2253 472 2318 adversarium
504 2267 662 2315 suum,
702 2254 947 2302 Dominus
974 2258 1197 2303 sanetus,
1262 2253 1371 2302 Non
1401 2256 1654 2314 qlorietur
1680 2268 1805 2315 pru-

112 2326 240 2376 dens
273 2328 323 2376 in
349 2329 630 2389 prudentia
667 2342 777 2388 sua,
817 2332 867 2377 et
903 2341 1001 2376 non
1038 2329 1292 2388 ⁴qlorietur
1324 2332 1503 2389 potens
1542 2329 1595 2375 in
1627 2333 1805 2389 poten-

233 2530 260 2569 2
300 2526 376 2570 dei
415 2527 657 2571 seruitium
694 2527 741 2571 R
778 2531 875 2581 (37,
915 2531 968 2580 5,·
1006 2527 1092 2573 vol.
1127 2527 1162 2570 I
1169 2561 1183 2580 ,
1215 2530 1320 2580 315,
1351 2531 1454 2581 19);
1492 2526 1803 2570 ministerium

114 2596 141 2626 v
172 2585 188 2640 u
220 2589 246 2628 3
278 2584 483 2629 officium
513 2587 612 2630 AF
652 2588 668 2642 ΙΙ
713 2593 739 2630 9
771 2585 977 2630 reddidit
1007 2586 1161 2642 AFay
1205 2587 1222 2642 ΙΙ
1270 2592 1324 2630 10
1357 2586 1614 2629 exaltatum
1644 2585 1691 2628 R
1720 2599 1803 2630 sec.

118 2641 300 2698 Graec.;
344 2646 391 2688 et
429 2646 569 2689 exalt.
607 2645 731 2689 AFv
777 2648 792 2701 ΙΙ
840 2651 891 2689 11
935 2659 1125 2690 cornum
1163 2644 1310 2688 RAF
1343 2644 1492 2697 (Neue
1527 2645 1563 2687 Ι
1584 2658 1635 2700 p.
1669 2648 1802 2699 356);

116 2713 261 2744 cornu
291 2716 316 2745 v
342 2705 359 2758 ΙΙ
383 2708 435 2747 12
469 2717 519 2748 os
551 2718 707 2748 meum
739 2718 877 2761 super
915 2704 977 2748 in.
1010 2719 1070 2749 m.
1103 2705 1148 2747 A
1179 2717 1261 2748 see.
1295 2704 1390 2747 cod.
1422 2704 1553 2747 Alex.
1579 2705 1595 2759 ΙΙ
1620 2707 1672 2747 15
1705 2703 1804 2760 glo-

114 2758 227 2802 riari
265 2759 438 2816 RAbef
465 2764 605 2817 (205,
644 2767 757 2818 20)‚·
795 2762 988 2819 gloriari
1027 2763 1223 2818 superbe
1254 2776 1280 2805 v
1326 2763 1343 2818 [1
1390 2766 1443 2805 18
1476 2762 1680 2808 infirmes
1711 2762 1806 2806 ΒΑ

113 2817 263 2871 (Neue
279 2820 351 2862 II
359 2833 407 2875 p.
426 2824 531 2875 95);
561 2820 732 2865 infirmi
762 2836 789 2866 v
812 2823 828 2878 fl
851 2827 908 2865 24
940 2820 1227 2879 principibus
1259 2820 1330 2874 Β,-
1361 2822 1438 2866 sed
1469 2822 1524 2876 cf.
1558 2825 1672 2876 208,
1704 2825 1764 2866 21
1790 2821 1807 2879 ll

117 2879 175 2920 28
207 2878 360 2936 suum]
395 2877 492 2923 eius
524 2879 575 2923 F
600 2883 732 2935 (209,
764 2885 792 2925 5
821 2884 935 2939 sqq.)
