2004 3140
116 921 170 959 10

116 1289 169 1328 15

112 2027 166 2065 25

108 2394 165 2432 30

200 120 309 174 504
885 130 920 164 S.
944 130 1222 165 AUGUSTDH

197 253 355 296 tutam
395 245 547 294 fuisse
596 251 708 294 ante
755 251 1036 311 peccatum,
1082 243 1131 293 id
1173 251 1268 311 est,
1314 253 1370 295 ut
1407 253 1576 310 posset
1614 262 1886 312 numquam

197 321 392 386 perpeti
441 325 674 385 mortem3
725 318 866 367 aliter
919 324 1083 367 autem
1139 326 1252 383 post
1295 326 1576 388 peccatum,
1627 320 1783 385 qualis
1832 324 1886 371 in

199 408 434 443 aerumna
479 393 628 442 huius
675 392 986 442 mortalitatis
1032 393 1275 459 innotuit,
1329 400 1385 442 ut
1428 402 1684 459 perpetem
1735 397 1885 445 vitam

198 476 368 517 tenere
417 482 515 516 non
563 468 745 533 possit3
786 468 856 515 sic
906 481 1024 530 ergo
1065 465 1227 532 aliter,
1275 481 1418 531 quam
1458 468 1601 517 nobis
1640 476 1755 518 nota
1795 476 1886 535 est,

196 543 486 590 instituetur
547 543 598 589 in
653 542 1022 589 resurrectione
1084 546 1410 590 mortuorum.
1503 542 1600 591 Sed
1655 545 1890 607 quoniam>

198 617 307 664 istis
353 631 453 664 non
506 614 716 664 credunt
762 614 941 663 litteris
953 654 967 681 ,
1018 613 1104 663 ubi
1151 613 1331 679 legitur
1377 615 1534 679 qualis
1571 617 1622 664 in
1661 617 1891 681 paradiso

197 691 375 739 vixerit
405 689 552 738 homo
587 695 924 753 quantumque
965 688 1116 737 fuerit
1155 703 1181 737 a
1221 691 1515 737 necessitate
1554 692 1729 751 mortis
1768 690 1883 739 alie-

197 778 291 812 nus
333 758 539 829 (quibus
580 765 753 827 utique
795 764 837 811 si
877 761 1159 829 crederent,
1201 778 1299 811 non
1340 778 1453 811 cum
1491 762 1587 812 illis
1627 763 1687 812 de
1726 779 1884 828 poena

199 837 569 903 damnatorum,
626 851 750 900 quae
798 837 963 885 futura
1015 843 1114 903 est,
1170 838 1428 900 operosius
1467 832 1772 905 ageremus):
1827 837 1891 886 de

204 909 384 959 litteris
425 925 619 977 eorum,
667 912 752 974 qui
800 910 1071 959 doctissimi
1110 910 1237 975 apud
1277 910 1387 959 illos
1427 911 1651 977 fuerunt,
1706 910 1887 975 aliquid

201 983 557 1048 proferendum
610 992 711 1050 est,
760 999 856 1048 quo
904 992 1135 1048 appareat
1173 999 1325 1069 ‘posse
1371 984 1501 1051 fieri,
1547 992 1603 1034 ut
1648 984 1789 1033 aliter
1835 999 1889 1033 se

199 1057 378 1107 habeat
411 1073 635 1122 quaeque
668 1073 766 1124 reS,
806 1073 951 1122 quam
991 1059 1131 1124 prius
1169 1060 1220 1106 in
1260 1057 1411 1107 iebus
1450 1060 1733 1108 innotuerat
1772 1073 1893 1107 suae

201 1131 609 1181 determinatione
651 1138 870 1180 naturae.

351 1205 442 1255 Est
480 1208 530 1254 in
570 1205 722 1254 Maici
760 1204 994 1254 Varronis
1033 1204 1195 1271 libus,
1245 1220 1456 1270 quorum
1495 1207 1752 1270 inscriptio
1793 1213 1892 1255 est:

206 1279 276 1328 De
318 1287 463 1344 gente
503 1279 673 1344 populi
711 1279 940 1345 Romani,
981 1279 1111 1343 quod
1153 1279 1339 1328 eisdem
1378 1278 1564 1345 verbiS,
1604 1278 1783 1343 quihus
1821 1278 1890 1327 ibi

200 1353 402 1419 legitur,
452 1362 502 1402 et
547 1353 627 1402 hic
676 1368 877 1418 ponam:
915 1353 1009 1419 „In
1050 1352 1206 1418 caelo,
1245 1355 1428 1418 inquit,
1467 1352 1688 1401 mirabile
1730 1353 1891 1401 extitit

200 1434 515 1492 portentum,
555 1442 664 1475 nan]
706 1429 756 1476 in
798 1426 936 1475 stella
968 1426 1174 1475 Veneris
1215 1426 1530 1492 nobilissima,
1571 1441 1715 1490 quam
1746 1425 1888 1475 Plau-

202 1508 282 1549 tus
322 1500 735 1567 vesperuginem,
773 1499 1019 1549 Homerus
1059 1500 1316 1565 Hesperon
1356 1499 1579 1566 appellat,
1617 1499 1891 1564 pulcherri-

201 1589 332 1623 mam
365 1574 548 1640 dicenS,
591 1574 764 1623 Castor
797 1573 968 1623 scribit
1007 1581 1197 1623 tantum
1237 1580 1523 1638 portentum
1563 1574 1796 1638 extitisse,
1834 1580 1892 1622 ut

199 1655 414 1697 mutaret
465 1648 706 1715 colorem,
754 1647 1164 1714 magnitudinem,
1210 1648 1439 1714 figuram,
1487 1662 1711 1712 cursum,
1758 1646 1891 1710 quod

200 1723 383 1771 factum
438 1724 505 1771 ita
559 1718 738 1786 neque*
779 1728 920 1770 antea
970 1737 1132 1786 neque
1179 1727 1351 1786 postea
1398 1723 1476 1770 sit.
1551 1720 1656 1769 Hoc
1705 1721 1889 1769 factum

201 1795 369 1861 Ogygo
418 1811 535 1860 rege
584 1795 814 1844 dicebant
858 1794 1094 1844 Adrastos
1135 1794 1399 1860 Cyzicenos
1450 1802 1499 1844 et
1537 1793 1662 1843 Dion
1701 1793 1890 1859 Neapo-

199 1870 332 1935 lites,
379 1869 713 1918 mathematici
760 1865 1007 1918 nobileS.“
1082 1868 1187 1918 Hoc
1229 1875 1364 1918 certe
1405 1867 1557 1917 Varro
1597 1874 1765 1917 tantus
1805 1883 1888 1916 au-

201 1950 309 1992 ctor
347 1950 635 2008 portentum
683 1959 781 1992 non
834 1942 1122 2007 appellaret,
1169 1945 1264 1991 nisi
1304 1958 1412 1991 esse
1453 1950 1624 1991 contra
1665 1948 1890 1991 naturam

199 2017 467 2066 videretur.
546 2016 720 2066 Omnia
768 2018 948 2081 quippe
996 2024 1226 2082 portenta
1276 2025 1446 2066 contra
1494 2023 1719 2065 naturam
1770 2015 1887 2064 dici·

198 2106 306 2139 mus
362 2102 506 2157 esse3·
554 2090 638 2140 sed
695 2105 795 2139 non
851 2098 980 2139 sunt.
1060 2090 1167 2148 Quo
1218 2090 1364 2139 modo
1412 2097 1487 2139 est
1535 2091 1665 2138 enim
1718 2096 1890 2138 contra

198 2171 445 2225 naturam,
496 2164 626 2228 quod
667 2163 755 2212 Dei
794 2164 848 2212 fit
887 2163 1160 2230 voluntate,
1213 2179 1327 2212 cum
1365 2163 1589 2212 voluntas
1629 2164 1752 2211 tanti
1790 2164 1888 2211 uti-

198 2252 293 2301 que
335 2237 605 2286 conditoris
646 2237 870 2286 conditae
910 2238 985 2285 rei
1025 2239 1267 2300 cuiusque
1307 2244 1482 2285 natura
1523 2233 1622 2285 sit‘?
1683 2235 1889 2285 Porten-

200 2318 304 2359 tum
353 2326 469 2374 ergo
517 2311 571 2359 fit
617 2326 716 2359 non
765 2317 936 2359 contra
987 2311 1246 2376 naturam:
1291 2310 1376 2358 sed
1417 2317 1588 2358 contra
1628 2324 1773 2373 quam
1813 2315 1889 2357 est

200 2392 315 2434 nota
363 2391 551 2433 natura.
632 2383 752 2441 Quis
804 2391 968 2433 autem
1018 2391 1364 2448 portentorum
1403 2389 1629 2432 numerat
1669 2382 1887 2431 multitu-

197 2458 383 2524 dinem,
439 2473 562 2522 quae
609 2457 814 2506 historia
860 2459 1082 2522 gentium
1134 2454 1452 2507 continetur?
1530 2455 1625 2504 Sed
1666 2471 1798 2505 nunc
1836 2457 1889 2503 in

318 2587 390 2641 18)
423 2584 653 2642 Amphitr.
689 2591 727 2640 1,
762 2590 802 2640 1,
838 2589 934 2629 119.
999 2586 1072 2641 18)
1104 2585 1158 2629 11.
1192 2590 1262 2640 22,
1295 2590 1396 2628 318.

196 2687 354 2702 ——5—4—

315 2753 340 2791 3
372 2750 647 2804 perpetuam
678 2748 723 2790 A
762 2749 776 2803 ΙΙ
819 2752 870 2790 17
903 2746 953 2789 id
983 2749 1101 2803 port
1134 2746 1180 2790 R
1218 2748 1234 2802 1}
1270 2746 1319 2790 in
1350 2759 1433 2790 om.
1465 2745 1558 2788 ΕΑ
1589 2747 1604 2801 ΙΙ
1640 2749 1695 2789 22
1730 2756 1881 2800 ogygo

194 2819 282 2850 mss
327 2808 466 2862 (265,
513 2810 620 2860 24);
679 2805 839 2862 Ogyge
887 2819 912 2849 v
952 2807 967 2861 ΙΙ
1008 2806 1219 2850 adi-astos
1268 2805 1510 2861 cyzicenos
1556 2817 1643 2847 mss
1685 2804 1789 2856 (vol.
1839 2802 1892 2856 I,

195 2869 307 2920 295,
339 2868 443 2922 30);
473 2864 701 2911 Adrastus
735 2863 987 2920 Cyzicenus
1018 2877 1044 2908 v
1069 2866 1084 2920 ΙΙ
1108 2863 1183 2909 dio
1215 2863 1261 2908 R
