2004 3140
553 144 619 176 DE
645 142 884 177 crrw'rA'rE
908 143 997 177 nm
1021 145 1063 178 L.
1087 146 1168 178 xx.
1194 144 1232 178 c,
1257 146 1309 180 25.
1334 147 1388 179 26.
1700 133 1812 185 473

126 272 239 307 cum
286 256 507 307 mundati
553 257 760 322 fuerint,
812 258 906 322 ipsi
954 264 1115 307 erunt.
1201 257 1328 316 Quid
1378 260 1507 308 enim
1559 260 1810 322 acceptius

123 331 224 381 Deo
266 332 386 381 tales
426 331 641 380 offerunt
696 346 843 395 quam
893 347 944 380 se
984 328 1155 396 ipsos?
1231 331 1412 381 Verum
1453 334 1546 381 ista
1587 334 1809 398 quaestio

123 405 183 455 de
222 407 520 470 purgatoriis
559 406 755 470 poeniS,
794 412 850 454 ut
889 405 1171 470 diligentius
1210 413 1558 473 pertractetur,
1597 408 1648 454 in
1687 414 1809 456 tem·

122 495 216 544 pus
256 478 386 528 aliud
426 479 696 528 differenda
744 486 834 528 est.
912 479 1060 529 Filios
1101 487 1265 528 autem
1306 480 1422 529 Levi
1463 487 1511 530 et
1550 480 1720 529 Iudam
1760 487 1810 529 et

122 553 429 602 Hierusalem
480 555 636 618 ipsam
684 553 772 602 Dei
818 553 1076 603 ecclesiam
1123 553 1360 603 debemus
1409 556 1659 620 accipere,
1709 569 1809 603 non

122 643 181 687 ex
220 627 458 676 Hebraeis
506 634 720 694 tantum,
772 627 857 676 sed
900 643 959 676 ex
999 627 1105 676 aliis
1147 629 1293 677 etiam
1333 627 1563 693 gentibus
1604 643 1807 691 congre-

120 707 302 768 gatam3
342 716 434 751 nec
467 701 629 769 talem,
663 701 819 766 qualis
851 717 983 751 nunc
1017 709 1106 768 est,
1138 701 1237 769 ubi7
1276 705 1322 751 si
1353 704 1646 761 dixerimus
1687 704 1809 763 quia

114 781 385 839 peceatum
425 791 523 826 non
569 778 830 838 bethenim,
878 791 967 826 nos
1008 779 1138 839 ipsos
1177 779 1485 837 seducimuS,
1533 782 1582 826 et
1619 777 1808 825 veritas

120 852 172 899 in
218 851 361 900 nobis
407 865 506 900 non
554 857 654 908 est,·
708 849 793 899 sed
844 850 1001 914 qualis
1049 857 1167 899 tunc
1219 853 1340 916 erit,
1395 850 1528 899 velut
1567 865 1679 899 area
1718 864 1808 915 per

118 923 506 990 ventilationem,
556 926 622 973 ita
668 939 758 988 per
804 924 1040 973 iudicium
1088 932 1294 989 purgata
1334 926 1685 990 novissimum,
1736 925 1807 972 eis

120 1013 315 1063 quoque
364 1000 475 1063 igne
524 998 795 1063 mundam,
843 998 1022 1062 quibus
1070 998 1179 1048 talis
1228 999 1479 1048 mundatio
1529 998 1808 1047 necessaria

119 1079 220 1138 est,
260 1074 327 1122 ita
365 1079 421 1122 ut
461 1071 624 1122 nullus
665 1074 864 1121 omnino
906 1074 990 1137 sit,
1038 1075 1123 1137 qui
1163 1074 1336 1122 offerat
1377 1072 1674 1121 sacrificium
1712 1086 1804 1136 pro

116 1148 332 1211 peccatis
372 1147 489 1195 suis,
568 1145 750 1195 Omnes
791 1148 923 1195 enim
975 1148 1059 1210 qui
1099 1148 1171 1195 sic
1210 1147 1445 1209 offerunt,
1491 1146 1714 1212 profecto
1757 1146 1805 1192 in

116 1221 332 1284 peccatis
372 1226 516 1281 sunt,
569 1235 661 1285 pro
712 1219 893 1284 quihus
942 1220 1245 1269 dimittendis
1295 1221 1524 1287 offerunt,
1564 1226 1640 1280 ut,
1692 1233 1806 1268 cum

117 1293 387 1343 obtulerint
426 1301 783 1359 acceptumque
824 1293 924 1343 Deo
966 1294 1131 1362 fuerit,
1170 1302 1289 1344 tunc
1329 1295 1652 1344 dimittantur.

747 1481 941 1537 CAPUT
980 1482 1176 1537 XXVI.

150 1590 227 1639 De
265 1592 563 1651 sacrifieizS,
604 1605 736 1651 quae
774 1594 943 1641 saneti
981 1592 1198 1652 offerent
1235 1593 1342 1641 Deo
1381 1593 1456 1640 sie
1487 1593 1766 1654 placitura,

247 1679 344 1726 quo
383 1666 527 1714 modo
568 1667 619 1713 in
660 1666 835 1714 diebus
867 1667 1101 1727 pristinis
1126 1671 1190 1715 ‘et
1227 1668 1394 1715 annis,
1405 1665 1670 1728 prioribus

786 1741 1111 1801 placuerunt.

260 1839 438 1890 Volens
472 1848 636 1890 autem
668 1840 799 1890 Deus
833 1842 1094 1891 ostendere
1129 1843 1373 1892 civitatem
1414 1857 1553 1891 suam
1591 1847 1711 1890 tunc
1750 1842 1802 1889 in

111 1917 205 1964 ista
252 1915 611 1964 consuetudine
660 1930 760 1964 non
809 1916 1026 1965 futuram
1067 1916 1189 1966 dixit
1228 1916 1352 1965 filios
1392 1915 1509 1964 Levi
1549 1914 1800 1964 oblaturos

111 1989 295 2038 hostias
343 1991 394 2037 in
434 1990 646 2054 iustitia3
693 2004 792 2038 non
841 2005 958 2054 ergo
1005 1992 1055 2038 in
1102 1997 1304 2055 peccato
1345 2006 1400 2039 ac
1439 2005 1529 2055 per
1568 1988 1661 2038 hoc
1701 2003 1800 2036 non

110 2078 201 2127 pro
251 2069 469 2128 peccato,
547 2062 686 2112 Unde
736 2063 955 2128 intellegi
1000 2070 1164 2128 potest
1209 2067 1260 2114 in
1312 2079 1369 2113 eo
1420 2063 1550 2128 quod
1600 2069 1800 2112 secutus

112 2136 333 2185 adiunxit
373 2143 518 2201 atque
559 2138 647 2186 ait:
687 2137 754 2186 Et
784 2139 1011 2199 placebit
1049 2139 1259 2188 Domino
1292 2140 1605 2198 sacrificium
1638 2137 1801 2186 Iudae

114 2217 163 2259 et
193 2211 526 2271 Hierusalem,
566 2213 700 2260 sicut
738 2213 913 2261 diebus
947 2214 1179 2274 pristinis
1219 2218 1268 2262 et
1304 2215 1439 2262 sieut
1478 2214 1626 2261 annis
1659 2213 1798 2273 prio-

110 2285 274 2344 ribus,
315 2285 499 2333 frustra
539 2283 632 2333 sibi
671 2284 878 2334 Iudaeos
919 2286 1192 2335 secundum
1231 2286 1391 2351 legem
1429 2287 1611 2334 veteris
1651 2290 1797 2333 testa-

110 2359 263 2407 menti
315 2358 668 2407 sacrificiorum
722 2374 926 2408 suorum
973 2362 1239 2424 praeterita
1287 2367 1510 2424 tempora
1561 2358 1798 2424 polliceri.

109 2430 218 2480 Non
259 2433 386 2480 enim
428 2438 547 2480 tunc
586 2433 636 2480 in
675 2434 888 2499 iustitia,
929 2433 1014 2482 sed
1053 2435 1103 2482 in
1144 2436 1360 2498 peccatis
1399 2434 1584 2482 hostias
1625 2432 1797 2480 offere-

110 2503 249 2570 bant,
295 2504 489 2568 quando
536 2520 626 2570 pro
673 2508 890 2569 peccatis
936 2509 1201 2572 praecipue
1248 2522 1303 2555 ac
1353 2508 1582 2571 primitus
1623 2505 1796 2553 offere-

1842 931 1904 971 10

1836 1299 1896 1340 15

1834 1847 1897 1888 20

1833 2218 1893 2258 25

109 2575 241 2644 bant,
281 2593 438 2641 usque
479 2577 599 2626 adeo
640 2585 695 2627 ut
727 2579 956 2628 sacerdos
997 2582 1118 2646 ipse,
1158 2595 1306 2645 quem
1346 2579 1584 2628 debemus
1623 2579 1795 2642 utique
1828 2585 1891 2625 30

228 2704 270 2759 9)
306 2708 344 2748 1.
377 2705 439 2748 10.
475 2708 515 2759 1,
547 2708 586 2748 s.

227 2885 255 2938 4
284 2880 444 2924 iudam
474 2879 544 2934 R,·
576 2880 691 2925 Iuda
720 2894 746 2925 v
770 2883 785 2938 ΙΙ
810 2886 865 2924 24
897 2881 1012 2926 Iuda
1043 2895 1068 2925 v
