2004 3140
554 147 619 179 DE
645 144 885 179 CIVITATE
910 146 998 178 Dm
1021 145 1062 178 L.
1088 146 1212 194 xxn.
1237 145 1274 178 c.
1300 146 1353 178 19.
1683 132 1789 184 599

105 262 236 327 quod
292 261 454 309 minus
506 265 581 308 est
629 273 774 323 quam
823 257 986 324 decet,
1039 258 1170 307 unde
1212 257 1415 306 Creator
1468 259 1624 323 novit,
1678 257 1791 306 inde

102 334 438 400 supplebitur,
485 339 535 382 et
574 331 705 397 quod
745 331 856 396 plus
897 339 972 380 est
1013 347 1158 396 quam
1199 332 1363 397 decet,
1414 333 1647 381 materiae
1690 346 1790 379 ser-

105 417 211 458 vata
244 409 524 472 integritate
559 405 862 455 detrahetur.
940 404 1129 454 Coloris
1168 420 1318 470 porro
1359 407 1572 455 suavitas
1611 411 1794 470 quanta

105 484 226 547 erit,
280 480 366 530 ubi
419 482 538 530 iusti
592 478 851 544 fulgebunt
896 481 1026 528 sicut
1071 478 1143 528 sol
1181 481 1232 527 in
1280 494 1433 543 regno
1481 479 1641 528 Patris
1695 478 1792 528 sui!

105 555 240 613 Quae
282 554 476 603 claritas
516 555 567 602 in
609 552 791 602 Christi
831 568 1055 618 corpore,
1096 568 1208 601 cum
1249 555 1538 619 resurrexit,
1578 552 1637 601 ab
1678 568 1792 601 ocu·
1827 560 1852 599 5

103 629 163 678 lis
213 628 568 693 discipulorum
620 628 785 692 potius
837 626 1121 675 abscondita
1176 627 1328 675 fuisse
1381 642 1527 691 quam
1579 626 1794 675 defuisse

103 702 350 752 credenda
398 709 486 751 est.
563 700 672 749 Non
724 702 856 749 enim
903 715 1010 749 eam
1060 701 1214 748 ferret
1252 699 1497 749 humanus
1538 706 1683 764 atque
1723 701 1794 747 in·

104 777 276 826 firmus
328 782 580 841 aspectus,
629 773 823 839 quando
872 773 952 823 ille
1001 789 1027 822 a
1074 775 1176 823 suis
1223 775 1289 823 ita
1340 773 1545 823 deberet
1584 773 1796 839 adtendi,

104 857 162 900 ut
207 856 376 915 posset
415 850 627 914 agnosci.
707 847 814 906 Quo
854 849 1097 912 pertinuit
1137 850 1304 914 etiam,
1351 854 1408 896 ut
1448 848 1795 896 contrectanti-

104 924 198 973 bus
239 922 524 973 ostenderet
573 937 779 972 suorum
818 922 1080 970 vulnerum
1119 923 1397 987 cicatriceS,
1448 928 1503 971 ut
1543 923 1689 970 etiam
1730 922 1793 969 ci-
1830 930 1884 971 10

104 997 222 1047 bum
261 1004 533 1063 potumque
574 1001 820 1063 sumeret,
859 1011 958 1044 non
999 995 1345 1044 alimentorum
1385 995 1668 1061 indigentia,
1709 994 1796 1044 sed

105 1087 161 1120 ea
202 1086 297 1136 qua
330 1078 379 1120 et
410 1070 504 1119 hoc
536 1076 731 1135 poterat
769 1076 1027 1134 potestate.
1106 1068 1229 1118 Cum
1269 1076 1434 1118 autem
1474 1068 1654 1133 aliquid
1695 1083 1795 1117 non

103 1145 312 1211 videtur,
353 1147 574 1209 quamvis
607 1144 748 1210 adsit,
788 1159 814 1192 a
855 1143 1035 1207 quibus
1068 1143 1172 1204 alia,
1213 1158 1336 1207 quae
1377 1144 1563 1207 pariter
1603 1143 1796 1208 adsunt,

104 1219 356 1285 videntur,
405 1219 534 1267 sicut
579 1217 712 1267 illam
760 1217 1033 1266 claritatem
1085 1217 1293 1266 dicimus
1335 1216 1549 1266 adfuisse
1589 1231 1690 1266 non
1729 1210 1796 1265 v'i-

103 1308 233 1359 sam,
285 1308 313 1341 a
358 1291 538 1356 quibus
590 1291 682 1340 alia
730 1290 1053 1341 videbantur:
1104 1287 1314 1357 ἆορασία
1360 1289 1544 1340 Graece
1598 1290 1793 1355 dicitur,
1828 1300 1883 1340 15

104 1333 236 1431 quod
267 1367 427 1415 nostri
458 1367 758 1430 interpretes
790 1363 961 1414 Latine
995 1365 1159 1414 dicere
1193 1380 1292 1413 non
1323 1364 1542 1414 valentes
1578 1366 1628 1413 in
1668 1363 1794 1412 libro

103 1455 344 1505 geneseos
396 1441 682 1488 caecitatem
735 1441 1051 1504 interpretati
1105 1446 1233 1488 sunt.
1310 1438 1448 1487 Hanc
1497 1439 1627 1487 enim
1679 1444 1795 1487 sunt

103 1515 236 1579 passi
269 1513 563 1580 Sodomitae,
604 1512 798 1577 quando
847 1512 1150 1577 quaerebant
1190 1514 1373 1561 ostium
1411 1514 1530 1561 iusti
1570 1513 1660 1560 viri
1702 1526 1794 1560 nec

103 1594 332 1652 poterant
384 1589 622 1636 invenire.
701 1586 837 1644 Quae
885 1588 927 1635 si
979 1587 1152 1635 fuisset
1199 1588 1438 1653 caecitas,
1493 1601 1589 1649 qua
1636 1586 1689 1634 fit
1739 1592 1795 1634 ut

104 1661 225 1709 nihil
257 1662 413 1726 possit
443 1660 613 1726 videri,
653 1675 752 1708 non
785 1661 967 1709 ostium
1008 1675 1104 1724 qua
1142 1659 1538 1725 ingrederentur,
1580 1658 1666 1708 sed
1707 1659 1793 1708 du-
1828 1669 1883 1709 20

104 1750 188 1783 ces
229 1736 422 1783 itineris
462 1750 488 1782 a
528 1733 709 1798 quibus
749 1733 863 1782 inde
904 1733 1292 1798 abducerentur,
1330 1735 1658 1798 inquirerent.

252 1808 429 1857 Nescio
479 1823 576 1872 quo
624 1814 789 1856 autem
827 1807 973 1855 modo
1015 1807 1370 1856 sic-afficimur
1410 1821 1575 1855 amore
1615 1812 1794 1870 marty-

104 1897 216 1931 rum
256 1880 529 1947 beatorum,
568 1887 624 1930 ut
662 1880 869 1929 velimus
909 1882 960 1929 in
999 1880 1081 1929 illo
1122 1895 1275 1945 regno
1316 1882 1367 1929 in
1407 1895 1581 1929 eorum
1622 1895 1794 1944 corpo-

106 1954 243 2004 ribus
275 1955 441 2004 videre
474 1954 735 2004 vulnerum
781 1956 1052 2019 cicatriceS,
1093 1969 1217 2018 quae
1249 1969 1340 2018 pro
1375 1953 1556 2002 Christi
1597 1955 1794 2002 nomine

103 2028 438 2093 pertulerunt3
479 2035 529 2076 et
571 2028 778 2076 fortasse
818 2027 1106 2076 videbimus,
1182 2027 1292 2075 Non
1334 2029 1466 2075 enim
1505 2026 1791 2075 deformitas
1826 2036 1880 2076 25

105 2104 156 2150 in
196 2104 282 2168 eis,
323 2101 409 2150 sed
441 2101 651 2166 dignitas
685 2102 794 2167 erit,
834 2107 884 2149 et
924 2101 1177 2165 quaedam,
1218 2101 1438 2164 quamvis
1478 2101 1528 2148 in
1570 2114 1794 2165 corpore,

105 2191 204 2224 non
244 2177 482 2241 corporiS,
522 2175 608 2224 sed
648 2175 844 2223 virtutis
887 2173 1203 2239 pulchritudo
1244 2172 1464 2238 fulgebit.
1542 2173 1643 2222 Nec
1683 2172 1793 2221 ideo

106 2256 268 2298 tamen
303 2251 344 2298 si
376 2248 537 2312 aliqua
575 2247 873 2312 martyribus
914 2254 1161 2313 amputata
1202 2253 1252 2296 et
1291 2247 1447 2296 ablata
1488 2253 1603 2296 sunt
1643 2261 1794 2294 mem·

105 2321 219 2388 bra,
270 2324 374 2371 sine
423 2323 544 2387 ipsis
591 2321 826 2370 membris
874 2329 1022 2371 erunt
1067 2323 1118 2369 in
1165 2322 1532 2369 resurrectione
1574 2326 1791 2368 mortuo-

106 2411 233 2461 rum,
274 2395 453 2459 quibus
494 2395 680 2444 dictum
720 2402 817 2444 est:
864 2396 1083 2458 Capillus
1123 2397 1305 2457 capitis
1344 2397 1501 2444 vestri
1537 2408 1637 2442 non
1670 2408 1788 2454 per·
1823 2403 1880 2442 30

106 2471 211 2518 ibit.
289 2468 386 2517 Sed
428 2471 469 2516 si
507 2468 601 2517 boc
641 2467 835 2517 decebit
873 2470 925 2517 in
963 2468 1045 2516 illo
1085 2483 1210 2516 novo
1251 2467 1468 2531 saeculo,
1521 2473 1576 2514 ut
1614 2465 1794 2513 indicia

105 2542 434 2606 gloriosorum
483 2541 744 2590 vulnerum
794 2543 846 2589 in
895 2541 975 2589 illa
1021 2540 1268 2589 inmortali
1316 2554 1462 2587 carne
1511 2545 1794 2602 cernantur,

231 2682 278 2738 4)
303 2682 384 2726 Mt.
422 2687 490 2738 13,
522 2687 592 2727 43.
657 2685 728 2738 19)
762 2682 874 2728 Gen.
909 2687 978 2735 19,
1013 2686 1082 2724 11.
1146 2683 1218 2737 31)
1252 2681 1330 2724 Le.
1363 2685 1434 2736 21.
1470 2684 1537 2725 18.

225 2878 282 2918 20
314 2887 403 2928 quo
434 2887 460 2917 v
