2004 3140
564 170 630 202 DE
656 169 894 203 CIV1TATE
917 171 1006 202 Dm
1029 171 1070 203 L.
1096 171 1222 203 xxn.
1246 170 1285 203 c.
1313 172 1368 205 11.
1685 158 1795 211 585

113 284 377 333 momentis
426 283 555 331 enim
594 284 836 350 propriiS,
883 289 937 331 ut
976 282 1199 341 ordinem
1242 297 1387 331 suum
1427 290 1654 349 teneant,
1702 285 1799 332 sin-

116 357 226 422 gula
259 357 499 406 elementa
532 355 789 405 librantur.
866 355 994 405 Ecce
1037 356 1261 420 qualibus
1303 359 1605 421 argumentis
1647 358 1802 405 omni-

114 432 362 496 potentiae
384 430 489 491 ⁴Dei
516 429 727 479 humana
760 430 1052 479 contradicit
1084 431 1359 496 infirmitaS,
1400 446 1544 494 quam
1586 430 1807 495 possidet

116 505 316 553 vanitas
395 503 523 561 Quid
571 519 688 568 ergo
739 504 925 553 faciunt
971 505 1020 552 in
1070 519 1182 552 aere
1231 511 1428 553 terrena
1470 511 1542 554 tot
1582 519 1804 569 corpora,

121 593 234 627 cum
276 593 301 626 a
342 584 474 627 terra
515 579 578 626 sit
617 593 700 626 aer
739 574 955 626 tertius?
1029 577 1135 626 Nisi
1175 578 1329 643 forte,
1370 580 1453 642 qui
1492 593 1582 642 per
1620 578 1804 642 pluma·
1839 588 1864 627 5

121 668 232 701 rum
281 659 331 701 et
377 666 653 716 pennarum
700 651 944 700 levitatem
994 651 1190 699 donavit
1237 653 1395 700 avium
1444 653 1657 700 terrenis
1698 667 1805 700 cor-

120 725 340 791 poribuS,
380 733 435 774 ut
465 731 727 790 portentur
766 726 816 773 in
856 740 984 791 aere,
1024 724 1367 773 inmortalibus
1408 725 1548 773 sactis
1589 726 1806 790 corpori-

121 799 216 849 bus
255 799 509 848 hominum
550 814 647 847 non
688 800 872 863 poterit
911 798 1093 847 donare
1134 800 1388 859 virtutem,
1437 814 1531 862 qua
1572 801 1717 847 etiam
1756 799 1807 846 in

121 888 314 922 summo
347 873 480 922 caelo
513 871 733 921 habitare
773 872 976 921 valeant.
1054 872 1290 921 Animalia
1329 887 1524 936 quoque
1564 874 1668 937 ipsa
1709 879 1806 921 ter-

122 962 271 1012 rena,
326 962 450 1010 quae
505 946 667 995 volare
716 962 813 995 non
865 952 1096 1012 possunt,
1150 947 1199 994 in
1250 945 1427 1010 quibus
1483 953 1532 995 et
1582 946 1807 995 homines
1843 958 1897 998 10

121 1028 252 1087 sunt,
293 1022 422 1069 sicut
461 1019 552 1069 sub
594 1035 718 1084 aqua
756 1021 933 1085 pisceS,
974 1035 1097 1084 quae
1138 1027 1254 1068 sunt
1294 1035 1529 1084 aquarum
1570 1019 1809 1085 animalia,

119 1097 186 1143 ita
227 1093 319 1144 sub
359 1101 491 1143 terra
523 1096 687 1143 vivere
728 1093 1021 1143 debuerunt.
1100 1092 1199 1142 Cur
1239 1109 1356 1158 ergo
1397 1109 1494 1142 non
1536 1093 1707 1142 saltem
1748 1092 1807 1140 de

122 1168 355 1234 secundo,
394 1167 441 1216 id
478 1174 553 1216 est
585 1167 643 1217 de
677 1169 831 1234 aquiS,
872 1167 957 1216 sed
990 1168 1048 1216 de
1083 1167 1326 1216 elemento
1367 1169 1513 1216 tertio
1554 1175 1807 1216 terrenum

122 1242 296 1291 animal
339 1243 495 1307 carpit
532 1241 658 1290 hanc
698 1238 881 1290 vitam?
959 1241 1137 1307 Quare,
1177 1256 1289 1290 cum
1328 1243 1573 1306 pertineat
1613 1240 1671 1290 ad
1710 1247 1807 1289 ter-

120 1331 240 1381 ram,
280 1318 330 1364 in
372 1316 604 1380 secund0‚
646 1315 775 1379 quod
818 1330 968 1379 super
1008 1322 1190 1364 terram
1232 1322 1322 1381 est,
1362 1315 1605 1364 elemento
1645 1316 1807 1363 vivere
1843 1329 1896 1369 15

123 1392 163 1438 si
196 1397 415 1455 cogatur,
455 1391 689 1438 continuo
724 1390 993 1438 suffocatur
1026 1396 1075 1438 et
1114 1396 1171 1438 ut
1209 1390 1336 1437 vivat
1374 1391 1490 1438 vivit
1529 1391 1579 1437 in
1619 1384 1808 1437 tertio?

120 1468 193 1512 An
235 1470 368 1513 errat
398 1463 478 1512 hic
511 1462 632 1512 ordo
674 1462 1046 1528 elementorum,
1085 1462 1161 1511 vel
1199 1464 1364 1527 potius
1404 1478 1503 1511 non
1542 1464 1590 1511 in
1633 1464 1808 1511 natura

118 1553 302 1603 rerum,
344 1538 427 1586 sed
469 1539 519 1586 in
559 1538 768 1586 istorum
808 1535 1315 1600 argumentationibus
1356 1533 1555 1585 deficit?
1625 1535 1807 1586 Omitto

117 1611 301 1678 dicere,
341 1611 472 1675 quod
504 1613 599 1659 iam
639 1612 689 1658 in
730 1612 878 1659 tertio
919 1610 1110 1659 decimo
1151 1608 1276 1658 libro
1317 1610 1430 1677 dixi,
1471 1625 1614 1674 quam
1656 1608 1806 1659 multa

117 1687 279 1749 gravia
328 1691 526 1734 terrena
575 1686 674 1732 sint
720 1699 950 1750 corpora,
998 1686 1128 1732 sicut
1174 1683 1454 1750 plumbum,
1506 1691 1554 1733 et
1602 1686 1806 1733 formam
1841 1697 1899 1738 20

118 1766 282 1808 tamen
339 1757 398 1807 ab
454 1758 640 1806 artifice
705 1759 966 1823 accipiant,
1022 1771 1117 1821 qua
1179 1763 1349 1806 natare
1403 1757 1595 1807 valeant
1657 1771 1806 1822 super

119 1847 316 1898 aquam3
369 1839 418 1880 et
464 1838 520 1880 ut
568 1833 775 1896 accipiat
822 1831 1103 1895 qualitatem
1146 1845 1328 1895 corpus
1366 1830 1662 1897 humanum,
1715 1845 1808 1895 qua

118 1907 239 1955 ferri
277 1908 328 1954 in
370 1905 559 1954 caelum
601 1912 650 1954 et
689 1920 798 1953 esse
838 1906 996 1970 possit
1033 1907 1083 1953 in
1126 1904 1287 1971 cae10,
1328 1907 1653 1970 omnipotenti
1694 1906 1807 1954 arti-

118 1980 198 2028 fici
238 1975 629 2028 contradicitur?

271 2053 370 2102 lam
404 2068 518 2102 vero
553 2059 723 2100 contra
755 2051 889 2118 illud,
930 2052 1060 2116 quod
1100 2054 1194 2100 iam
1236 2052 1335 2100 dixi
1376 2053 1621 2118 superiuS,
1662 2054 1806 2102 etiam
1840 2064 1896 2104 25

118 2129 269 2176 istum
326 2125 696 2175 considerantes
752 2132 897 2190 atque
949 2131 1218 2174 tractantes
1270 2125 1641 2175 elementorum·
1679 2126 1807 2175 ordi-

119 2216 257 2266 nem,
304 2215 401 2264 quo
450 2199 724 2265 confidunt,
772 2215 869 2247 non
917 2200 1174 2248 inveniunt
1220 2201 1418 2247 omnino
1461 2200 1590 2264 quod
1631 2199 1808 2249 dicant.

124 2274 204 2323 Sic
256 2281 331 2323 est
378 2275 509 2323 enim
556 2273 672 2321 hinc
713 2288 910 2322 sursum
957 2288 1130 2322 versus
1171 2279 1303 2321 terra
1341 2275 1520 2339 prima,
1570 2289 1693 2337 aqua
1735 2289 1807 2322 se·

123 2347 307 2414 cunda,
346 2349 524 2396 tertius
571 2361 684 2413 aer,
737 2354 966 2410 quartum
1007 2346 1222 2412 caelum,
1261 2354 1317 2395 ut
1355 2362 1505 2412 super
1545 2349 1706 2396 omnia
1746 2349 1808 2396 sit

120 2423 308 2470 animae
356 2427 543 2469 natura.
621 2419 743 2468 Nam
792 2426 841 2468 et
878 2419 1168 2469 Aristoteles
1210 2421 1436 2484 quintum
1478 2435 1659 2485 corpus
1700 2435 1807 2469 eam
1839 2431 1898 2471 30

116 2494 238 2543 dixit
293 2510 401 2542 esse
457 2501 506 2542 et
544 2493 681 2542 Plato
722 2493 927 2542 nullum.
1005 2493 1057 2542 Si
1099 2495 1323 2557 quintum
1366 2500 1510 2559 esset,
1551 2500 1684 2542 certe
1726 2509 1806 2542 su-

117 2570 287 2632 perius
335 2574 466 2616 esset
514 2568 716 2632 ceteris3
769 2582 881 2615 cum
921 2581 1037 2614 vero
1079 2566 1269 2614 nullum
1313 2573 1409 2631 est,
1458 2566 1611 2615 multo
1652 2568 1806 2631 magis

118 2648 319 2707 superat
358 2642 532 2690 omnia.
610 2639 664 2688 ln
716 2646 915 2688 terreno
957 2655 1073 2703 ergo
1116 2638 1232 2703 quid
1274 2639 1389 2688 facit
1429 2637 1674 2704 corpore?
1751 2639 1806 2688 In

233 2769 306 2824 19)
340 2768 385 2812 C.
421 2772 487 2811 18.

238 2904 290 2944 18
323 2900 494 2944 defecit
523 2899 589 2943 Ri
614 2901 707 2955 ¹125
740 2897 836 2942 iam
867 2897 962 2941 dixi
993 2897 1109 2952 RA,·
1141 2897 1237 2941 dixi
1268 2911 1293 2941 v
