2004 3140
201 108 308 161 632
878 117 912 150 s.
936 116 1214 151 Aususzrm
1239 104 1250 111 ’

349 231 580 282 Ceterum
606 231 690 294 qui
715 230 871 279 futuri
901 231 1000 278 sint
1029 244 1119 294 pro
1152 230 1342 278 meritis
1372 231 1705 294 praemiorum
1737 232 1882 280 etiam

199 306 380 371 gradus
419 305 664 354 honorum
712 310 857 368 atque
898 302 1190 368 gloriarum,
1242 305 1351 367 quis
1392 309 1467 352 est
1504 303 1713 352 idoneus
1753 305 1880 368 cogi·

199 388 320 446 tare,
361 386 542 443 quanto
582 379 735 442 magis
775 374 976 426 dicere?
1054 376 1194 434 Quod
1234 385 1398 425 tamen
1436 377 1592 426 futuri
1631 379 1744 443 sint,
1782 393 1881 426 non

200 460 276 502 est
321 451 680 517 ambigendum.
757 451 915 515 Atque
967 450 1016 499 id
1068 452 1214 499 etiam
1264 449 1404 498 beata
1444 449 1522 501 illa
1574 452 1743 500 civitas
1783 466 1882 500 ma-

140 537 166 576 5
199 543 350 592 gnum
388 528 439 575 in
479 541 531 575 se
571 525 755 574 bonum
787 524 984 588 videbit,
1024 525 1155 588 quod
1195 523 1316 573 nulli
1355 525 1600 588 superiori
1638 523 1766 573 ullus
1806 526 1878 573 in-

198 602 351 650 ferior
382 599 635 663 invidebit,
673 601 802 648 sicut
832 613 964 647 nunc
997 613 1096 646 non
1128 598 1347 646 invident
1379 597 1681 662 archangelis
1721 597 1881 663 angeli

201 677 375 740 ceteri3
415 681 614 738 tamque
662 672 795 721 nolet
835 687 942 721 esse
983 673 1326 736 unusquisque
1367 670 1498 735 quod
1537 686 1635 719 non
1676 673 1882 738 accepit,

200 749 420 812 quamvis
453 749 517 796 sit
546 747 884 812 pacatissimae
918 745 1209 795 concordiae
1248 745 1443 794 vinculo
1484 746 1529 793 ei
1569 746 1654 808 qui
1693 746 1883 810 accepit

199 821 483 887 obstrictus,
523 836 668 885 quam
707 835 798 868 nec
838 822 890 868 in
930 835 1137 884 corpore
1176 818 1279 869 vult
1318 818 1490 868 oculus
1531 834 1638 867 esse
1679 821 1764 882 qui
1804 826 1882 868 est

111 905 167 945 10
199 895 397 962 digitus,
437 909 550 944 cum
582 893 859 943 membrum
890 900 1158 956 utrumque
1192 894 1441 942 contineat
1470 894 1624 942 totius
1657 894 1882 957 corporis

197 976 367 1034 pacata
399 983 648 1033 compago.
727 967 807 1016 Sic
839 969 1003 1031 itaque
1036 966 1235 1015 habebit
1274 967 1458 1015 donum
1497 965 1619 1015 alius
1659 965 1751 1014 alio
1792 967 1878 1015 mi-

197 1058 315 1109 nuS,
352 1049 410 1091 ut
447 1042 540 1090 hoc
581 1056 777 1105 quoque
817 1041 1000 1090 donum
1041 1040 1238 1106 habeat,
1277 1055 1339 1089 ne
1378 1040 1493 1088 velit
1533 1039 1754 1104 amplius.

345 1115 447 1165 Nec
479 1115 590 1164 ideo
622 1114 833 1164 liberum
873 1114 1133 1163 arbitrium
1172 1130 1271 1163 non
1311 1112 1576 1180 habebunt,
1617 1115 1730 1177 quia
1767 1128 1882 1178 pec-

198 1197 304 1239 cata
344 1205 428 1239 eos
469 1189 712 1238 delectare
752 1203 851 1239 non
889 1195 1138 1253 poterunt.
1215 1188 1366 1252 Magis
1407 1189 1588 1252 quippe
1629 1188 1724 1236 erit
1761 1187 1880 1236 libe-

111 1272 164 1313 15
196 1279 309 1313 rum
349 1279 375 1312 a
415 1263 736 1313 delectatione
785 1262 1022 1327 peccandi
1068 1277 1226 1326 usque
1268 1261 1326 1310 ad
1367 1261 1742 1315 delectationem
1782 1276 1882 1310 non

196 1337 434 1402 peccandi
472 1335 868 1386 indeclinabilem
907 1335 1184 1384 liberatum.
1256 1335 1377 1383 Nam
1416 1336 1631 1399 primum
1669 1333 1882 1384 liberum

197 1410 472 1476 arbitrium,
513 1410 642 1474 quod
682 1409 870 1458 homini
909 1408 1077 1458 datum
1116 1416 1212 1469 est,
1253 1408 1447 1472 quando
1486 1410 1645 1472 primo
1687 1414 1883 1457 creatus

198 1491 273 1533 est
304 1491 487 1550 rectus,
525 1485 687 1548 potuit
719 1498 817 1531 non
850 1498 1073 1548 peccare,
1113 1482 1198 1531 sed
1229 1484 1392 1547 potuit
1430 1491 1479 1531 et
1517 1488 1749 1548 peccare3‘
1786 1481 1882 1531 hoc

198 1565 362 1607 autem
417 1559 738 1606 novissimum
789 1571 846 1605 eo
901 1558 1153 1621 potentius
1210 1558 1327 1622 erit,
1383 1570 1479 1620 quo
1526 1570 1734 1620 peccare
1782 1571 1882 1604 non

111 1641 167 1682 20
198 1634 402 1697 poterit3
444 1646 615 1680 verum
662 1630 755 1678 hoc
797 1645 993 1694 quoque
1034 1629 1122 1678 Dei
1161 1644 1391 1694 munere,
1431 1644 1529 1677 non
1570 1644 1686 1678 suae
1726 1631 1883 1693 possi-

196 1704 383 1754 bilitate
424 1711 643 1754 naturae.
720 1703 863 1752 Aliud
905 1710 980 1752 est
1018 1705 1149 1752 enim
1189 1718 1298 1752 esse
1337 1702 1516 1768 Deum,
1563 1702 1691 1752 aliud
1732 1704 1882 1767 parti-

197 1780 355 1843 cipem
404 1778 507 1827 Dei.
585 1777 716 1826 Deus
767 1784 942 1826 natura
996 1791 1204 1842 peccare
1251 1792 1350 1826 non
1395 1782 1584 1842 potest3
1633 1778 1884 1840 particeps

195 1867 311 1900 vero
352 1852 440 1900 Dei
480 1851 538 1900 ab
571 1851 653 1900 illo
686 1852 891 1915 accepit,
929 1857 985 1899 ut
1023 1865 1230 1915 peccare
1271 1865 1371 1899 non
1408 1851 1579 1914 possit.
1644 1849 1883 1899 Servandi

196 1931 360 1975 autem
410 1926 591 1990 gradus
638 1931 778 1974 erant
825 1924 975 1972 divini
1021 1926 1267 1989 muneriS,
1322 1931 1377 1973 ut
1424 1925 1639 1988 primum
1679 1923 1883 1972 daretur

107 2007 163 2048 25
195 1999 407 2048 liberum
447 1998 727 2064 arbitrium,
776 2013 872 2062 quo
920 2013 1019 2046 non
1058 2013 1263 2062 peccare
1303 1998 1449 2045 homo
1489 2003 1680 2063 posset,
1719 1998 1879 2045 novis-

196 2074 391 2139 simum,
430 2088 528 2137 quo
560 2087 766 2136 peccare
800 2086 899 2120 non
930 2078 1119 2136 posset,
1160 2078 1307 2135 atque
1337 2070 1457 2119 illud
1497 2070 1555 2118 ad
1596 2084 1880 2134 comparan-

196 2146 314 2194 dum
353 2147 607 2211 meritum,
653 2145 747 2194 hoc
795 2144 854 2193 ad
901 2145 1240 2209 recipiendum
1277 2145 1552 2208 praemium
1590 2145 1880 2208 pertineret.

198 2218 295 2267 Sed
329 2221 443 2283 quia
474 2220 694 2283 peccavit
724 2219 818 2267 ista
851 2225 1024 2266 natura
1058 2233 1169 2266 cum
1209 2233 1415 2282 peccare
1455 2218 1629 2282 potuit,
1668 2216 1880 2280 largiore

197 2294 351 2356 gratia
390 2291 643 2357 liberatur,
682 2297 738 2340 ut
777 2290 834 2339 ad
876 2306 982 2339 eam
1020 2291 1322 2355 perducatur
1361 2290 1653 2354 libertatem,
1691 2291 1743 2338 in
1785 2304 1880 2354 qua

107 2375 164 2414 30
197 2381 403 2430 peccare
452 2381 549 2414 non
596 2367 766 2429 possit.
846 2363 984 2413 Sicut
1031 2366 1162 2412 enim
1206 2365 1363 2428 prima
1410 2363 1733 2412 inmortalitas
1773 2363 1881 2428 fuit,

196 2454 342 2503 quam
379 2439 628 2503 peccando
663 2438 813 2486 Adam
845 2437 1071 2504 perdidit,
1111 2453 1255 2502 posse
1297 2453 1395 2485 non
1435 2438 1575 2502 mori,
1615 2438 1879 2484 novissima

196 2514 290 2560 erit
323 2527 420 2560 non
453 2527 597 2576 posse
635 2513 782 2560 mori:
822 2513 888 2559 ita
927 2513 1143 2575 primum
1182 2510 1394 2559 liberum
1433 2509 1693 2559 arbitrium
1724 2524 1877 2573 >posse

195 2600 292 2633 non
339 2601 569 2652 peccare,
619 2586 942 2633 novissimum
989 2599 1088 2633 non
1135 2600 1279 2649 posse
1325 2598 1547 2649 peccare.
1627 2582 1707 2631 Sic
1748 2584 1878 2631 enim

314 2731 339 2769 8
379 2725 677 2782 pacatissime
708 2724 779 2779 R,·
818 2725 1117 2782 pacatissimo
1158 2739 1183 2768 v
1229 2727 1244 2782 ΙΙ
1293 2729 1346 2768 10
1379 2723 1583 2781 corporis
1614 2723 1684 2776 R;
1728 2722 1882 2767 carnis
1959 2767 1963 2773 ,

193 2785 414 2886 Atqu-tm
446 2799 531 2829 nec
563 2784 630 2828 R1
669 2786 683 2841 ΙΙ
725 2789 776 2828 17
809 2783 958 2840 primo
991 2784 1062 2838 R,·
1092 2784 1293 2840 primum
1324 2797 1350 2828 v
1381 2786 1396 2840 ΙΙ
1436 2788 1490 2828 23
1524 2782 1705 2839 accepit
1734 2781 1881 2836 RA²,·
1927 2842 1937 2849 ⁶

195 2857 343 2899 acclpi
397 2857 421 2888 v
