2054 3152
263 155 368 207 150
948 166 983 199 s,
1007 165 1284 200 Auensmm

258 280 428 343 genuit
467 278 730 344 Abraham;
780 280 861 328 cui
913 293 1119 328 numero
1161 279 1337 328 additis
1378 281 1686 345 septuaginta
1726 282 1944 345 quinque

258 354 427 417 annis,
484 368 608 416 quos
665 352 838 417 agebat
892 352 1160 419 Abraham,
1216 354 1411 417 quando
1467 369 1697 419 egressus
1753 360 1828 403 est
1885 354 1946 404 de

257 425 456 492 Charra,
494 427 620 476 fiunt
659 427 774 476 anni
814 433 1014 476 centum
1053 427 1374 492 quadraginta
1414 429 1647 492 quinque.
1724 427 1818 477 Tot
1856 429 1943 492 igi-

261 506 345 548 tur
391 514 633 549 annorum
682 507 788 550 erat
833 499 1015 566 Tham,
1067 500 1260 565 quando
1307 502 1426 550 exiit
1470 501 1711 550 Abraham
1759 501 1819 551 de
1867 501 1947 550 illa

205 583 230 620 5
263 573 641 638 Mesopotamiae
693 577 910 640 civitate3
961 571 1134 639 agebat
1184 577 1315 623 enim
1372 589 1554 624 annum
1609 577 1779 624 aetatis
1831 591 1946 625 suae

265 650 715 711 septuagensimum
756 650 998 714 quintum,
1038 663 1094 697 ac
1125 663 1215 713 per
1245 648 1339 697 hoc
1370 655 1510 713 pater
1548 651 1671 714 eius,
1711 650 1794 713 qui
1834 664 1947 698 eum

264 724 661 786 septuagensimo
702 737 829 771 anno
871 738 960 770 suo
1001 728 1261 788 genuerat,
1300 721 1498 789 agebat,
1540 729 1594 771 ut
1631 723 1818 771 dictum
1858 730 1948 787 est,

264 798 623 844 centensimum
657 797 1118 861 quadragensimum
1150 802 1199 844 et
1233 797 1473 859 quintum.
1535 795 1644 844 Non
1677 811 1793 861 ergo
1833 796 1946 844 inde

261 875 374 933 post
413 876 623 918 mortem
662 872 838 936 patriS‚
887 869 935 918 id
976 875 1052 918 est
1089 877 1202 933 post
1241 870 1482 919 ducentos
1522 871 1738 934 quinque
1779 885 1947 935 annOS‚

166 952 219 991 10
253 941 433 1006 quibus
472 949 624 1007 pater
672 946 779 993 eius
823 944 964 1008 vixit,
1013 958 1243 1007 egressus
1297 950 1393 1008 est3
1441 943 1526 992 sed
1567 958 1725 992 annus
1765 943 1823 992 de
1863 943 1946 991 illo

251 1015 358 1064 loco
413 1017 734 1081 profectionis
799 1018 935 1082 eiuS‚
996 1018 1229 1081 quoniam
1292 1018 1447 1081 ipsius
1509 1018 1939 1081 septuagensimus

252 1092 452 1154 quintus
501 1096 636 1157 erat,
684 1091 858 1156 procul
898 1089 1045 1140 dubio
1086 1092 1240 1155 patris
1282 1092 1409 1156 eiUS,
1462 1093 1546 1155 qui
1585 1105 1700 1139 eum
1741 1097 1935 1154 septua-

254 1165 474 1227 gensimo
516 1180 605 1213 suo
647 1180 773 1214 anno
814 1171 1075 1230 genuerat,
1128 1166 1462 1213 centensimus
1504 1165 1941 1228 quadragensimus

257 1239 459 1301 quintus
510 1239 662 1288 fuisse
717 1238 976 1302 colligitur.
1056 1239 1124 1286 Ac
1170 1253 1260 1302 per
1310 1237 1403 1286 hoc
1443 1237 1828 1301 intellegendum
1868 1245 1944 1286 est

165 1320 219 1359 15
254 1326 390 1359 more
443 1327 533 1360 suo
585 1314 879 1377 scripturam
921 1310 1108 1360 redisse
1159 1311 1215 1359 ad
1258 1318 1476 1377 tempus,
1528 1311 1659 1375 quod
1698 1313 1793 1360 iam
1834 1326 1943 1359 nar·
2020 1366 2022 1369 v

251 1386 377 1434 ratio
427 1385 508 1434 illa
559 1387 847 1451 transierat3
903 1386 1031 1434 sicut
1082 1386 1338 1450 superiUS,
1395 1400 1507 1434 cum
1558 1384 1683 1433 filios
1731 1384 1944 1434 filiorum

250 1457 353 1506 Noe
410 1466 867 1525 commemorasset,
906 1458 1028 1508 dixit
1086 1458 1195 1507 illos
1236 1460 1387 1507 fuisse
1428 1460 1478 1507 in
1517 1458 1699 1523 linguis
1740 1465 1789 1507 et
1827 1473 1943 1522 gen-

250 1531 383 1581 tibus
435 1535 538 1582 suis
551 1573 564 1599 ,
617 1540 666 1583 et
718 1540 882 1582 tamen
929 1539 1126 1598 postea,
1180 1534 1319 1596 quasi
1358 1532 1451 1581 hoc
1493 1534 1639 1581 etiam
1679 1533 1729 1580 in
1770 1531 1941 1580 ordine

254 1611 533 1670 temporum
568 1615 885 1672 sequeretur:
926 1607 993 1655 Et
1023 1612 1149 1667 erat,
1182 1607 1358 1672 inquit,
1390 1608 1723 1655 omnis'terra
1756 1607 1943 1654 labium

166 1690 223 1729 20
257 1695 411 1729 unum
463 1686 511 1730 et
557 1696 655 1731 vox
701 1696 805 1730 una
854 1682 1094 1730 omnibus.
1173 1679 1281 1737 Quo
1327 1679 1472 1728 modo
1513 1695 1630 1744 ergo
1672 1678 1944 1728 secundum

257 1769 370 1802 suas
410 1762 583 1819 gentes
624 1760 673 1804 et
714 1753 988 1803 secundum
1029 1769 1141 1802 suas
1181 1753 1372 1817 linguas
1413 1761 1574 1819 erant,
1621 1754 1663 1801 si
1702 1767 1799 1801 una
1839 1759 1943 1801 erat

252 1827 496 1893 omnibuS,
535 1829 631 1877 nisi
672 1829 786 1892 quia
826 1827 884 1876 ad
925 1827 1044 1876 illud
1086 1826 1217 1892 quod
1256 1828 1353 1875 iam
1393 1828 1658 1875 transierat
1695 1827 1939 1890 recapitu-

248 1900 393 1950 lando
435 1909 510 1951 est
550 1917 747 1952 reversa
795 1898 1049 1950 narratio?
1112 1900 1192 1950 Sic
1234 1916 1351 1965 ergo
1394 1907 1443 1949 et
1480 1899 1561 1949 hic
1601 1915 1714 1949 cum
1754 1898 1939 1949 dictum

251 1982 403 2025 esset:
459 1977 524 2024 Et
572 1976 789 2037 fuerunt
842 1977 948 2024 dies
1001 1975 1202 2024 Tharae
1256 1977 1307 2022 in
1366 1975 1569 2023 Charra
1623 1977 1843 2035 quinque
1895 1978 1943 2022 et

164 2058 219 2097 25
254 2051 460 2098 ducenti
497 2052 640 2110 anni,
694 2055 744 2098 et
791 2054 1018 2098 mortuus
1058 2053 1132 2097 est
1175 2047 1346 2097 Thara
1387 2050 1438 2096 in
1484 2048 1711 2106 Charra,
1763 2045 1939 2095 deinde

253 2124 499 2187 scriptura
545 2121 798 2171 redeundo
847 2121 906 2170 ad
953 2121 1024 2187 id,
1080 2121 1211 2185 quod
1256 2120 1367 2169 ideo
1414 2121 1835 2184 praetermiserat,
1886 2127 1941 2168 ut

248 2197 387 2260 prius
436 2196 496 2244 de
542 2195 703 2244 Thara
748 2194 796 2243 id
847 2194 976 2259 quod
1027 2193 1311 2242 incohatum
1362 2194 1522 2243 fuerat
1573 2193 1932 2258 compleretur:

249 2270 315 2317 Et
354 2271 507 2328 dixit,
547 2270 729 2334 inquit,
771 2269 1014 2317 Dominus
1054 2270 1126 2316 ad
1161 2268 1376 2317 Abram:
1425 2267 1530 2316 Exi
1567 2269 1629 2317 de
1668 2273 1811 2317 terra
1852 2273 1940 2315 tua

249 2349 299 2392 et
326 2348 504 2392 cetera.
551 2342 670 2391 Post
695 2357 818 2406 quae
844 2341 931 2389 Dei
956 2341 1103 2390 verba
1128 2341 1467 2405 subiungitur:
1501 2341 1565 2389 Et
1591 2343 1719 2390 exiit
1734 2341 1939 2399 Abram,

161 2426 217 2464 30
249 2431 394 2479 quem
440 2418 511 2466 ad
546 2418 744 2465 modum
792 2419 986 2464 locutus
1038 2420 1113 2463 est
1152 2417 1225 2464 ille·
1262 2416 1526 2475 Domina-5,
1575 2419 1625 2463 et
1661 2414 1788 2463 abiit
1825 2427 1939 2462 cum

250 2506 306 2541 eo
340 2491 479 2540 Loth.
556 2490 747 2539 Abram
779 2494 946 2538 autem
986 2494 1099 2537 erat
1138 2491 1358 2549 quinque
1398 2493 1446 2537 et
1483 2489 1805 2549 septuaqinta
1846 2501 1934 2535 αη-

249 2579 450 2630 norum,
497 2578 611 2613 cum
658 2565 784 2612 exiit
831 2578 895 2611 ex
941 2562 1156 2610 Charra.
1234 2562 1374 2610 Tunc
1413 2563 1578 2625 itaque
1619 2560 1803 2609 factum
1844 2567 1934 2624 est,

370 2693 441 2747 18)
475 2690 588 2735 Gen.
625 2695 700 2745 10,
740 2694 809 2732 31.
854 2689 947 2744 ρο)
981 2688 1091 2732 Gen.
1128 2694 1203 2744 11,
1248 2694 1284 2732 1.
1346 2690 1420 2743 25)
1454 2686 1565 2733 Gen.
1601 2691 1678 2743 11,
1724 2692 1794 2732 32.
1857 2688 1932 2742 28)

249 2749 362 2795 Gen.
397 2755 468 2806 12,
502 2755 540 2794 1.
603 2752 678 2804 32)
712 2746 824 2792 Gen.
860 2752 927 2801 12,
961 2752 1002 2791 4.

369 2902 394 2940 5
427 2910 536 2940 suae
568 2909 651 2941 om.
683 2895 728 2939 R
750 2897 766 2952 ΙΙ
792 2900 841 2938 11
877 2893 963 2951 ips.
997 2908 1131 2949 quon.
1167 2893 1234 2937 Re
