2004 3140
236 139 342 190 438
503 97 512 103 ι
917 147 950 181 S.
975 146 1250 182 Anoos'rm

238 265 384 312 etiam
425 260 717 327 corporibus
764 263 861 310 iam
900 259 1241 310 inmortalibus
1282 266 1503 325 regnent.
1579 259 1792 309 Proinde
1832 261 1917 309 tri-

237 337 329 385 bus
369 335 463 384 illis
511 337 651 385 annis
699 341 844 399 atque
897 333 1096 384 dimidio
1137 335 1324 383 animae
1365 336 1644 383 occisorum
1682 349 1773 398 pro
1814 334 1920 383 eius

238 411 493 476 martyriO,
540 415 589 458 et
629 424 754 474 quae
794 414 936 458 antea
975 408 1034 456 de
1076 407 1367 472 corporibus
1408 409 1658 473 exierunt,
1706 413 1755 456 et
1795 422 1919 472 quae

238 485 344 548 ipsa
376 484 637 532 novissima
672 484 1018 548 persecutione
1059 487 1174 530 sunt
1215 483 1449 548 exiturae,
1489 481 1766 546 regnabunt
1805 495 1919 530 oum

178 566 202 606 5
236 556 333 622 illo,
373 557 529 606 donec
579 557 778 606 finiatur
817 555 1020 604 mortale
1062 555 1313 604 saeculum
1351 562 1400 604 et
1439 555 1497 604 ad
1537 555 1656 604 illud
1698 569 1920 621 regnum,

236 629 321 679 ubi
354 645 486 698 mors
519 646 618 679 non
651 632 760 696 erit,
800 635 1092 679 transeatur.
1172 629 1413 687 Quocirca
1453 644 1566 678 cum
1606 628 1801 678 Christo
1843 644 1918 677 re·

235 705 490 768 gnantium
537 711 820 754 sanctorum
868 703 1035 768 plures
1075 704 1190 751 anni
1229 708 1376 752 erunt
1415 718 1559 767 quam
1601 702 1782 751 vinculi
1821 702 1918 751 dia-

235 777 333 826 boli
372 783 517 842 atque
553 777 818 843 custodiae,
860 779 971 842 quia
1011 776 1081 825 illi
1121 792 1232 826 cum
1274 791 1363 825 suo
1404 792 1519 840 rege
1559 775 1647 825 Dei
1686 776 1783 824 filio
1824 778 1919 825 iam

235 851 559 900 diabolonon
590 851 736 916 ligato
770 853 917 900 etiam
957 866 1046 915 per
1086 857 1187 899 tres
1227 850 1334 899 illos
1375 865 1527 899 annos
1567 865 1622 898 ac
1663 851 1919 899 semissem

147 935 202 974 10
237 924 525 990 regnabunt.
603 925 840 974 Remanet
872 926 1037 990 igitur,
1074 931 1143 990 ut,
1184 940 1297 973 cum
1329 924 1575 973 audimus:
1616 924 1920 973 Sacerdotes

234 1000 333 1048 Dei
384 1005 433 1048 et
483 1000 673 1048 Christi
715 1000 1005 1060 regnabunt
1049 1013 1162 1048 eum
1210 1013 1267 1047 eo
1318 1001 1450 1047 mille
1489 999 1662 1058 cmnz'S,
1719 1002 1768 1046 et
1806 1011 1919 1047 eum

228 1075 366 1132 finiti
390 1072 590 1133 fuerint
618 1075 750 1122 mille
783 1075 918 1132 anni,
959 1074 1178 1121 solvetur
1208 1077 1418 1121 satanas
1452 1074 1514 1121 de
1546 1073 1776 1121 custodia
1807 1086 1918 1131 sua,

234 1152 318 1194 aut
357 1161 455 1195 non
502 1148 643 1211 regni
688 1146 835 1195 huius
884 1152 1166 1195 sanctorum
1213 1145 1553 1210 intellegamus
1594 1160 1747 1194 annos
1786 1144 1917 1194 mille

234 1221 378 1286 liniri,
418 1220 505 1268 sed
544 1219 726 1268 vinculi
765 1219 944 1268 diaboli
985 1226 1130 1283 atque
1171 1219 1446 1285 custodiae,
1485 1225 1541 1268 ut
1580 1233 1734 1267 annos
1774 1218 1923 1285 mille,

149 1302 201 1342 15
235 1293 283 1342 id
339 1299 415 1342 est
465 1309 617 1342 annos
673 1309 843 1342 omnes
898 1308 1039 1358 suoS,
1096 1308 1318 1357 quaeque
1370 1308 1484 1357 pars
1539 1291 1713 1341 habeat
1764 1292 1920 1340 diver-

237 1368 304 1415 sis
337 1382 392 1415 ac
425 1369 640 1432 propriis
673 1365 1034 1431 prolixitatibus
1069 1367 1322 1431 finiendos,
1362 1366 1595 1430 ampliore
1637 1371 1921 1415 sanctorum

235 1455 402 1506 regnO,
442 1439 666 1489 breviore
708 1439 886 1488 diaboli
927 1439 1144 1506 vinculo;
1185 1446 1268 1489 aut
1309 1446 1457 1505 certe,
1499 1441 1730 1504 quoniam
1770 1441 1920 1488 trium

235 1528 477 1562 annorum
517 1521 564 1563 et
604 1529 688 1562 sex
730 1529 956 1562 mensum
1003 1513 1348 1562 brevissimum
1388 1515 1599 1578 spatium
1640 1519 1736 1578 est,
1788 1528 1918 1562 com-

234 1588 397 1650 putari
435 1587 651 1636 noluisse
703 1587 955 1653 credatur,
1003 1588 1103 1635 sive
1145 1587 1276 1652 quod
1315 1589 1478 1636 minus
1518 1593 1712 1636 satanae
1752 1588 1918 1635 vincu-

143 1667 199 1706 20
233 1659 350 1726 lum,
390 1662 489 1709 sive
525 1661 655 1724 quod
689 1660 895 1726 amplius
927 1660 1121 1710 videtur
1154 1676 1361 1726 regnum
1400 1660 1580 1710 habere
1622 1666 1919 1726 sanctorum,

234 1735 362 1782 siout
395 1734 453 1782 de
488 1734 859 1799 quadringentis
892 1736 1031 1783 annis
1070 1736 1121 1783 in
1162 1742 1298 1784 sexto
1339 1734 1529 1784 decimo
1568 1734 1715 1783 huius
1755 1735 1918 1798 operis

233 1806 478 1856 volumine
519 1808 785 1874 disputavi3
827 1810 1059 1872 quoniam
1098 1809 1209 1873 plus
1250 1808 1432 1873 aliquid
1472 1813 1627 1873 erant,
1667 1814 1716 1857 et
1754 1814 1918 1856 tamen

233 1880 579 1945 quadringenti
631 1888 748 1931 sunt
794 1884 1084 1947 nuncupati;
1138 1889 1188 1932 et
1238 1882 1351 1932 talia
1402 1897 1548 1947 saepe
1599 1883 1918 1946 reperiuntur

231 1955 282 2002 in
322 1953 498 2003 litteris
539 1957 707 2021 sacriS‚
748 1957 789 2004 si
829 1957 938 2020 quis
979 1956 1211 2006 advertat.

142 2136 197 2176 25
881 2126 1075 2181 CAPUT
1113 2128 1259 2182 XIV.

228 2231 305 2279 Be
344 2233 666 2281 damnatione
705 2234 896 2282 diaboli
932 2248 1045 2282 eum
1082 2237 1187 2283 suis
1226 2239 1277 2283 et
1307 2250 1404 2296 per
1442 2236 1914 2296 recapitulationem

290 2306 352 2354 de
390 2308 770 2355 resurrectione
809 2320 1059 2368 corporea
1099 2310 1317 2356 omnium
1355 2312 1667 2356 mortuorum
1707 2312 1756 2356 et
1794 2309 1856 2356 de

651 2381 840 2429 iudicio
880 2382 1085 2429 ultimae
1123 2383 1484 2430 retribucionis.

378 2480 495 2531 Post
534 2481 658 2530 hauc
707 2487 870 2531 autem
920 2485 1434 2532 commemorationem
1473 2486 1763 2533 novissimae
1802 2498 1912 2547 per-

139 2563 198 2602 30
231 2555 498 2603 secutionis
544 2554 760 2604 breviter
809 2555 1153 2620 complectitur
1204 2563 1384 2623 totum,
1433 2558 1564 2622 quod
1605 2557 1775 2607 ultimo
1814 2558 1911 2606 iam

350 2682 421 2735 12)
453 2682 597 2737 Apoc.
631 2687 701 2738 20,
735 2688 761 2727 6
794 2697 860 2737 sq.
923 2684 995 2739 22)
1031 2687 1129 2738 163,
1162 2687 1231 2727 24.

227 2817 433 2927 (43Nllz)
452 2827 557 2857 cum
602 2812 685 2858 illo
732 2827 757 2858 v
804 2815 819 2870 ΙΙ
869 2819 921 2859 13
968 2814 1106 2859 huius
1146 2829 1227 2859 om.
1268 2815 1314 2859 R
1358 2817 1373 2872 ΙΙ
1404 2789 1475 2859 '18
1515 2828 1759 2860 mensuum
1796 2813 1912 2858 R¹A

313 2887 353 2924 ‘s
