2044 3146
537 162 606 194 DE
630 159 868 194 CIVITATR
891 160 981 193 Dm
1004 160 1045 193 L.
1069 161 1214 193 xvm.
1239 161 1275 193 c.
1300 162 1398 195 5-7.
1698 148 1806 202 263

118 275 384 326 daemones
430 275 601 339 figuris
648 273 775 322 fictis
823 273 1048 322 facillime
1096 280 1306 338 possunt
1352 273 1642 323 animalibus
1691 289 1808 322 con·

117 349 416 417 cipientibus
455 347 703 397 exhibere.

801 519 997 573 CAPUT
1037 519 1131 574 VI.

125 632 233 690 Quo
271 635 521 692 reynante
567 631 708 692 apud
744 629 959 689 Aryivos
997 642 1155 688 quove
1194 630 1335 690 apud
1371 629 1607 692 Assyrios
1648 630 1804 679 Iacob

607 706 659 752 in
699 704 926 765 Aeqypto
964 704 1031 751 sit
1067 709 1307 752 mortuus
1839 714 1866 752 5

266 807 382 872 Apis
438 822 556 871 ergo
610 816 724 872 rex,
777 821 877 855 non
932 806 1309 871 Aegyptiorum,
1366 805 1451 854 sed
1499 807 1823 873 Argivorumr

117 887 343 931 mortuus
390 887 466 931 est
513 883 564 929 in
611 882 843 945 Aegypto
920 879 1050 929 Huic
1098 879 1226 928 filius
1265 880 1425 944 Argus
1474 883 1716 930 successit
1755 883 1804 929 in

118 971 341 1021 regnum,
380 971 440 1004 ex
473 957 614 1004 cuius
647 956 844 1003 nomine
887 961 935 1003 et
965 954 1083 1018 Argi
1124 961 1172 1002 et
1211 969 1272 1003 ex
1309 954 1403 1003 hoc
1437 954 1602 1019 Argivi
1641 954 1803 1019 appel-

116 1029 201 1079 lati
247 1035 384 1096 sunt;
432 1028 774 1093 superioribus
822 1034 988 1077 autem
1035 1027 1235 1091 regibus
1284 1028 1503 1077 nondum
1550 1028 1626 1076 vel
1664 1028 1803 1077 locus

116 1103 192 1152 vel
238 1118 359 1167 gens
403 1102 614 1151 habebat
660 1102 753 1150 hoc
803 1117 998 1151 nomen.
1074 1101 1180 1150 Hoc
1219 1109 1456 1166 regnante
1498 1102 1627 1166 apud
1666 1103 1802 1166 Argi·
1841 1113 1894 1152 10

116 1192 202 1225 vos
251 1184 300 1226 et
346 1176 475 1241 apud
525 1175 780 1240 Sicyonios
827 1175 1000 1240 Eram,
1052 1175 1181 1239 apud
1221 1175 1447 1240 Assyrios
1486 1191 1602 1224 vero
1644 1176 1802 1225 adhuc

115 1257 345 1300 manente
398 1249 544 1298 Baleo
600 1256 826 1299 mortuus
875 1255 950 1298 est
997 1248 1141 1298 Iacob
1189 1251 1241 1297 in
1287 1249 1505 1314 Aegypto
1562 1248 1805 1299 annorum

112 1331 316 1373 centum
356 1323 678 1388 quadraginta
717 1331 928 1389 septem,
968 1338 1082 1372 cum
1122 1325 1393 1372 moriturus
1433 1323 1559 1372 filios
1599 1339 1716 1373 suos
1756 1331 1806 1372 et

115 1405 322 1463 nepotes
370 1413 429 1447 ex
478 1397 656 1462 loseph
706 1397 1040 1447 benedixisset
1091 1396 1441 1461 Christumque
1493 1399 1802 1462 apertissime

114 1470 479 1538 prophetasset,
534 1472 703 1521 dicens
750 1474 800 1520 in
842 1470 1186 1520 benedictione
1226 1470 1396 1520 Iudae:
1452 1472 1562 1521 Non
1603 1474 1806 1532 deficiet
1839 1482 1892 1521 15

106 1549 350 1609 princeps
396 1561 462 1596 ex
509 1547 643 1595 Iuda
689 1552 738 1595 et
783 1549 891 1595 dux
930 1549 993 1595 de
1026 1545 1306 1607 femoribus
1345 1548 1475 1607 eius,
1526 1548 1686 1595 donee
1725 1561 1804 1595 ve-

113 1623 261 1669 niant
297 1633 429 1682 quae
467 1623 690 1682 reposita
728 1626 846 1669 sunt
891 1623 965 1677 e2‘,·
1011 1627 1061 1669 et
1099 1623 1204 1682 ipse
1242 1622 1528 1681 expectatio
1564 1623 1804 1680 yentium.

114 1692 368 1758 Regnante
401 1693 531 1757 Argo
572 1696 675 1742 suis
715 1696 878 1758 coepit
917 1695 990 1742 uti
1029 1692 1256 1757 frugibus
1291 1692 1494 1742 Graecia
1534 1701 1583 1743 et
1621 1693 1802 1743 habere

113 1773 308 1830 segetes
354 1769 406 1815 in
452 1767 774 1832 agricultura,
822 1766 996 1815 delatis
1043 1766 1239 1815 aliunde
1281 1767 1565 1817 seminibus,
1643 1768 1804 1832 Argus

113 1855 311 1904 quoque
353 1846 464 1905 post
503 1839 693 1889 obitum
731 1840 854 1890 deus
893 1839 1065 1890 haberi
1104 1842 1289 1906 coepit,
1341 1840 1524 1905 templo
1565 1847 1614 1889 et
1654 1843 1802 1890 sacri·
1836 1850 1893 1890 20

114 1914 238 1962 ficiis
269 1914 554 1962 honoratus,
632 1913 728 1971 Qui
766 1913 926 1963 honor
965 1929 1024 1962 eo
1065 1921 1300 1978 regnante
1343 1921 1454 1963 ante
1494 1914 1633 1963 illum
1673 1914 1802 1963 dela-

114 1993 196 2035 tus
236 1994 311 2037 est
348 1987 536 2036 homini
566 1989 755 2052 privato
797 1995 846 2037 et
884 1987 1140 2037 fulminato
1181 1987 1376 2036 cuidam
1407 1987 1702 2056 Ilomoger‚
1743 2004 1802 2038 eo

112 2060 244 2126 quod
283 2063 473 2126 primus
513 2061 571 2109 ad
611 2069 830 2111 aratrum
867 2061 1018 2111 boves
1057 2063 1289 2111 iunxerit.

782 2265 973 2319 CAPUT
1013 2265 1134 2319 VII.

121 2372 341 2430 Quorum
381 2381 558 2434 requm
591 2378 812 2435 tempore
843 2373 1022 2436 Ioseph
1064 2376 1114 2422 2⁹72
1147 2374 1374 2436 Aeqypto
1414 2372 1684 2434 desitne-tus
1722 2376 1798 2422 sit.
1834 2381 1892 2421 25

259 2475 599 2540 Regnantibus
637 2476 952 2544 Assyriorum
1001 2476 1293 2525 duodecimo
1332 2470 1577 2541 Mamytho
1618 2483 1666 2525 et
1706 2491 1796 2525 un-

111 2546 302 2598 decimo
359 2548 703 2615 Sicyoniorum
756 2549 1006 2599 Plemmeo
1061 2557 1110 2599 et
1157 2550 1300 2615 Argis
1355 2549 1513 2598 adhuc
1568 2557 1798 2599 manente

233 2677 305 2734 17)
338 2672 450 2722 Gen.
484 2681 556 2734 49,
591 2678 657 2721 10.

232 2842 285 2881 10
316 2837 416 2882 Hoc
449 2852 558 2895 ergo
581 2853 607 2881 v
630 2841 646 2895 Η
669 2844 724 2884 27
758 2839 989 2895 plemmeo
1013 2852 1102 2883 mss
1122 2835 1412 2897 (Πλημμεύς,
1438 2838 1605 2884 Euseb.
1632 2837 1800 2885 chron.

110 2895 178 2939 ed.
211 2896 419 2951 Schoene,
452 2899 646 2954 append.
680 2899 716 2940 I
725 2898 807 2954 V)‚·
837 2898 1088 2942 Plemnaeo
1120 2912 1146 2942 v
