2004 3140
142 926 198 966 10

143 1293 198 1333 15

140 1661 200 1700 20

141 2027 200 2067 25

143 2394 202 2434 30

224 133 336 185 352
694 194 699 197 ἡ
900 142 934 176 s.
959 141 1232 177 Anoos'rmx

227 259 300 306 eis
339 271 484 307 unam
526 270 712 321 veram,
760 262 949 304 ceteras
999 254 1142 304 falsas
1182 255 1408 304 ostendat
1447 270 1580 321 esse,
1627 257 1911 306 revertitur.

227 330 349 379 Nam
382 335 571 378 remoto
603 329 684 378 illo
717 330 965 393 tripertito
1004 343 1186 392 genere
1225 330 1350 378 vitae
1390 329 1514 378 duae
1554 335 1719 394 partes
1759 329 1908 379 huius

228 404 423 452 numeri
473 402 800 452 detrahuntur
853 409 903 451 et
960 409 1122 451 sectae
1186 404 1448 467 nonaginta
1495 417 1580 451 sex
1636 410 1909 452 remanent.

228 476 432 525 Remota
480 491 597 524 vero
653 475 928 525 differentia
976 491 1034 524 ex
1082 475 1277 540 Cynicis
1331 475 1491 525 addita
1547 476 1606 524 ad
1654 476 1911 526 dimidium

230 550 524 613 rediguntur
572 557 619 599 et
667 549 986 614 quadraginta
1034 555 1145 598 octo
1194 550 1330 598 fiunt.
1422 550 1713 599 Auferamus
1763 552 1911 599 etiam

230 624 359 688 quod
407 638 467 672 ex
507 623 808 672 Academicis
856 625 992 672 novis
1041 622 1312 671 adhibitum
1352 629 1449 672 est:
1497 639 1672 672 rursus
1713 623 1911 672 dimidia

227 712 342 762 pars
381 704 618 762 remanet,
657 698 705 745 id
746 704 820 745 est
859 698 1030 761 viginti
1070 703 1316 761 quattuor.
1394 696 1463 745 De
1504 697 1671 746 sociali
1711 712 1908 761 quoque

228 773 324 819 vita
376 770 507 834 quod
555 778 832 819 accesserat
877 770 1101 819 similiter
1153 770 1429 819 auferatur:
1485 770 1744 819 duodecim
1796 778 1913 820 sunt

229 844 474 908 reliquae,
514 859 634 907 quas
675 846 767 892 ista
807 843 1104 909 differentia,
1143 851 1199 892 ut
1238 845 1408 907 viginti
1448 851 1680 907 quattuor
1720 845 1912 910 fierent,

229 911 574 982 duplicaverat.
649 917 719 965 De
753 917 827 966 his
860 932 976 982 ergo
1009 917 1269 966 duodecim
1308 916 1429 966 nihil
1468 917 1565 966 dici
1604 924 1781 983 potest,
1820 933 1914 966 cur

231 998 392 1040 sec-tae
426 1006 524 1039 non
558 992 655 1039 sint
686 990 951 1040 habendae.
1014 990 1145 1040 Nihil
1178 992 1358 1055 quippe
1392 990 1521 1040 aliud
1560 992 1611 1039 in
1651 993 1723 1039 eis
1763 1005 1909 1055 quae·

229 1067 358 1114 ritur
405 1079 550 1128 quam
597 1065 721 1113 fines
767 1064 1011 1113 bonorum
1059 1072 1108 1113 et
1158 1064 1412 1114 malorum.
1490 1064 1706 1114 Inventis
1746 1071 1912 1114 autem

230 1137 474 1187 bonorum
506 1137 686 1187 finibus
717 1139 940 1202 profecto
981 1154 1007 1187 e
1049 1140 1298 1187 contrario
1338 1145 1454 1187 sunt
1492 1137 1747 1188 malorum,
1810 1137 1911 1187 Hae

231 1218 396 1260 autem
435 1217 491 1260 ut
529 1212 646 1260 fiant
678 1211 937 1260 duodecim
977 1218 1154 1274 sectae,
1194 1211 1274 1260 illa
1313 1218 1546 1276 quattuor
1586 1211 1913 1277 triplicantur,

233 1285 454 1350 voluptas
467 1323 480 1350 ,
522 1287 683 1350 quieS,
723 1292 989 1349 utrumque
1031 1292 1080 1334 et
1119 1286 1275 1350 prima
1316 1292 1542 1350 naturae,
1582 1301 1705 1350 quae
1744 1286 1913 1350 primi-

230 1361 373 1423 genia
404 1358 556 1407 Varro
588 1365 742 1407 vocat.
819 1358 949 1407 Haec
983 1360 1164 1423 quippe
1206 1365 1438 1422 quattuor
1477 1358 1594 1408 dum
1634 1358 1915 1423 singillatim

230 1433 402 1481 virtuti
442 1432 700 1496 aliquando
740 1431 1043 1499 subduntur,
1094 1439 1149 1481 ut
1187 1447 1287 1480 non
1327 1439 1529 1497 propter
1569 1447 1621 1481 se
1661 1435 1788 1498 ipsa,
1828 1431 1915 1482 sed

229 1512 435 1570 propter
483 1506 700 1554 officium
747 1507 942 1555 virtutis
999 1505 1272 1571 appetenda
1322 1506 1606 1571 videantur,
1654 1505 1914 1570 aliquando

232 1579 607 1645 praeferuntur,
656 1586 710 1628 ut
761 1594 859 1628 non
907 1587 1111 1644 propter
1158 1595 1211 1628 se
1250 1581 1378 1646 ipsa,
1426 1579 1512 1628 sed
1551 1587 1755 1645 propter
1795 1579 1915 1629 haec

234 1652 546 1717 adipiscenda
585 1652 660 1700 vel
693 1653 1025 1702 conservanda
1065 1656 1343 1703 necessaria
1380 1655 1537 1702 virtus
1575 1660 1793 1719 putetur,
1833 1652 1916 1702 ali-

233 1726 427 1790 quando
475 1728 771 1792 iunguntur,
819 1733 873 1776 ut
919 1735 1123 1792 propter
1171 1743 1223 1776 se
1270 1729 1378 1792 ipsa
1426 1734 1476 1776 et
1520 1728 1677 1776 virtus
1724 1733 1793 1776 et*
1822 1729 1917 1776 ista

232 1799 505 1864 appetenda
538 1799 817 1866 credantur,
858 1803 1229 1864 quaternarium
1261 1816 1523 1850 numerum
1562 1800 1767 1865 triplum
1805 1801 1915 1850 red·

233 1873 356 1922 dunt
402 1880 452 1922 et
498 1872 556 1921 ad
605 1873 864 1922 duodecim
914 1881 1073 1923 sectas
1120 1877 1428 1939 perveniunt.
1505 1873 1576 1922 Ex
1617 1874 1712 1923 illis
1752 1881 1916 1924 autem

233 1953 466 2010 quattuor
524 1945 675 1995 rebus
722 1946 875 1995 Varro
931 1954 1033 1996 tres
1082 1948 1229 2013 tollit,
1285 1948 1585 2012 voluptatem
1633 1947 1822 1997 scilicet
1868 1954 1917 1997 et

235 2021 451 2083 quietem
501 2027 550 2069 et
591 2027 878 2086 utrumque3
925 2036 1024 2069 non
1064 2021 1195 2085 quod
1236 2037 1317 2070 eas
1356 2020 1608 2087 inprobet,
1658 2021 1744 2070 sed
1785 2020 1917 2085 quod

232 2094 523 2157 primigenia
571 2093 651 2141 illa
702 2101 905 2142 naturae
962 2101 1010 2142 et
1064 2094 1362 2159 voluptatem
1412 2097 1463 2142 in
1511 2110 1563 2143 se
1610 2094 1819 2143 habeant
1866 2102 1917 2144 et

234 2167 466 2230 quietem.
545 2165 673 2223 Quid
723 2181 840 2230 ergo
891 2182 1015 2231 opus
1063 2174 1139 2216 est
1186 2183 1244 2216 ex
1290 2168 1367 2216 his
1407 2167 1596 2216 duabus
1635 2169 1729 2217 tria
1769 2183 1916 2232 quae·

233 2239 343 2287 dam
383 2239 561 2303 facere,
601 2238 698 2287 duo
729 2239 932 2305 scilicet,
972 2255 1085 2288 cum
1125 2240 1405 2304 singillatim
1444 2247 1744 2305 appetuntur
1782 2240 1915 2291 volu-

232 2319 341 2376 ptas
374 2318 457 2361 aut
489 2313 644 2378 quieS,
684 2319 733 2360 et
773 2314 975 2361 tertium
1016 2328 1129 2362 cum
1167 2313 1334 2363 ambae
1376 2314 1535 2379 simul,
1574 2314 1769 2378 quando
1810 2315 1915 2379 qui·

235 2385 344 2434 dem
394 2387 551 2450 prima
598 2393 800 2434 naturae
848 2393 897 2435 et
944 2388 1075 2451 ipsas
1123 2394 1171 2435 et
1218 2395 1415 2451 praeter
1460 2389 1592 2452 ipsas
1633 2387 1723 2436 alia
1763 2387 1915 2437 multa

234 2455 552 2508 contineant?
627 2458 695 2506 De
750 2457 912 2508 tribus
967 2475 1084 2524 ergo
1141 2462 1288 2509 sectis
1342 2463 1387 2509 ei
1441 2461 1598 2525 placet
1653 2461 1915 2526 diligenter

234 2547 344 2580 esse
383 2532 708 2599 tractandum,
747 2547 986 2597 quaenam
1026 2535 1090 2581 sit
1127 2535 1292 2598 potius
1331 2534 1566 2598 eligenda.
1635 2534 1744 2583 Non
1785 2537 1915 2584 enim

235 2621 400 2654 veram
438 2606 549 2670 plus
590 2620 735 2669 quam
775 2621 922 2655 unam
961 2621 1075 2655 vera
1115 2609 1239 2656 ratio
1280 2622 1389 2656 esse
1428 2610 1685 2673 permittit,
1724 2609 1823 2657 sive
1863 2610 1915 2658 in

355 2809 408 2846 12
427 2804 527 2847 finis
546 2804 637 2848 ΒΑ
661 2807 676 2862 11
699 2810 753 2849 21
780 2806 1033 2863 iunguntur
1049 2806 1141 2851 ΕΑ
1165 2808 1336 2865 (proqr.
1356 2821 1404 2864 12.
1430 2811 1460 2855 9
1470 2825 1485 2862 ;
1510 2809 1566 2863 ef.
1593 2811 1699 2862 348,
1723 2811 1781 2852 13
1805 2811 1919 2864 sq.);

233 2862 441 2919 iungitur
471 2877 496 2906 v
520 2865 535 2919 Η
559 2868 615 2908 28
648 2878 754 2908 cum
784 2865 905 2919 RA;
937 2866 1046 2909 dum
1076 2878 1103 2911 v
