2044 3146
585 170 651 202 DE
676 167 920 202 01v1TA'rE
943 168 1032 202 nm
1054 169 1100 203 L.
1126 168 1229 202 xv1.
1255 168 1292 201 ο.
1318 169 1372 202 43.
1720 156 1830 213 195

142 292 360 335 nostram
407 286 457 332 in
503 283 649 347 primi
695 282 1013 347 praefigurati
1060 281 1176 331 sacti
1224 283 1511 332 memoriam
1559 289 1831 351 revocaret,

140 360 254 423 quia
294 365 343 407 et
379 357 501 422 legis
539 355 648 405 illae
689 355 882 406 tabulae
922 356 1074 420 digito
1115 355 1203 405 Dei
1242 359 1457 422 scriptae
1495 357 1798 407 reseruntur.

286 432 529 481 Defuncto
561 431 739 496 Moyse·
765 429 1004 496 populum
1045 431 1175 479 rexit
1205 430 1345 481 Iesus
1376 430 1507 480 Nave
1547 437 1599 480 et
1637 433 1689 480 in
1727 438 1827 482 ter-

138 521 240 555 ram
288 506 632 570 promissionis
679 504 954 555 introduxit
1004 519 1210 568 eamque
1262 504 1447 570 populo
1499 505 1676 556 divisit.
1752 505 1828 555 Ab

133 579 210 628 his
261 578 455 628 duobus
505 578 813 628 mirabilibus
860 577 1071 628 ducibus
1118 577 1245 628 bella
1292 581 1440 628 etiam
1486 581 1822 644 prosperrime
1856 590 1883 630 5

132 657 186 702 ac
227 652 518 702 mirabiliter
563 661 700 718 gesta
747 660 885 719 sunt,
932 652 1033 702 Deo
1083 659 1393 718 contestante
1432 667 1531 701 non
1572 659 1671 702 tam
1709 669 1822 719 pro-

131 735 243 792 pter
282 729 457 777 merita
495 726 710 777 Hebraei
754 726 925 793 populi
964 741 1111 792 quam
1150 733 1357 792 propter
1394 735 1597 792 peccata
1636 742 1823 794 earum,

130 817 253 867 quae
294 800 690 868 debellabantur,
729 804 952 866 gentium
991 801 1098 850 illas
1139 802 1211 850 eis
1249 802 1536 867 provenisse
1578 802 1822 851 victorias

130 875 249 926 Post
287 877 411 925 istos
451 876 603 925 duces
642 876 832 925 iudices
871 876 1100 941 fuerunt,
1139 877 1236 924 iam
1274 877 1325 924 in
1365 882 1498 925 terra
1536 876 1821 940 promissio-

130 952 205 999 nis
244 950 426 1016 populo
466 950 743 1016 conlocato,
788 957 845 999 ut
890 951 1136 1014 inciperet
1173 951 1375 999 interim
1413 948 1555 998 reddi
1594 948 1818 999 Abrahae
1854 947 1917 1002 16

128 1025 285 1088 prima
323 1025 586 1089 promissio
632 1024 693 1073 de
744 1031 891 1089 gente
930 1039 1050 1090 una,
1095 1023 1146 1072 id
1186 1029 1263 1072 est
1299 1022 1549 1090 Hebraea,
1597 1031 1647 1073 et
1686 1031 1819 1073 terra

128 1097 378 1165 Chanaan,
425 1098 645 1147 nondum
686 1099 745 1147 de
786 1098 1014 1147 omnibus
1053 1097 1284 1162 gentibus
1324 1104 1375 1148 et
1412 1104 1518 1147 toto
1558 1097 1678 1146 orbe
1719 1104 1817 1146 ter-

126 1187 317 1238 rarum3
368 1172 499 1237 quod
549 1171 733 1221 Christi
783 1172 1021 1222 adventus
1079 1173 1130 1220 in
1183 1186 1331 1221 carne
1381 1178 1432 1220 et
1481 1182 1581 1220 non
1637 1173 1819 1221 veteris

124 1245 246 1311 legis
293 1245 690 1312 observationeS,
738 1246 824 1295 sed
872 1244 1108 1311 evangelii
1163 1245 1285 1294 fides
1333 1246 1496 1295 fuerat
1540 1245 1816 1310 impletura.

127 1318 278 1369 Cuius
324 1321 399 1369 rei
442 1321 793 1395 praefiguratio
839 1320 968 1369 facta
1014 1326 1111 1386 est,
1163 1319 1295 1385 quod
1335 1334 1435 1369 non
1474 1317 1689 1384 Moyses,
1729 1321 1815 1383 qui
1850 1326 1904 1370 15

125 1393 282 1459 legem
336 1394 519 1459 populo
574 1387 832 1460 acceperat
875 1396 926 1443 in
974 1400 1142 1442 monte
1194 1393 1334 1461 Sina,
1388 1393 1475 1443 sed
1514 1393 1815 1459 IeS11S,cui

126 1469 271 1516 etiam
321 1483 499 1517 nomen
546 1467 646 1517 Deo
694 1470 1029 1534 praecipiente
1077 1472 1321 1518 mutatum
1367 1469 1531 1517 fueiat
1579 1474 1635 1517 ut
1673 1467 1814 1517 Iesus

125 1549 398 1608 vocaretur,
437 1542 674 1607 populum
706 1544 757 1591 in
790 1550 976 1592 terram
1006 1543 1352 1607 promissionis
1382 1527 1590 1591 induxi't.
1670 1541 1814 1591 Tem-

124 1614 328 1680 poribus
368 1623 532 1665 autem
570 1616 814 1683 iudicum,
851 1618 982 1665 sicut
1020 1632 1073 1666 se
1112 1615 1360 1665 habehant
1398 1622 1448 1666 et
1483 1621 1687 1680 peccata
1726 1631 1813 1681 po

123 1688 228 1753 puli
260 1696 311 1738 et
339 1691 679 1739 misericordia
711 1690 816 1756 Dei,
855 1689 1225 1740 alternaverunt
1254 1703 1495 1755 prospera
1527 1696 1578 1739 et
1609 1690 1813 1739 adversa
1844 1701 1902 1741 20

125 1761 381 1812 bellorum.

274 1835 391 1886 Inde
424 1843 623 1886 ventum
664 1845 739 1886 est
777 1837 836 1885 ad
876 1852 1050 1901 regum
1089 1843 1331 1902 tempola,
1371 1851 1583 1900 quorum
1622 1839 1815 1902 piimus

123 1911 345 1973 regnavit
395 1909 530 1975 Saul,
586 1913 667 1960 cui
722 1910 984 1976 reprobato
1052 1918 1102 1959 et
1154 1909 1330 1959 bellica
1380 1910 1515 1959 clade
1565 1919 1814 1975 prostrato

124 1985 329 2047 eiusque
384 1986 536 2049 stirpe
591 1987 797 2051 reiecta,
851 1999 912 2034 ne
967 1984 1081 2033 inde
1129 1999 1273 2049 reges
1322 1991 1607 2050 orerentur,
1662 1984 1812 2034 David

122 2059 361 2106 successit
407 2059 457 2106 in
508 2073 742 2124 regnum,
796 2059 937 2108 cuius
985 2060 1197 2107 maxime
1245 2057 1472 2107 Christus
1518 2058 1680 2108 dictus
1729 2065 1808 2110 est
1844 2070 1898 2110 25

122 2130 264 2180 filius
340 2131 394 2180 In
443 2147 539 2195 quo
587 2133 826 2182 articulus
881 2133 1079 2196 quidam
1127 2132 1286 2181 factus
1334 2138 1410 2182 est
1458 2139 1507 2181 et
1554 2133 1813 2182 exoldium

122 2204 334 2268 quodam
373 2205 518 2263 modo
566 2208 838 2256 iuventutis
876 2205 1046 2272 populi
1087 2205 1197 2271 Dei3
1245 2207 1388 2255 cuius
1427 2209 1624 2270 generis
1664 2222 1812 2272 quae-

120 2277 233 2327 dam
273 2278 406 2328 velut
443 2271 774 2331 adulescentia
814 2280 1087 2330 ducebatur
1127 2278 1187 2328 ab
1226 2281 1335 2346 ipso
1367 2278 1611 2330 Abrabam
1650 2296 1812 2346 usque

121 2351 182 2400 ad
213 2351 344 2402 hunc
376 2351 540 2404 David.
602 2353 772 2419 Neque
806 2356 938 2403 enim
976 2355 1163 2403 frustra
1193 2352 1469 2403 Matthaeus
1508 2354 1807 2419 evangelista

122 2426 191 2474 sic
230 2428 572 2490 generationes
611 2429 1032 2494 commemoravit,
1080 2434 1138 2476 ut
1182 2427 1277 2476 hoc
1323 2429 1539 2492 primum
1577 2428 1806 2478 interval-
1839 2440 1896 2481 30

120 2497 222 2548 lum
261 2501 654 2563 quattuordecim
693 2501 1094 2566 generationibus
1134 2500 1518 2568 commendaret,
1556 2501 1616 2550 ab
1656 2501 1807 2550 Abra-

122 2571 232 2620 ham
273 2573 460 2622 scilicet
497 2590 655 2639 usque
695 2575 753 2624 ad
794 2575 957 2624 David.
1033 2573 1106 2623 Ab
1146 2574 1479 2624 adulescentia
1511 2577 1694 2641 quippe
1733 2578 1806 2625 in-

125 2646 245 2710 cipit
297 2645 440 2696 homo
494 2663 640 2713 posse
694 2664 956 2714 generare,
1009 2654 1272 2713 propterea
1322 2650 1695 2712 generationum
1746 2664 1806 2698 ex

240 2773 286 2825 2)
316 2771 458 2817 Exod.
491 2779 562 2832 31,
597 2781 666 2820 18.
729 2778 774 2832 4)
806 2777 892 2822 Ios.
927 2780 966 2820 1.
1029 2777 1105 2833 29)
1132 2775 1219 2819 Mt.
1257 2781 1294 2831 1,
1329 2781 1396 2820 17.

243 2910 297 2949 23
331 2905 406 2948 cui
446 2905 732 2963 VRAFaeffl
764 2922 854 2964 quo
885 2922 912 2952 v
935 2910 950 2965 [1
974 2913 1030 2952 24
1062 2907 1290 2953 orirentur
1319 2922 1345 2953 v

1362 2982 1446 3026 13*
