2044 3146
547 147 614 180 DE
639 144 879 180 01V11=A⁷m
903 147 992 179 nm
1016 148 1058 182 n.
1082 148 1186 181 XVI.
1211 147 1249 181 c.
1273 148 1328 181 42.
1351 147 1405 181 43.
1724 133 1828 186 193

140 263 367 312 venerint
411 260 470 310 de
518 259 705 308 semine
754 258 909 326 Esau,
956 260 1042 310 sed
1090 261 1328 325 Idumaei3
1379 274 1471 308 nec
1523 257 1830 308 Christianae

141 342 314 402 gentes
353 334 412 383 de
451 331 619 399 Iacob,
669 333 756 383 sed
795 336 961 398 potius
1000 334 1189 400 ludaei3
1236 334 1296 383 ad
1336 333 1428 383 hoc
1469 334 1600 382 enim
1639 339 1830 382 tantum

136 411 294 474 figura
342 407 516 473 valuit,
562 406 694 472 quod
744 406 932 457 dictum
978 415 1075 458 est:
1130 410 1304 458 Maior
1357 410 1544 458 serviet
1595 401 1830 473 minori).-

139 485 206 532 ita
256 483 439 531 factum
489 487 565 530 est
613 482 762 530 etiam
800 482 852 531 in
892 481 1087 532 duobus
1125 483 1237 532 filiis
1277 481 1475 547 Ioseph;
1523 496 1635 530 nam
1674 482 1830 530 maior

135 557 289 621 gessit
350 561 522 620 typum
583 555 909 621 Iudaeorum,
973 556 1366 606 Christianorum
1428 562 1594 604 autem
1656 557 1831 604 minor.
1863 564 1890 604 5

135 629 272 688 Quos
312 644 426 678 cum
465 628 783 678 benediceret
814 629 973 696 Iacob,
1017 645 1214 680 manum
1254 630 1480 678 dextram
1517 644 1709 694 ponens
1748 644 1828 677 su-

134 719 224 769 per
264 705 506 752 minorem
546 719 694 768 quem
733 702 943 753 habebat
982 705 1042 753 ad
1082 706 1350 769 sinistram,
1389 705 1640 752 sinistram
1679 717 1831 767 super

138 779 377 826 maiorem
408 792 558 842 quem
589 776 799 826 habebat
829 777 889 827 ad
922 778 1167 828 dextram:
1207 793 1352 843 grave
1387 778 1548 826 visum
1588 783 1664 825 est
1702 777 1831 841 patri

137 866 334 916 eorum,
381 858 430 900 et
469 852 723 901 admonuit
760 858 954 916 patrem
992 852 1125 901 velut
1165 854 1420 916 corrigens
1461 852 1569 899 eius
1607 865 1832 899 errorem

137 932 186 974 et
220 927 447 989 quisnam
479 940 653 974 eorum
686 932 820 974 esset
858 927 1014 975 maior
1053 926 1336 976 ostendens
1413 925 1475 974 At
1512 924 1593 973 ille
1634 931 1829 974 mutare
1866 933 1920 974 10

139 1013 314 1048 manus
353 997 532 1063 noluit,
573 998 660 1048 sed
700 999 848 1049 dixit:
897 1001 1038 1061 Seio,
1073 1003 1173 1062 fili,
1212 1003 1333 1050 seio.
1412 1000 1479 1048 Et
1516 1001 1601 1048 hie
1640 1001 1742 1048 erit
1779 1001 1832 1047 in

131 1076 389 1135 populum,
430 1079 479 1122 et
507 1075 592 1123 hie
624 1075 938 1123 exaltabitur
946 1092 965 1131 ;
1003 1077 1096 1124 sed
1119 1074 1293 1136 frater
1325 1077 1434 1122 eius
1467 1076 1637 1122 iunior
1667 1074 1833 1122 maior

139 1149 222 1196 illo
285 1149 406 1207 erit,
461 1153 509 1196 et
553 1161 722 1197 semen
776 1150 884 1197 eius
930 1150 1030 1197 erit
1076 1151 1128 1197 in
1174 1150 1542 1197 multitudinem
1589 1150 1832 1208 yentz'um.

141 1219 302 1269 Etiam
356 1219 436 1269 hic
491 1220 590 1270 duo
644 1220 725 1269 illa
778 1223 1021 1286 promissa
1076 1222 1396 1271 demonstrat.
1474 1220 1597 1269 Nam
1646 1220 1727 1269 ille
1781 1223 1834 1269 in

130 1297 398 1357 populum,
437 1296 531 1343 iste
572 1298 624 1343 in
663 1298 1032 1345 multitudinem
1067 1299 1307 1357 yentz’um.
1387 1293 1516 1353 Quid
1556 1294 1833 1343 evidentius
1868 1302 1922 1342 15

143 1383 290 1432 quam
322 1367 400 1417 his
431 1367 622 1418 duabus
652 1368 1065 1434 promissionibus
1098 1371 1344 1419 contineri
1374 1368 1612 1434 populum
1642 1367 1832 1418 Israeli-

139 1450 301 1492 tarum
354 1441 624 1507 orbemque
676 1450 926 1492 terrarum
963 1445 1015 1492 in
1054 1445 1242 1492 semine
1281 1442 1526 1508 Abrahae,
1580 1441 1718 1491 illum
1758 1457 1832 1491 se-

142 1516 361 1565 cundum
401 1531 623 1582 carnem,
662 1518 812 1566 istum
853 1517 1128 1567 secundum
1167 1514 1352 1566 fidem?

765 1675 963 1728 CAPUT
1009 1675 1204 1728 XLIII.

146 1784 222 1833 De
270 1785 575 1846 temporibus
623 1783 793 1846 Moysi
840 1789 888 1833 et
943 1784 1058 1833 Iesu
1108 1785 1246 1832 Nave
1297 1798 1360 1832 ae
1408 1783 1632 1832 iudicum
1683 1785 1836 1843 atque
1867 1790 1924 1831 20

145 1859 262 1907 inde
300 1871 492 1918 reglum,
532 1871 745 1918 quorum
785 1859 985 1918 quidem
1017 1858 1147 1907 Saul
1175 1859 1374 1919 primus
1414 1862 1500 1916 est,
1539 1857 1632 1904 sed
1668 1856 1840 1904 David

325 1934 637 1994 praecipuus
677 1937 727 1980 et
762 1937 1083 1980 sacramento
1122 1932 1339 1980 habetur
1380 1935 1427 1979 et
1465 1932 1655 1978 merito.

118 2097 122 2099 μ
293 2034 535 2084 Defuncto
583 2033 750 2101 Iacob,
797 2034 1030 2083 defuncto
1078 2035 1224 2083 etiam
1264 2032 1442 2097 Ioseph
1489 2048 1578 2097 per
1616 2032 1836 2097 reliquos

148 2116 345 2158 centum
398 2109 717 2172 quadraginta
776 2114 1010 2172 quattuor
1059 2123 1213 2156 annos
1225 2147 1240 2172 ,
1294 2106 1452 2155 donec
1503 2108 1724 2156 exiretur
1775 2107 1835 2155 de

148 2189 281 2232 terra
328 2182 556 2248 Aegypti,
621 2184 672 2231 in
729 2182 930 2231 modum
978 2181 1320 2231 incredibilem
1365 2180 1446 2229 illa
1496 2195 1617 2244 gens
1667 2182 1836 2246 crevit,
1869 2189 1924 2229 25

149 2257 296 2306 etiam
343 2258 493 2305 tantis
534 2256 712 2305 adtrita
749 2255 1205 2321 persecutionibuS,
1250 2261 1307 2304 ut
1354 2253 1565 2319 quodam
1613 2260 1835 2319 tempore

150 2331 252 2378 nati
297 2329 500 2379 masculi
549 2336 871 2395 necarentur,
922 2345 1035 2380 cum
1089 2331 1328 2379 mirantes
1373 2328 1638 2393 Aegyptios
1688 2329 1838 2377 nimia

147 2403 317 2468 populi
362 2403 492 2453 illius
539 2405 843 2453 incrementa
896 2410 1155 2452 terrerent.
1233 2402 1374 2451 Tunc
1413 2401 1605 2466 Moyses
1645 2401 1836 2451 subtra-

149 2483 258 2525 ctus
307 2477 438 2526 furto
486 2477 873 2527 trucidatoribus
920 2477 1239 2542 parvulorum
1286 2476 1345 2524 ad
1397 2475 1598 2524 domum
1636 2477 1837 2541 regiam,

151 2550 366 2614 ingentia
411 2566 502 2615 per
551 2566 665 2602 eum
711 2550 813 2600 Deo
860 2557 1206 2616 praeparante,
1253 2551 1479 2615 pervenit
1518 2550 1835 2613 nutritusque
1870 2559 1927 2598 30

270 2664 312 2715 3)
346 2662 455 2706 Gen.
491 2667 561 2717 25,
594 2669 663 2706 23.
729 2666 800 2719 13)
835 2663 946 2708 Gen.
981 2668 1052 2717 48,
1088 2667 1155 2706 19.

156 2880 166 2888 ο
203 2881 232 2924 d
272 2828 293 2865 1
337 2823 393 2866 de
441 2823 646 2878 VRAF;
686 2839 742 2869 ex
771 2839 797 2870 v
843 2827 859 2882 n
904 2829 932 2868 4
965 2824 1106 2870 etiam
1138 2837 1220 2869 om.
1270 2823 1313 2867 V
1354 2826 1370 2880 u
1415 2828 1469 2868 21
1510 2822 1618 2867 inde
1651 2822 1721 2876 F‚·
1762 2836 1837 2867 ex-

154 2895 201 2924 m
234 2894 258 2925 e
289 2896 315 2925 ‘t’

242 2972 335 2996 Atys.
359 2973 411 2996 me
437 2972 513 2999 etv.
539 2974 618 2999 DEI.
665 2967 716 2999 11.
1430 2962 1480 3000 13
