2044 3146
566 153 632 185 DE
657 151 896 185 C1VITATE
921 153 1008 184 DEI
1032 153 1073 183 L.
1099 152 1222 184 xvn.
1247 150 1283 184 c.
1309 153 1362 184 20.
1701 138 1809 190 249

126 267 186 316 de
227 266 422 316 Christo
462 272 513 314 et
552 265 782 330 ecclesia,
821 279 933 312 mox
974 272 1028 313 ut
1069 264 1239 330 suerit,
1279 265 1652 328 pronuntiatum
1694 277 1807 311 con-

126 342 286 390 suevit
323 338 542 404 intellegi
581 338 640 387 ab
681 340 775 404 eiS,
828 339 911 402 qui
952 337 1201 387 Christum
1243 339 1530 402 sapientiam
1572 337 1658 386 Dei
1699 352 1807 386 esse

125 419 391 464 noverunt:
445 413 709 475 Sapientia
763 414 1054 471 aedificavit
1099 413 1198 461 sibi
1246 414 1443 461 domum
1494 418 1543 460 et
1589 412 1813 471 suffulsit

126 491 384 538 columnas
433 493 616 550 septem
627 504 646 544 ;
701 489 972 535 immolavit
1023 501 1142 534 suas
1198 488 1447 546 victimae,
1504 488 1706 535 miscuit
1759 488 1810 534 in

126 567 349 617 cratere>
384 563 552 610 vinum
605 574 750 610 suum
802 566 850 608 et
898 562 1107 622 paravit
1160 574 1381 608 mensam
1436 574 1592 608 suam.
1673 559 1813 607 Misit
1844 565 1872 604 5

123 650 294 685 servos
347 650 463 685 suos
510 649 792 683 convocans
840 648 953 682 eum
1001 636 1270 682 excellenti
1306 635 1698 695 praedieatione
1745 635 1816 681 ad

126 714 335 758 cratera
376 711 572 758 dicens:
619 709 739 767 Quis
779 714 852 756 est
891 709 1162 769 insipiens?
1225 708 1460 755 Divertat
1489 709 1560 755 ad
1596 721 1684 755 me.
1749 707 1816 755 Et

126 784 356 845 inopibus
387 798 535 832 sensu
569 784 723 831 dimit:
775 781 959 842 Venite,
999 783 1305 830 manducate
1337 783 1399 830 de
1437 784 1558 830 meis
1591 782 1814 843 panibus

127 863 177 906 et
207 858 359 906 bibite
390 859 558 905 vinum
590 858 727 917 quod
756 858 938 904 miscui
970 856 1117 904 vobis.
1195 854 1285 903 Hic
1326 861 1460 903 certe
1502 855 1813 918 agnoscimus

126 930 216 979 Dei
267 932 582 995 sapientiam,
632 929 725 978 hoc
782 935 857 978 est
911 928 1126 977 Verbum
1177 928 1313 977 Patri
1364 935 1708 993 coaeternum,
1763 929 1812 975 in
1849 934 1907 973 10

128 1011 271 1053 utero
319 1003 541 1068 virginali
593 1003 792 1052 domum
841 1001 934 1051 sibi
981 1003 1263 1050 aedificasse
1314 1017 1494 1067 corpus
1546 1002 1815 1051 humanum

129 1085 178 1126 et
228 1078 366 1143 huic,
413 1085 660 1141 tamquam
709 1078 855 1141 capiti
897 1075 1137 1142 membra,
1187 1076 1444 1124 ecclesiam
1485 1076 1815 1140 subiunxisse,

127 1158 399 1216 martyrum
445 1153 666 1200 victimas
714 1149 1015 1216 immolasse,
1061 1165 1282 1198 mensam
1329 1151 1379 1198 in
1431 1152 1539 1198 vino
1592 1156 1640 1198 et
1679 1150 1815 1213 pani-

126 1225 220 1274 bus
259 1240 593 1290 praeparasse,
634 1223 718 1273 ubi
750 1231 952 1290 apparet
984 1225 1130 1272 etiam
1170 1223 1502 1272 sacerdotium
1543 1223 1815 1271 secundum

129 1299 352 1348 ordinem
386 1297 762 1364 Melchisedech,
800 1299 1091 1362 insipientes
1125 1305 1174 1346 et
1205 1300 1378 1362 inopes
1411 1312 1560 1346 sensu
1600 1311 1816 1362 vocasse,
1851 1301 1907 1341 15

128 1374 257 1439 quia,
297 1374 425 1421 sicut
458 1372 578 1421 dicit
610 1371 875 1437 apostolus,
916 1374 1119 1431 infirma
1158 1373 1308 1420 huius
1347 1373 1524 1420 mundi
1562 1372 1723 1432 eleqit‚
1763 1375 1820 1418 ut

128 1445 466 1508 confunderet
490 1446 666 1507 fortia.
745 1445 935 1503 Quibus
969 1452 1129 1494 tamen
1171 1446 1379 1493 infirmis
1420 1444 1550 1509 quod
1592 1445 1818 1508 sequitur

129 1520 270 1569 dicit:
324 1521 673 1581 Derelinquite
720 1522 1083 1581 insipientiam,
1138 1527 1195 1568 ut
1240 1522 1445 1578 vivatis,
1501 1524 1550 1567 et
1588 1520 1819 1579 quaerite

125 1596 477 1658 prudentiam,
528 1600 584 1643 ut
632 1595 862 1642 habeatis
909 1595 1074 1642 vitam.
1152 1592 1448 1658 Participem
1497 1599 1660 1640 autem
1712 1591 1819 1639 fieri

130 1667 523 1733 mensaeillius,
572 1669 735 1731 ipsum
776 1673 851 1715 est
890 1669 1107 1731 incipere
1148 1666 1330 1715 habere
1372 1668 1532 1714 vitam.
1610 1665 1732 1714 Nam
1770 1671 1820 1713 et
1851 1672 1911 1710 20

131 1743 182 1790 in
235 1741 327 1789 alio
375 1740 524 1801 libro,
573 1742 657 1804 qui
706 1747 908 1789 vocatur
948 1739 1280 1805 ecclesiasteS,
1327 1739 1414 1788 ubi
1462 1742 1549 1788 ait:
1598 1741 1707 1788 Non
1749 1745 1822 1788 est

134 1816 314 1863 bonum
346 1816 547 1876 homini,
587 1816 686 1862 nisi
716 1816 851 1875 quod
880 1815 1209 1862 manducabit
1240 1820 1288 1863 et
1319 1814 1464 1873 bibet,
1505 1812 1621 1876 quid
1663 1811 1819 1860 credi-

133 1887 280 1936 bilius
329 1887 493 1936 dicere
541 1887 865 1953 intellegitur,
913 1902 1059 1951 quam
1106 1887 1238 1951 quod
1286 1886 1344 1935 ad
1393 1887 1819 1951 participationem

134 1976 332 2010 mensae
363 1961 510 2010 huius
543 1963 774 2027 pertinet,
813 1976 958 2025 quam
991 1960 1220 2009 sacerdos
1259 1962 1364 2025 ipse
1396 1960 1634 2008 Mediator
1675 1965 1819 2008 testa-

133 2037 288 2084 menti
342 2036 454 2083 novi
510 2034 707 2083 exhibet
756 2034 1030 2083 secundum
1078 2035 1301 2082 ordinem
1348 2033 1709 2082 Melchisedech
1759 2032 1819 2081 de
1854 2040 1911 2079 25

134 2123 342 2173 corpore
391 2116 440 2157 et
487 2110 724 2172 sanguine
772 2105 898 2157 suo?
962 2107 1013 2156 ld
1063 2110 1195 2157 enim
1242 2108 1540 2156 sacrificium
1581 2108 1822 2156 successit

133 2181 362 2231 omnibus
411 2181 507 2230 illis
554 2182 807 2231 sacrificiis
853 2183 1035 2231 veteris
1082 2183 1390 2247 testamenti,
1439 2196 1562 2245 quae
1604 2180 1820 2229 immola-

133 2255 313 2305 bantur
351 2257 401 2303 in
441 2255 615 2304 umbra
654 2257 831 2321 futuri3
882 2263 1085 2320 propter
1125 2255 1254 2319 quod
1295 2256 1442 2303 etiam
1482 2269 1652 2303 vocem
1690 2253 1821 2302 illam

133 2331 183 2378 in
246 2329 431 2394 psalmo
487 2331 774 2378 tricensimo
830 2337 879 2378 et
934 2344 1063 2378 nono
1120 2329 1340 2377 eiusdem
1395 2328 1678 2377 Mediatoris
1732 2343 1822 2392 per

133 2403 442 2468 prophetiam
482 2402 729 2467 loquentis
776 2404 1114 2468 agnoscimus:
1163 2403 1490 2462 Sacrificium
1529 2408 1579 2451 et
1616 2403 1820 2451 oblatio-
1856 2409 1912 2448 30

133 2491 244 2526 nem
277 2479 493 2537 noluisti,
534 2491 719 2540 eorpus
751 2483 917 2526 autem
949 2475 1218 2539 perfecisti
1254 2478 1406 2534 mihi;
1446 2477 1558 2540 quia
1597 2489 1687 2539 pro
1726 2473 1822 2522 illis

135 2549 364 2598 omnibus
405 2550 659 2599 sacrificiis
699 2557 750 2599 et
788 2549 1117 2599 oblationibus
1158 2564 1340 2614 corpus
1381 2551 1487 2598 eius
1527 2548 1734 2596 offertur
1775 2554 1825 2596 et

254 2663 298 2719 9)
330 2661 464 2706 Prov.
500 2667 548 2716 9,
583 2667 606 2705 1
640 2677 737 2718 sqq.
804 2665 876 2717 17)
912 2667 949 2707 1.
984 2661 1085 2706 Cor.
1123 2666 1168 2717 1,
1202 2666 1256 2705 27
1291 2675 1356 2716 sq.
1424 2662 1493 2716 19)
1526 2660 1661 2704 Prov.
1695 2664 1746 2715 9,
1781 2664 1820 2704 6.

134 2722 210 2776 22)
241 2720 393 2765 Ecele.
426 2724 468 2776 8,
504 2725 571 2766 15.
634 2725 708 2777 31)
740 2721 812 2766 Ps.
846 2726 917 2776 39,
952 2727 990 2765 7.

258 2887 281 2925 7
316 2883 496 2925 cratera
527 2881 596 2935 R,·
628 2884 853 2926 craterem
888 2897 909 2925 υ
934 2884 950 2939 ΙΙ
974 2882 1176 2927 diuertat
1205 2880 1303 2935 R0,·
1335 2881 1436 2925 deu.
1470 2880 1568 2924 AF
1566 2880 1638 2936 εἷς
