2054 3152
243 142 345 193 148
519 130 529 133 ⁷⁷
910 151 945 184 S.
968 151 1243 186 AUGUSTm

237 265 526 330 haberetur,
573 272 621 314 et
666 266 773 329 ipse
822 262 1111 330 emigravit?
1187 264 1242 313 In
1282 263 1406 313 libro
1448 266 1577 313 enim
1620 267 1703 330 qui
1743 267 1920 316 inscri-

237 338 372 388 bitur
410 338 598 404 Iudith,
646 353 757 387 cum
808 344 1070 403 quaereret
1116 338 1431 404 HoloferneS‚
1483 338 1640 388 hostis
1679 339 1919 388 Israelita-

236 428 372 478 rum,
419 427 658 476 quaenam
709 412 790 461 illa
828 427 949 477 gens
990 419 1141 478 esset,
1189 419 1357 462 utrum
1397 411 1631 462 adversus
1672 412 1918 480 eamxbel-

235 485 435 535 landum
467 486 658 552 fuisset,
698 488 768 535 sic
801 487 847 535 ei
877 485 1133 551 respondit
1157 486 1336 535 Achior
1376 487 1474 536 dux
1506 486 1921 536 Ammanitarum:

170 569 204 609 25
236 560 429 609 Audiat
466 562 695 610 dominus
734 566 904 610 noster
942 561 1146 610 verbum
1195 563 1257 610 de
1295 574 1384 609 ore
1415 562 1573 622 pueri
1608 564 1708 620 sui,
1757 566 1805 610 et
1843 576 1921 611 re-

148 939 202 979 10

146 1307 199 1346 15

142 1779 199 1818 20

230 634 401 695 seram
455 635 548 683 tibi
600 637 861 684 veritatem
917 636 979 684 de
1031 637 1240 696 popul0,
1295 636 1384 695 qui
1431 635 1631 683 habitat
1679 638 1825 684 iuncta
1877 641 1924 683 te

234 713 522 758 montanam
561 710 717 768 hane,
766 714 815 758 et
859 722 958 757 non
1005 709 1166 757 exibit
1203 709 1519 757 mendacium
1559 710 1622 758 de
1661 722 1751 758 ore
1787 711 1926 758 servi
1953 715 1956 719 ’

235 785 323 831 tui.
410 783 552 832 Haec
599 785 731 832 enim
771 784 1044 844 proqenies
1085 784 1263 844 populi
1307 787 1381 831 est
1433 774 1822 841 Chaldaeorum,
1876 788 1926 832 et

235 860 388 905 antea
426 857 788 905 habitaverunt
825 856 1264 917 Mesopotamiam,
1311 858 1432 916 quia
1472 858 1745 905 noluerunt
1780 858 1925 916 sequi

235 932 352 979 deos
386 935 594 992 patrum
632 944 852 990 suorum,
893 931 983 990 qui
1014 928 1231 990 fuerunt
1270 931 1321 977 in
1362 934 1504 977 terra
1551 929 1921 978 Chaldaeorum

229 1005 462 1064 yloriosi,
509 1005 602 1052 sed
646 1005 1032 1053 declinaverunt
1077 1004 1140 1052 de
1185 1005 1267 1052 via
1309 1007 1582 1065 parentum
1627 1016 1834 1052 suorum
1874 1007 1924 1052 et

234 1079 583 1126 adoraverunt
620 1077 780 1126 Deum
820 1079 972 1137 caeli,
1013 1090 1158 1138 quem
1198 1081 1570 1138 commum-unt,
1611 1081 1662 1126 et
1691 1079 1920 1138 proiece-

233 1156 356 1200 runt
394 1165 476 1200 eos
516 1166 547 1199 a
583 1149 725 1211 faeie
773 1152 983 1200 deorum
1020 1165 1227 1200 suorum
1268 1156 1317 1200 et
1349 1149 1601 1211 sufferunt
1638 1150 1920 1212 Mesopota-

234 1227 385 1273 miam
439 1229 489 1273 et
542 1226 902 1274 habitaverunt
954 1226 1027 1273 ibi
1081 1226 1187 1274 dies
1241 1227 1432 1273 multos,
1526 1224 1771 1285 Dixitque
1826 1225 1923 1273 illis

234 1300 369 1347 Deus
416 1312 610 1357 eorum,
659 1303 716 1347 ut
760 1300 964 1347 exirent
1009 1299 1072 1347 de
1117 1298 1431 1348 habitatione
1476 1312 1571 1346 sua
1611 1302 1677 1347 et·
1697 1299 1833 1346 irent
1871 1299 1922 1346 in

235 1378 428 1421 terram
484 1372 753 1431 Chanaan,
806 1377 855 1420 et
902 1373 1003 1421 illie
1042 1373 1423 1431 habitaverunt,
1470 1377 1520 1420 et
1559 1377 1748 1435 cetera,
1796 1385 1919 1434 quae

234 1452 401 1495 narrat
447 1444 627 1495 Aehior
666 1445 981 1494 AmmaniteS.
1058 1444 1196 1494 Unde
1245 1445 1559 1493 manifestum
1609 1451 1684 1493 est
1722 1444 1922 1493 domum

234 1519 421 1569 Tharae
466 1520 865 1584 persecutionem
895 1533 1086 1583 passam
1119 1519 1272 1568 fuisse
1314 1534 1339 1567 a
1384 1517 1637 1567 Chaldaeis
1676 1533 1766 1582 pro
1807 1533 1921 1566 vera

214 1595 433 1659 pietate,
474 1608 570 1657 qua
608 1607 737 1642 unus
777 1599 826 1641 et
865 1607 1012 1641 verus
1052 1592 1110 1641 ab
1151 1593 1221 1641 eis
1262 1591 1514 1641 colebatur
1554 1591 1698 1640 Deus.

883 1763 1077 1818 CAPUT
1116 1764 1262 1817 XIV.

296 1874 371 1922 De
411 1875 558 1922 annis
605 1872 820 1937 Tharae‚
860 1874 949 1933 qui
987 1874 1038 1921 in
1084 1873 1285 1921 Charra
1325 1874 1459 1921 vitae
1496 1886 1621 1921 suae
1661 1876 1852 1933 tempus

958 1948 1187 2008 implevit.

381 2047 624 2097 Defuncto
672 2055 834 2097 autem
875 2048 1034 2097 Thara
1085 2050 1136 2097 in
1186 2047 1555 2113 Mesopotamia,
1603 2047 1687 2096 ubi
1741 2048 1918 2096 vixisse

233 2121 525 2187 perhibetur
564 2122 804 2170 ducentos
852 2129 901 2171 et
949 2123 1166 2186 quinque
1206 2136 1382 2188 annoS,
1430 2123 1525 2170 iam
1564 2122 1808 2186 incipiunt
1848 2123 1917 2169 in-

235 2195 388 2244 dicari
426 2195 485 2243 ad
517 2194 760 2244 Abraham
800 2196 953 2245 factae
994 2196 1347 2260 promissiones
1379 2194 1482 2260 Dei,
1522 2194 1652 2258 quod
1691 2196 1759 2243 ita
1799 2196 1918 2243 sori-

234 2274 373 2334 ptum
415 2275 510 2318 est:
551 2270 619 2317 Et
650 2268 866 2330 fuerunt
905 2272 1011 2319 dies
1049 2269 1250 2319 Tharae
1288 2271 1339 2317 in
1380 2270 1581 2317 Charra
1621 2271 1842 2329 quinque
1872 2274 1922 2317 et

236 2345 444 2392 ducenti
491 2343 638 2406 amzi·²
691 2348 740 2391 et
789 2349 1014 2392 mortuus
1065 2348 1140 2392 est
1190 2342 1361 2391 Thara
1411 2344 1461 2391 in
1515 2342 1732 2391 Charra.
1809 2340 1918 2390 Non

235 2418 306 2465 sic.
362 2422 526 2466 autem
581 2415 920 2480 accipiendum
975 2424 1075 2482 est,
1131 2418 1271 2481 quasi
1324 2431 1495 2464 omnes
1549 2415 1638 2463 hos
1691 2414 1795 2463 dies
1848 2414 1916 2463 ibi

237 2491 406 2555 egerit,
455 2489 540 2538 sed
589 2490 702 2553 quia
742 2504 912 2538 omnes
954 2489 1058 2538 dies
1097 2492 1222 2539 vitae
1263 2504 1395 2554 suae,
1435 2490 1518 2552 qui
1558 2488 1760 2537 suerunt
1801 2490 1915 2537 anni

352 2605 397 2658 2)
430 2602 476 2646 C.
511 2607 552 2657 5,
586 2606 612 2645 5
646 2616 744 2657 sqq.
807 2603 881 2657 27)
915 2600 1026 2645 Gen.
1062 2606 1130 2657 11,
1164 2606 1234 2645 32.

354 2769 382 2806 4
414 2768 454 2807 et
487 2768 540 2808 17
574 2763 813 2808 ammanit.
846 2775 957 2816 mss5
989 2761 1226 2806 ammonit.
1258 2775 1283 2805 v
1307 2764 1323 2818 Η
1347 2767 1372 2806 9
1404 2761 1740 2818 mesopotamia,
1775 2761 1837 2813 V,·
1866 2761 1916 2804 in

236 2822 575 2879 mesopotamia
597 2822 640 2865 L
663 2824 678 2879 ΙΙ
704 2827 757 2866 13
782 2821 1167 2878 mesopotamiam
1203 2819 1331 2865 VRL
1361 2822 1456 2876 (98,
1481 2822 1590 2876 26);
1621 2820 1670 2864 in
1701 2821 1811 2865 Mes.
1841 2834 1866 2864 ὐ
1899 2819 1913 2878 Η

239 2886 293 2924 27
327 2882 464 2925 thara
505 2881 548 2924 V
545 2881 683 2925 RFL
714 2894 795 2926 see.
830 2880 988 2926 Graec.
999 2897 1014 2932 ,·
1046 2894 1128 2925 om.
1161 2894 1186 2924 v
