<?xml version="1.0" encoding="UTF-8"?>
<!DOCTYPE html PUBLIC "-//W3C//DTD XHTML 1.0 Transitional//EN"
    "http://www.w3.org/TR/xhtml1/DTD/xhtml1-transitional.dtd">
<html xmlns="http://www.w3.org/1999/xhtml" xml:lang="en" lang="en">
 <head>
  <title>
</title>
<meta http-equiv="Content-Type" content="text/html;charset=utf-8" />
  <meta name='ocr-system' content='tesseract 3.04.00' />
  <meta name='ocr-capabilities' content='ocr_page ocr_carea ocr_par ocr_line ocrx_word'/>
</head>
<body>
  <div class='ocr_page' id='page_1' title='image "./decivitatedeilib02auguuoft_0402.png"; bbox 0 0 2004 3140; ppageno 0'>
   <div class='ocr_carea' id='block_1_1' title="bbox 143 949 197 987">
    <p class='ocr_par' dir='ltr' id='par_1_1' title="bbox 143 949 197 987">
     <span class='ocr_line' id='line_1_1' title="bbox 143 949 197 987; baseline 0.019 -1"><span class='ocrx_word' id='word_1_1' title='bbox 143 949 197 987; x_wconf 89' lang='lat'><strong>10</strong></span> 
     </span>
    </p>
   </div>
   <div class='ocr_carea' id='block_1_2' title="bbox 140 1688 195 1726">
    <p class='ocr_par' dir='ltr' id='par_1_2' title="bbox 140 1688 195 1726">
     <span class='ocr_line' id='line_1_2' title="bbox 140 1688 195 1726; baseline 0 0"><span class='ocrx_word' id='word_1_2' title='bbox 140 1688 195 1726; x_wconf 84' lang='lat'><strong>20</strong></span> 
     </span>
    </p>
   </div>
   <div class='ocr_carea' id='block_1_3' title="bbox 140 2055 194 2094">
    <p class='ocr_par' dir='ltr' id='par_1_3' title="bbox 140 2055 194 2094">
     <span class='ocr_line' id='line_1_3' title="bbox 140 2055 194 2094; baseline 0 0"><span class='ocrx_word' id='word_1_3' title='bbox 140 2055 194 2094; x_wconf 81' lang='lat'><strong>25</strong></span> 
     </span>
    </p>
   </div>
   <div class='ocr_carea' id='block_1_4' title="bbox 139 2424 195 2462">
    <p class='ocr_par' dir='ltr' id='par_1_4' title="bbox 139 2424 195 2462">
     <span class='ocr_line' id='line_1_4' title="bbox 139 2424 195 2462; baseline 0 0"><span class='ocrx_word' id='word_1_4' title='bbox 139 2424 195 2462; x_wconf 90' lang='lat'><strong>30</strong></span> 
     </span>
    </p>
   </div>
   <div class='ocr_carea' id='block_1_5' title="bbox 235 144 1268 197">
    <p class='ocr_par' dir='ltr' id='par_1_5' title="bbox 235 144 1268 197">
     <span class='ocr_line' id='line_1_5' title="bbox 235 144 1268 197; baseline -0.011 0"><span class='ocrx_word' id='word_1_5' title='bbox 235 144 341 197; x_wconf 82' lang='lat'><strong>398</strong></span> <span class='ocrx_word' id='word_1_6' title='bbox 930 154 966 189; x_wconf 80' lang='lat' dir='ltr'><strong>s,</strong></span> <span class='ocrx_word' id='word_1_7' title='bbox 992 153 1268 188; x_wconf 69' lang='lat' dir='ltr'><strong>Aneosmm</strong></span> 
     </span>
    </p>
   </div>
   <div class='ocr_carea' id='block_1_6' title="bbox 227 264 1949 1666">
    <p class='ocr_par' dir='ltr' id='par_1_6' title="bbox 227 264 1949 1666">
     <span class='ocr_line' id='line_1_6' title="bbox 235 264 1919 333; baseline 0 -15"><span class='ocrx_word' id='word_1_8' title='bbox 235 283 381 333; x_wconf 89' lang='lat' dir='ltr'><strong>quam</strong></span> <span class='ocrx_word' id='word_1_9' title='bbox 421 268 615 318; x_wconf 90' lang='lat' dir='ltr'><strong>oderint</strong></span> <span class='ocrx_word' id='word_1_10' title='bbox 647 264 947 317; x_wconf 73' lang='lat' dir='ltr'>Christiani?</span> <span class='ocrx_word' id='word_1_11' title='bbox 1025 267 1122 316; x_wconf 86' lang='lat' dir='ltr'><strong>Sed</strong></span> <span class='ocrx_word' id='word_1_12' title='bbox 1161 267 1292 316; x_wconf 88' lang='lat' dir='ltr'><strong>Deus</strong></span> <span class='ocrx_word' id='word_1_13' title='bbox 1332 266 1426 328; x_wconf 84' lang='lat' dir='ltr'><strong>ille,</strong></span> <span class='ocrx_word' id='word_1_14' title='bbox 1470 282 1618 331; x_wconf 91' lang='lat' dir='ltr'><strong>quem</strong></span> <span class='ocrx_word' id='word_1_15' title='bbox 1657 267 1919 318; x_wconf 69' lang='lat' dir='ltr'><strong>coluerunt</strong></span> 
     </span>
     <span class='ocr_line' id='line_1_7' title="bbox 235 340 1919 408; baseline 0.001 -17"><span class='ocrx_word' id='word_1_16' title='bbox 235 345 479 407; x_wconf 89' lang='lat' dir='ltr'><strong>sapientes</strong></span> <span class='ocrx_word' id='word_1_17' title='bbox 511 341 866 408; x_wconf 79' lang='lat' dir='ltr'><strong>Hebraeorum,</strong></span> <span class='ocrx_word' id='word_1_18' title='bbox 906 343 1056 391; x_wconf 85' lang='lat' dir='ltr'><strong>etiam</strong></span> <span class='ocrx_word' id='word_1_19' title='bbox 1087 340 1380 390; x_wconf 89' lang='lat' dir='ltr'><strong>caelestibus</strong></span> <span class='ocrx_word' id='word_1_20' title='bbox 1422 343 1604 403; x_wconf 30' lang='lat' dir='ltr'><strong>san-ctis</strong></span> <span class='ocrx_word' id='word_1_21' title='bbox 1644 342 1828 406; x_wconf 84' lang='lat' dir='ltr'>angelis</span> <span class='ocrx_word' id='word_1_22' title='bbox 1869 349 1919 392; x_wconf 85' lang='lat' dir='ltr'><strong>et</strong></span> 
     </span>
     <span class='ocr_line' id='line_1_8' title="bbox 232 415 1916 482; baseline -0.001 -16"><span class='ocrx_word' id='word_1_23' title='bbox 232 415 498 466; x_wconf 87' lang='lat' dir='ltr'><strong>virtutibus</strong></span> <span class='ocrx_word' id='word_1_24' title='bbox 549 416 663 482; x_wconf 90' lang='lat' dir='ltr'><strong>Dei,</strong></span> <span class='ocrx_word' id='word_1_25' title='bbox 719 431 843 480; x_wconf 89' lang='lat' dir='ltr'><strong>quos</strong></span> <span class='ocrx_word' id='word_1_26' title='bbox 893 415 1204 464; x_wconf 89' lang='lat' dir='ltr'><strong>beatissimos</strong></span> <span class='ocrx_word' id='word_1_27' title='bbox 1252 422 1499 480; x_wconf 82' lang='lat' dir='ltr'><strong>tamquam</strong></span> <span class='ocrx_word' id='word_1_28' title='bbox 1547 417 1678 465; x_wconf 87' lang='lat' dir='ltr'><strong>cives</strong></span> <span class='ocrx_word' id='word_1_29' title='bbox 1726 418 1776 464; x_wconf 90' lang='lat' dir='ltr'><strong>in</strong></span> <span class='ocrx_word' id='word_1_30' title='bbox 1826 415 1916 465; x_wconf 92' lang='lat' dir='ltr'><strong>hac</strong></span> 
     </span>
     <span class='ocr_line' id='line_1_9' title="bbox 234 489 1916 555; baseline -0.001 -15"><span class='ocrx_word' id='word_1_31' title='bbox 234 497 400 540; x_wconf 90' lang='lat' dir='ltr'><strong>nostra</strong></span> <span class='ocrx_word' id='word_1_32' title='bbox 431 491 829 555; x_wconf 87' lang='lat' dir='ltr'><strong>peregrinatione</strong></span> <span class='ocrx_word' id='word_1_33' title='bbox 862 489 1057 539; x_wconf 79' lang='lat' dir='ltr'><strong>mortali</strong></span> <span class='ocrx_word' id='word_1_34' title='bbox 1088 504 1382 538; x_wconf 74' lang='lat' dir='ltr'><strong>veneramur</strong></span> <span class='ocrx_word' id='word_1_35' title='bbox 1414 496 1463 539; x_wconf 88' lang='lat' dir='ltr'><strong>et</strong></span> <span class='ocrx_word' id='word_1_36' title='bbox 1495 505 1728 555; x_wconf 85' lang='lat' dir='ltr'><strong>amamus,</strong></span> <span class='ocrx_word' id='word_1_37' title='bbox 1769 492 1916 539; x_wconf 90' lang='lat' dir='ltr'><strong>sacri-</strong></span> 
     </span>
     <span class='ocr_line' id='line_1_10' title="bbox 233 563 1916 630; baseline 0 -17"><span class='ocrx_word' id='word_1_38' title='bbox 233 565 368 614; x_wconf 86' lang='lat' dir='ltr'><strong>ficari</strong></span> <span class='ocrx_word' id='word_1_39' title='bbox 413 571 545 614; x_wconf 87' lang='lat' dir='ltr'><strong>vetat</strong></span> <span class='ocrx_word' id='word_1_40' title='bbox 596 566 827 614; x_wconf 83' lang='lat' dir='ltr'><strong>intonans</strong></span> <span class='ocrx_word' id='word_1_41' title='bbox 873 566 924 613; x_wconf 91' lang='lat' dir='ltr'><strong>in</strong></span> <span class='ocrx_word' id='word_1_42' title='bbox 982 564 1087 628; x_wconf 90' lang='lat' dir='ltr'><strong>lege</strong></span> <span class='ocrx_word' id='word_1_43' title='bbox 1152 578 1262 630; x_wconf 90' lang='lat' dir='ltr'><strong>sua,</strong></span> <span class='ocrx_word' id='word_1_44' title='bbox 1317 579 1461 628; x_wconf 88' lang='lat' dir='ltr'><strong>quam</strong></span> <span class='ocrx_word' id='word_1_45' title='bbox 1513 563 1648 613; x_wconf 83' lang='lat' dir='ltr'>dedit</span> <span class='ocrx_word' id='word_1_46' title='bbox 1692 563 1916 613; x_wconf 89' lang='lat' dir='ltr'><strong>Hebraeo</strong></span> 
     </span>
     <span class='ocr_line' id='line_1_11' title="bbox 232 631 1921 705; baseline 0 -17"><span class='ocrx_word' id='word_1_47' title='bbox 232 639 414 704; x_wconf 91' lang='lat' dir='ltr'><strong>populo</strong></span> <span class='ocrx_word' id='word_1_48' title='bbox 463 654 575 705; x_wconf 82' lang='lat' dir='ltr'><strong>suc,</strong></span> <span class='ocrx_word' id='word_1_49' title='bbox 624 645 673 688; x_wconf 91' lang='lat' dir='ltr'><strong>et</strong></span> <span class='ocrx_word' id='word_1_50' title='bbox 719 638 854 687; x_wconf 88' lang='lat' dir='ltr'><strong>valde</strong></span> <span class='ocrx_word' id='word_1_51' title='bbox 902 640 1161 687; x_wconf 80' lang='lat' dir='ltr'><strong>minaciter</strong></span> <span class='ocrx_word' id='word_1_52' title='bbox 1208 631 1400 687; x_wconf 84' lang='lat' dir='ltr'><strong>dicens:</strong></span> <span class='ocrx_word' id='word_1_53' title='bbox 1456 639 1773 698; x_wconf 75' lang='lat' dir='ltr'><strong>Sacrificans</strong></span> <span class='ocrx_word' id='word_1_54' title='bbox 1821 640 1921 688; x_wconf 73' lang='lat' dir='ltr'><strong>diis</strong></span> 
     </span>
     <span class='ocr_line' id='line_1_12' title="bbox 234 711 1916 777; baseline 0 -15"><span class='ocrx_word' id='word_1_55' title='bbox 234 714 601 763; x_wconf 75' lang='lat' dir='ltr'><strong>eradicabitur.</strong></span> <span class='ocrx_word' id='word_1_56' title='bbox 679 711 742 761; x_wconf 85' lang='lat' dir='ltr'><strong>Et</strong></span> <span class='ocrx_word' id='word_1_57' title='bbox 773 727 835 760; x_wconf 90' lang='lat' dir='ltr'><strong>ne</strong></span> <span class='ocrx_word' id='word_1_58' title='bbox 869 714 1129 777; x_wconf 89' lang='lat' dir='ltr'><strong>quisquam</strong></span> <span class='ocrx_word' id='word_1_59' title='bbox 1167 718 1366 777; x_wconf 85' lang='lat' dir='ltr'><strong>putaret</strong></span> <span class='ocrx_word' id='word_1_60' title='bbox 1403 711 1723 761; x_wconf 86' lang='lat' dir='ltr'><strong>daemonibus</strong></span> <span class='ocrx_word' id='word_1_61' title='bbox 1762 715 1916 777; x_wconf 90' lang='lat' dir='ltr'><strong>pessi-</strong></span> 
     </span>
     <span class='ocr_line' id='line_1_13' title="bbox 234 786 1918 853; baseline -0.001 -18"><span class='ocrx_word' id='word_1_62' title='bbox 234 789 326 836; x_wconf 88' lang='lat' dir='ltr'><strong>mis</strong></span> <span class='ocrx_word' id='word_1_63' title='bbox 381 788 694 851; x_wconf 87' lang='lat' dir='ltr'><strong>terrenisque</strong></span> <span class='ocrx_word' id='word_1_64' title='bbox 746 786 1028 853; x_wconf 89' lang='lat' dir='ltr'><strong>spiritibus,</strong></span> <span class='ocrx_word' id='word_1_65' title='bbox 1083 801 1208 850; x_wconf 90' lang='lat' dir='ltr'><strong>quos</strong></span> <span class='ocrx_word' id='word_1_66' title='bbox 1255 787 1347 835; x_wconf 78' lang='lat' dir='ltr'><strong>iste</strong></span> <span class='ocrx_word' id='word_1_67' title='bbox 1399 786 1518 835; x_wconf 86' lang='lat' dir='ltr'><strong>dicit</strong></span> <span class='ocrx_word' id='word_1_68' title='bbox 1564 787 1793 835; x_wconf 89' lang='lat' dir='ltr'><strong>minimos</strong></span> <span class='ocrx_word' id='word_1_69' title='bbox 1842 786 1918 835; x_wconf 85' lang='lat' dir='ltr'><strong>vel</strong></span> 
     </span>
     <span class='ocr_line' id='line_1_14' title="bbox 232 854 1918 928; baseline -0.001 -18"><span class='ocrx_word' id='word_1_70' title='bbox 232 862 466 928; x_wconf 83' lang='lat' dir='ltr'><strong>minoreS,</strong></span> <span class='ocrx_word' id='word_1_71' title='bbox 506 876 567 910; x_wconf 91' lang='lat' dir='ltr'><strong>ne</strong></span> <span class='ocrx_word' id='word_1_72' title='bbox 610 861 916 909; x_wconf 88' lang='lat' dir='ltr'><strong>sacrificetur</strong></span> <span class='ocrx_word' id='word_1_73' title='bbox 956 876 1065 910; x_wconf 90' lang='lat' dir='ltr'><strong>esse</strong></span> <span class='ocrx_word' id='word_1_74' title='bbox 1105 867 1425 925; x_wconf 84' lang='lat' dir='ltr'><strong>praeceptum</strong></span> <span class='ocrx_word' id='word_1_75' title='bbox 1467 854 1606 927; x_wconf 89' lang='lat' dir='ltr'><strong>(quia</strong></span> <span class='ocrx_word' id='word_1_76' title='bbox 1646 867 1696 909; x_wconf 86' lang='lat' dir='ltr'><strong>et</strong></span> <span class='ocrx_word' id='word_1_77' title='bbox 1733 862 1829 925; x_wconf 88' lang='lat' dir='ltr'><strong>ipsi</strong></span> <span class='ocrx_word' id='word_1_78' title='bbox 1866 862 1918 909; x_wconf 92' lang='lat' dir='ltr'><strong>in</strong></span> 
     </span>
     <span class='ocr_line' id='line_1_15' title="bbox 231 933 1916 1000; baseline -0.001 -16"><span class='ocrx_word' id='word_1_79' title='bbox 231 936 493 1000; x_wconf 88' lang='lat' dir='ltr'><strong>scripturis</strong></span> <span class='ocrx_word' id='word_1_80' title='bbox 545 936 726 983; x_wconf 88' lang='lat' dir='ltr'><strong>sanctis</strong></span> <span class='ocrx_word' id='word_1_81' title='bbox 775 934 893 983; x_wconf 87' lang='lat' dir='ltr'><strong>dicti</strong></span> <span class='ocrx_word' id='word_1_82' title='bbox 949 941 1066 984; x_wconf 90' lang='lat' dir='ltr'><strong>sunt</strong></span> <span class='ocrx_word' id='word_1_83' title='bbox 1112 934 1206 1000; x_wconf 86' lang='lat' dir='ltr'><strong>dii,</strong></span> <span class='ocrx_word' id='word_1_84' title='bbox 1259 949 1358 983; x_wconf 92' lang='lat' dir='ltr'><strong>non</strong></span> <span class='ocrx_word' id='word_1_85' title='bbox 1409 933 1773 995; x_wconf 87' lang='lat' dir='ltr'><strong>Hebraeorum,</strong></span> <span class='ocrx_word' id='word_1_86' title='bbox 1829 935 1916 983; x_wconf 84' lang='lat' dir='ltr'><strong>sed</strong></span> 
     </span>
     <span class='ocr_line' id='line_1_16' title="bbox 229 1008 1918 1075; baseline -0.001 -17"><span class='ocrx_word' id='word_1_87' title='bbox 229 1011 471 1075; x_wconf 82' lang='lat' dir='ltr'><strong>gentium3</strong></span> <span class='ocrx_word' id='word_1_88' title='bbox 512 1008 644 1074; x_wconf 90' lang='lat' dir='ltr'><strong>quod</strong></span> <span class='ocrx_word' id='word_1_89' title='bbox 677 1008 929 1058; x_wconf 88' lang='lat' dir='ltr'><strong>evidenter</strong></span> <span class='ocrx_word' id='word_1_90' title='bbox 960 1011 1010 1058; x_wconf 94' lang='lat' dir='ltr'><strong>in</strong></span> <span class='ocrx_word' id='word_1_91' title='bbox 1043 1008 1230 1073; x_wconf 90' lang='lat' dir='ltr'><strong>psalmo</strong></span> <span class='ocrx_word' id='word_1_92' title='bbox 1271 1011 1580 1073; x_wconf 80' lang='lat' dir='ltr'><strong>septuaginta</strong></span> <span class='ocrx_word' id='word_1_93' title='bbox 1618 1010 1918 1074; x_wconf 78' lang='lat' dir='ltr'><strong>interpretes</strong></span> 
     </span>
     <span class='ocr_line' id='line_1_17' title="bbox 227 1083 1915 1150; baseline 0 -18"><span class='ocrx_word' id='word_1_94' title='bbox 227 1090 518 1150; x_wconf 86' lang='lat' dir='ltr'><strong>posuerunt,</strong></span> <span class='ocrx_word' id='word_1_95' title='bbox 558 1083 800 1132; x_wconf 86' lang='lat' dir='ltr'><strong>dicentes:</strong></span> <span class='ocrx_word' id='word_1_96' title='bbox 849 1084 1095 1142; x_wconf 73' lang='lat' dir='ltr'><strong>Quoniam</strong></span> <span class='ocrx_word' id='word_1_97' title='bbox 1135 1097 1303 1133; x_wconf 79' lang='lat' dir='ltr'><strong>omnes</strong></span> <span class='ocrx_word' id='word_1_98' title='bbox 1343 1085 1419 1132; x_wconf 71' lang='lat' dir='ltr'><strong>dii</strong></span> <span class='ocrx_word' id='word_1_99' title='bbox 1451 1085 1677 1144; x_wconf 69' lang='lat' dir='ltr'><strong>qentium</strong></span> <span class='ocrx_word' id='word_1_100' title='bbox 1718 1085 1915 1132; x_wconf 84' lang='lat' dir='ltr'><strong>daemo-</strong></span> 
     </span>
     <span class='ocr_line' id='line_1_18' title="bbox 229 1153 1918 1223; baseline -0.001 -16"><span class='ocrx_word' id='word_1_101' title='bbox 229 1153 365 1223; x_wconf 79' lang='lat' dir='ltr'><strong>nia),</strong></span> <span class='ocrx_word' id='word_1_102' title='bbox 419 1185 482 1191; x_wconf 93' lang='lat'>—</span> <span class='ocrx_word' id='word_1_103' title='bbox 534 1172 596 1205; x_wconf 91' lang='lat' dir='ltr'><strong>ne</strong></span> <span class='ocrx_word' id='word_1_104' title='bbox 654 1158 764 1221; x_wconf 89' lang='lat' dir='ltr'><strong>quis</strong></span> <span class='ocrx_word' id='word_1_105' title='bbox 812 1172 930 1222; x_wconf 88' lang='lat' dir='ltr'><strong>ergo</strong></span> <span class='ocrx_word' id='word_1_106' title='bbox 984 1163 1183 1222; x_wconf 90' lang='lat' dir='ltr'><strong>putaret</strong></span> <span class='ocrx_word' id='word_1_107' title='bbox 1237 1158 1345 1206; x_wconf 88' lang='lat' dir='ltr'><strong>istis</strong></span> <span class='ocrx_word' id='word_1_108' title='bbox 1401 1157 1602 1221; x_wconf 90' lang='lat' dir='ltr'><strong>quidem</strong></span> <span class='ocrx_word' id='word_1_109' title='bbox 1648 1156 1918 1218; x_wconf 84' lang='lat' dir='ltr'><strong>daemoniis</strong></span> 
     </span>
     <span class='ocr_line' id='line_1_19' title="bbox 228 1230 1916 1298; baseline 0 -19"><span class='ocrx_word' id='word_1_110' title='bbox 228 1231 559 1298; x_wconf 88' lang='lat' dir='ltr'><strong>prohibitum,</strong></span> <span class='ocrx_word' id='word_1_111' title='bbox 607 1230 902 1280; x_wconf 85' lang='lat' dir='ltr'><strong>caelestibus</strong></span> <span class='ocrx_word' id='word_1_112' title='bbox 950 1238 1114 1281; x_wconf 91' lang='lat' dir='ltr'><strong>autem</strong></span> <span class='ocrx_word' id='word_1_113' title='bbox 1162 1231 1237 1280; x_wconf 90' lang='lat' dir='ltr'><strong>vel</strong></span> <span class='ocrx_word' id='word_1_114' title='bbox 1287 1230 1516 1280; x_wconf 90' lang='lat' dir='ltr'><strong>omnibus</strong></span> <span class='ocrx_word' id='word_1_115' title='bbox 1557 1230 1632 1280; x_wconf 90' lang='lat' dir='ltr'><strong>vel</strong></span> <span class='ocrx_word' id='word_1_116' title='bbox 1671 1230 1916 1296; x_wconf 88' lang='lat' dir='ltr'><strong>aliquibus</strong></span> 
     </span>
     <span class='ocr_line' id='line_1_20' title="bbox 230 1305 1918 1371; baseline -0.001 -17"><span class='ocrx_word' id='word_1_117' title='bbox 230 1305 496 1354; x_wconf 88' lang='lat' dir='ltr'><strong>sacrificari</strong></span> <span class='ocrx_word' id='word_1_118' title='bbox 528 1320 637 1354; x_wconf 90' lang='lat' dir='ltr'><strong>esse</strong></span> <span class='ocrx_word' id='word_1_119' title='bbox 669 1307 981 1371; x_wconf 88' lang='lat' dir='ltr'><strong>permissum,</strong></span> <span class='ocrx_word' id='word_1_120' title='bbox 1021 1320 1133 1354; x_wconf 87' lang='lat' dir='ltr'><strong>mox</strong></span> <span class='ocrx_word' id='word_1_121' title='bbox 1173 1305 1378 1354; x_wconf 88' lang='lat' dir='ltr'><strong>addidit:</strong></span> <span class='ocrx_word' id='word_1_122' title='bbox 1419 1306 1532 1354; x_wconf 71' lang='lat' dir='ltr'><strong>Nise·</strong></span> <span class='ocrx_word' id='word_1_123' title='bbox 1559 1306 1772 1355; x_wconf 76' lang='lat' dir='ltr'><strong>Domino</strong></span> <span class='ocrx_word' id='word_1_124' title='bbox 1810 1307 1918 1364; x_wconf 71' lang='lat' dir='ltr'><strong>soli,</strong></span> 
     </span>
     <span class='ocr_line' id='line_1_21' title="bbox 228 1378 1949 1446; baseline 0 -19"><span class='ocrx_word' id='word_1_125' title='bbox 228 1378 277 1427; x_wconf 91' lang='lat' dir='ltr'><strong>id</strong></span> <span class='ocrx_word' id='word_1_126' title='bbox 332 1386 407 1428; x_wconf 87' lang='lat' dir='ltr'><strong>est</strong></span> <span class='ocrx_word' id='word_1_127' title='bbox 461 1381 557 1428; x_wconf 90' lang='lat' dir='ltr'><strong>nisi</strong></span> <span class='ocrx_word' id='word_1_128' title='bbox 611 1378 818 1427; x_wconf 91' lang='lat' dir='ltr'><strong>Domino</strong></span> <span class='ocrx_word' id='word_1_129' title='bbox 876 1386 1091 1446; x_wconf 85' lang='lat' dir='ltr'><strong>tantum3</strong></span> <span class='ocrx_word' id='word_1_130' title='bbox 1122 1395 1209 1442; x_wconf 56' lang='lat' dir='ltr'><strong>,ne</strong></span> <span class='ocrx_word' id='word_1_131' title='bbox 1259 1380 1385 1428; x_wconf 87' lang='lat' dir='ltr'><strong>forte</strong></span> <span class='ocrx_word' id='word_1_132' title='bbox 1426 1381 1476 1427; x_wconf 93' lang='lat' dir='ltr'><strong>in</strong></span> <span class='ocrx_word' id='word_1_133' title='bbox 1517 1394 1599 1444; x_wconf 92' lang='lat' dir='ltr'><strong>eo,</strong></span> <span class='ocrx_word' id='word_1_134' title='bbox 1655 1379 1785 1443; x_wconf 89' lang='lat' dir='ltr'><strong>quod</strong></span> <span class='ocrx_word' id='word_1_135' title='bbox 1825 1380 1949 1428; x_wconf 77' lang='lat' dir='ltr'><strong>ait:-</strong></span> 
     </span>
     <span class='ocr_line' id='line_1_22' title="bbox 228 1452 1916 1518; baseline 0 -17"><span class='ocrx_word' id='word_1_136' title='bbox 228 1454 440 1502; x_wconf 79' lang='lat' dir='ltr'><strong>Domz‘no</strong></span> <span class='ocrx_word' id='word_1_137' title='bbox 478 1456 595 1514; x_wconf 77' lang='lat' dir='ltr'><strong>soli,</strong></span> <span class='ocrx_word' id='word_1_138' title='bbox 650 1452 912 1502; x_wconf 90' lang='lat' dir='ltr'><strong>Dominum</strong></span> <span class='ocrx_word' id='word_1_139' title='bbox 964 1453 1117 1502; x_wconf 89' lang='lat' dir='ltr'><strong>solem</strong></span> <span class='ocrx_word' id='word_1_140' title='bbox 1166 1453 1334 1502; x_wconf 89' lang='lat' dir='ltr'><strong>credat</strong></span> <span class='ocrx_word' id='word_1_141' title='bbox 1372 1468 1482 1501; x_wconf 91' lang='lat' dir='ltr'><strong>esse</strong></span> <span class='ocrx_word' id='word_1_142' title='bbox 1523 1454 1788 1518; x_wconf 84' lang='lat' dir='ltr'><strong>quispiam,</strong></span> <span class='ocrx_word' id='word_1_143' title='bbox 1835 1454 1916 1501; x_wconf 92' lang='lat' dir='ltr'><strong>cui</strong></span> 
     </span>
     <span class='ocr_line' id='line_1_23' title="bbox 229 1526 1927 1592; baseline 0 -17"><span class='ocrx_word' id='word_1_144' title='bbox 229 1527 603 1576; x_wconf 85' lang='lat' dir='ltr'><strong>sacrificandum</strong></span> <span class='ocrx_word' id='word_1_145' title='bbox 650 1533 812 1592; x_wconf 81' lang='lat' dir='ltr'><strong>putet3</strong></span> <span class='ocrx_word' id='word_1_146' title='bbox 861 1527 991 1591; x_wconf 87' lang='lat' dir='ltr'><strong>quod</strong></span> <span class='ocrx_word' id='word_1_147' title='bbox 1038 1542 1137 1576; x_wconf 91' lang='lat' dir='ltr'><strong>non</strong></span> <span class='ocrx_word' id='word_1_148' title='bbox 1184 1529 1251 1576; x_wconf 92' lang='lat' dir='ltr'><strong>ita</strong></span> <span class='ocrx_word' id='word_1_149' title='bbox 1291 1542 1399 1575; x_wconf 89' lang='lat' dir='ltr'><strong>esse</strong></span> <span class='ocrx_word' id='word_1_150' title='bbox 1439 1526 1825 1591; x_wconf 87' lang='lat' dir='ltr'><strong>intellegendum</strong></span> <span class='ocrx_word' id='word_1_151' title='bbox 1863 1528 1927 1575; x_wconf 73' lang='lat' dir='ltr'><strong>in‘</strong></span> 
     </span>
     <span class='ocr_line' id='line_1_24' title="bbox 230 1600 1299 1666; baseline 0 -16"><span class='ocrx_word' id='word_1_152' title='bbox 230 1602 489 1666; x_wconf 84' lang='lat' dir='ltr'><strong>scripturis</strong></span> <span class='ocrx_word' id='word_1_153' title='bbox 529 1600 729 1649; x_wconf 89' lang='lat' dir='ltr'><strong>Graecis</strong></span> <span class='ocrx_word' id='word_1_154' title='bbox 770 1600 994 1649; x_wconf 84' lang='lat' dir='ltr'><strong>facillime</strong></span> <span class='ocrx_word' id='word_1_155' title='bbox 1036 1603 1299 1666; x_wconf 87' lang='lat' dir='ltr'><strong>reperitur.</strong></span> 
     </span>
    </p>
   </div>
   <div class='ocr_carea' id='block_1_7' title="bbox 377 1673 1995 1741">
    <p class='ocr_par' dir='ltr' id='par_1_7' title="bbox 377 1673 1995 1741">
     <span class='ocr_line' id='line_1_25' title="bbox 377 1673 1995 1741; baseline 0.001 -18"><span class='ocrx_word' id='word_1_156' title='bbox 377 1674 508 1724; x_wconf 91' lang='lat' dir='ltr'><strong>Deus</strong></span> <span class='ocrx_word' id='word_1_157' title='bbox 558 1676 709 1739; x_wconf 88' lang='lat' dir='ltr'><strong>igitur</strong></span> <span class='ocrx_word' id='word_1_158' title='bbox 762 1673 1128 1741; x_wconf 81' lang='lat' dir='ltr'><strong>Hebraeorum,</strong></span> <span class='ocrx_word' id='word_1_159' title='bbox 1187 1677 1269 1724; x_wconf 90' lang='lat' dir='ltr'><strong>cui</strong></span> <span class='ocrx_word' id='word_1_160' title='bbox 1318 1681 1419 1724; x_wconf 89' lang='lat' dir='ltr'><strong>tam</strong></span> <span class='ocrx_word' id='word_1_161' title='bbox 1469 1689 1699 1740; x_wconf 88' lang='lat' dir='ltr'><strong>magnum</strong></span> <span class='ocrx_word' id='word_1_162' title='bbox 1750 1681 1916 1724; x_wconf 88' lang='lat' dir='ltr'><strong>tantus</strong></span> <span class='ocrx_word' id='word_1_163' title='bbox 1992 1680 1995 1685; x_wconf 85' lang='lat'>&#39;</span> 
     </span>
    </p>
   </div>
   <div class='ocr_carea' id='block_1_8' title="bbox 226 1748 1981 2627">
    <p class='ocr_par' dir='ltr' id='par_1_8' title="bbox 226 1748 1981 2627">
     <span class='ocr_line' id='line_1_26' title="bbox 228 1748 1917 1816; baseline 0 -19"><span class='ocrx_word' id='word_1_164' title='bbox 228 1750 375 1798; x_wconf 92' lang='lat' dir='ltr'><strong>etiam</strong></span> <span class='ocrx_word' id='word_1_165' title='bbox 413 1750 506 1798; x_wconf 90' lang='lat' dir='ltr'><strong>iste</strong></span> <span class='ocrx_word' id='word_1_166' title='bbox 547 1748 871 1814; x_wconf 90' lang='lat' dir='ltr'><strong>philosophus</strong></span> <span class='ocrx_word' id='word_1_167' title='bbox 910 1748 1139 1813; x_wconf 89' lang='lat' dir='ltr'><strong>perhibet</strong></span> <span class='ocrx_word' id='word_1_168' title='bbox 1178 1751 1544 1816; x_wconf 86' lang='lat' dir='ltr'><strong>testimonium,</strong></span> <span class='ocrx_word' id='word_1_169' title='bbox 1582 1749 1742 1814; x_wconf 87' lang='lat' dir='ltr'><strong>legem</strong></span> <span class='ocrx_word' id='word_1_170' title='bbox 1782 1749 1917 1798; x_wconf 90' lang='lat' dir='ltr'><strong>dedit</strong></span> 
     </span>
     <span class='ocr_line' id='line_1_27' title="bbox 227 1821 1916 1889; baseline 0 -18"><span class='ocrx_word' id='word_1_171' title='bbox 227 1821 450 1871; x_wconf 89' lang='lat' dir='ltr'><strong>Hebraeo</strong></span> <span class='ocrx_word' id='word_1_172' title='bbox 490 1822 672 1887; x_wconf 87' lang='lat' dir='ltr'><strong>populo</strong></span> <span class='ocrx_word' id='word_1_173' title='bbox 714 1838 827 1888; x_wconf 81' lang='lat' dir='ltr'><strong>suc,</strong></span> <span class='ocrx_word' id='word_1_174' title='bbox 876 1821 1101 1872; x_wconf 90' lang='lat' dir='ltr'><strong>Hebraeo</strong></span> <span class='ocrx_word' id='word_1_175' title='bbox 1143 1838 1371 1872; x_wconf 89' lang='lat' dir='ltr'><strong>sermone</strong></span> <span class='ocrx_word' id='word_1_176' title='bbox 1412 1825 1764 1889; x_wconf 87' lang='lat' dir='ltr'><strong>conscriptam,</strong></span> <span class='ocrx_word' id='word_1_177' title='bbox 1815 1838 1916 1871; x_wconf 89' lang='lat' dir='ltr'><strong>non</strong></span> 
     </span>
     <span class='ocr_line' id='line_1_28' title="bbox 227 1895 1912 1963; baseline 0.001 -19"><span class='ocrx_word' id='word_1_178' title='bbox 227 1895 487 1945; x_wconf 89' lang='lat' dir='ltr'><strong>obscuram</strong></span> <span class='ocrx_word' id='word_1_179' title='bbox 527 1904 577 1946; x_wconf 92' lang='lat' dir='ltr'><strong>et</strong></span> <span class='ocrx_word' id='word_1_180' title='bbox 614 1898 939 1963; x_wconf 84' lang='lat' dir='ltr'><strong>incognitam,</strong></span> <span class='ocrx_word' id='word_1_181' title='bbox 980 1897 1066 1946; x_wconf 89' lang='lat' dir='ltr'><strong>sed</strong></span> <span class='ocrx_word' id='word_1_182' title='bbox 1107 1897 1336 1946; x_wconf 91' lang='lat' dir='ltr'><strong>omnibus</strong></span> <span class='ocrx_word' id='word_1_183' title='bbox 1374 1899 1470 1946; x_wconf 89' lang='lat' dir='ltr'><strong>iam</strong></span> <span class='ocrx_word' id='word_1_184' title='bbox 1509 1896 1740 1962; x_wconf 87' lang='lat' dir='ltr'><strong>gentibus</strong></span> <span class='ocrx_word' id='word_1_185' title='bbox 1780 1897 1912 1946; x_wconf 81' lang='lat' dir='ltr'><strong>diffa-</strong></span> 
     </span>
     <span class='ocr_line' id='line_1_29' title="bbox 227 1969 1915 2037; baseline 0.001 -19"><span class='ocrx_word' id='word_1_186' title='bbox 227 1977 421 2037; x_wconf 86' lang='lat' dir='ltr'><strong>matam,</strong></span> <span class='ocrx_word' id='word_1_187' title='bbox 460 1972 511 2018; x_wconf 92' lang='lat' dir='ltr'><strong>in</strong></span> <span class='ocrx_word' id='word_1_188' title='bbox 551 1985 644 2035; x_wconf 92' lang='lat' dir='ltr'><strong>qua</strong></span> <span class='ocrx_word' id='word_1_189' title='bbox 685 1969 792 2034; x_wconf 88' lang='lat' dir='ltr'><strong>lege</strong></span> <span class='ocrx_word' id='word_1_190' title='bbox 832 1972 1073 2035; x_wconf 88' lang='lat' dir='ltr'><strong>scriptum</strong></span> <span class='ocrx_word' id='word_1_191' title='bbox 1114 1978 1210 2021; x_wconf 87' lang='lat' dir='ltr'><strong>est:</strong></span> <span class='ocrx_word' id='word_1_192' title='bbox 1251 1972 1568 2031; x_wconf 78' lang='lat' dir='ltr'><strong>Sacrificans</strong></span> <span class='ocrx_word' id='word_1_193' title='bbox 1607 1973 1705 2020; x_wconf 74' lang='lat' dir='ltr'><strong>diis</strong></span> <span class='ocrx_word' id='word_1_194' title='bbox 1744 1973 1915 2020; x_wconf 78' lang='lat' dir='ltr'><strong>eradi-</strong></span> 
     </span>
     <span class='ocr_line' id='line_1_30' title="bbox 228 2045 1915 2110; baseline 0 -17"><span class='ocrx_word' id='word_1_195' title='bbox 228 2045 433 2093; x_wconf 79' lang='lat' dir='ltr'><strong>cabitur</strong></span> <span class='ocrx_word' id='word_1_196' title='bbox 472 2047 572 2093; x_wconf 78' lang='lat' dir='ltr'><strong>m’si</strong></span> <span class='ocrx_word' id='word_1_197' title='bbox 602 2045 814 2103; x_wconf 76' lang='lat' dir='ltr'><strong>Domino</strong></span> <span class='ocrx_word' id='word_1_198' title='bbox 855 2051 1061 2094; x_wconf 79' lang='lat' dir='ltr'><strong>tantum.</strong></span> <span class='ocrx_word' id='word_1_199' title='bbox 1141 2045 1269 2103; x_wconf 88' lang='lat' dir='ltr'><strong>Quid</strong></span> <span class='ocrx_word' id='word_1_200' title='bbox 1309 2061 1434 2110; x_wconf 89' lang='lat' dir='ltr'><strong>opus</strong></span> <span class='ocrx_word' id='word_1_201' title='bbox 1474 2051 1549 2094; x_wconf 87' lang='lat' dir='ltr'><strong>est</strong></span> <span class='ocrx_word' id='word_1_202' title='bbox 1587 2046 1638 2093; x_wconf 91' lang='lat' dir='ltr'><strong>in</strong></span> <span class='ocrx_word' id='word_1_203' title='bbox 1678 2045 1768 2093; x_wconf 91' lang='lat' dir='ltr'><strong>hac</strong></span> <span class='ocrx_word' id='word_1_204' title='bbox 1809 2047 1915 2093; x_wconf 88' lang='lat' dir='ltr'><strong>eius</strong></span> 
     </span>
     <span class='ocr_line' id='line_1_31' title="bbox 227 2117 1914 2185; baseline 0 -19"><span class='ocrx_word' id='word_1_205' title='bbox 227 2117 334 2182; x_wconf 87' lang='lat' dir='ltr'><strong>lege</strong></span> <span class='ocrx_word' id='word_1_206' title='bbox 375 2119 580 2182; x_wconf 88' lang='lat' dir='ltr'><strong>eiusque</strong></span> <span class='ocrx_word' id='word_1_207' title='bbox 621 2117 876 2182; x_wconf 89' lang='lat' dir='ltr'><strong>prophetis</strong></span> <span class='ocrx_word' id='word_1_208' title='bbox 918 2118 977 2167; x_wconf 89' lang='lat' dir='ltr'><strong>de</strong></span> <span class='ocrx_word' id='word_1_209' title='bbox 1017 2118 1107 2168; x_wconf 91' lang='lat' dir='ltr'><strong>hac</strong></span> <span class='ocrx_word' id='word_1_210' title='bbox 1140 2135 1193 2168; x_wconf 90' lang='lat' dir='ltr'><strong>re</strong></span> <span class='ocrx_word' id='word_1_211' title='bbox 1227 2119 1379 2168; x_wconf 87' lang='lat' dir='ltr'><strong>multa</strong></span> <span class='ocrx_word' id='word_1_212' title='bbox 1410 2121 1725 2185; x_wconf 83' lang='lat' dir='ltr'><strong>perquirere3</strong></span> <span class='ocrx_word' id='word_1_213' title='bbox 1764 2120 1914 2168; x_wconf 90' lang='lat' dir='ltr'><strong>immo</strong></span> 
     </span>
     <span class='ocr_line' id='line_1_32' title="bbox 227 2191 1915 2259; baseline 0.002 -20"><span class='ocrx_word' id='word_1_214' title='bbox 227 2206 327 2239; x_wconf 89' lang='lat' dir='ltr'><strong>non</strong></span> <span class='ocrx_word' id='word_1_215' title='bbox 380 2192 699 2257; x_wconf 88' lang='lat' dir='ltr'><strong>perquirere,</strong></span> <span class='ocrx_word' id='word_1_216' title='bbox 750 2206 849 2239; x_wconf 89' lang='lat' dir='ltr'><strong>non</strong></span> <span class='ocrx_word' id='word_1_217' title='bbox 898 2193 1030 2240; x_wconf 91' lang='lat' dir='ltr'><strong>enim</strong></span> <span class='ocrx_word' id='word_1_218' title='bbox 1081 2192 1306 2258; x_wconf 87' lang='lat' dir='ltr'><strong>abstrusa</strong></span> <span class='ocrx_word' id='word_1_219' title='bbox 1354 2193 1430 2241; x_wconf 91' lang='lat' dir='ltr'><strong>vel</strong></span> <span class='ocrx_word' id='word_1_220' title='bbox 1476 2208 1587 2241; x_wconf 90' lang='lat' dir='ltr'><strong>rara</strong></span> <span class='ocrx_word' id='word_1_221' title='bbox 1637 2191 1915 2259; x_wconf 49' lang='lat' dir='ltr'><strong>sunt„sed</strong></span> 
     </span>
     <span class='ocr_line' id='line_1_33' title="bbox 228 2263 1915 2330; baseline 0.001 -17"><span class='ocrx_word' id='word_1_222' title='bbox 228 2270 396 2329; x_wconf 91' lang='lat' dir='ltr'><strong>aperta</strong></span> <span class='ocrx_word' id='word_1_223' title='bbox 450 2271 500 2313; x_wconf 88' lang='lat' dir='ltr'><strong>et</strong></span> <span class='ocrx_word' id='word_1_224' title='bbox 554 2263 728 2313; x_wconf 91' lang='lat' dir='ltr'><strong>crebra</strong></span> <span class='ocrx_word' id='word_1_225' title='bbox 784 2264 1015 2329; x_wconf 88' lang='lat' dir='ltr'><strong>colligere</strong></span> <span class='ocrx_word' id='word_1_226' title='bbox 1071 2272 1121 2315; x_wconf 88' lang='lat' dir='ltr'><strong>et</strong></span> <span class='ocrx_word' id='word_1_227' title='bbox 1155 2267 1220 2314; x_wconf 86' lang='lat' dir='ltr'><strong>&#39;in</strong></span> <span class='ocrx_word' id='word_1_228' title='bbox 1275 2266 1366 2314; x_wconf 92' lang='lat' dir='ltr'><strong>hac</strong></span> <span class='ocrx_word' id='word_1_229' title='bbox 1421 2265 1751 2330; x_wconf 86' lang='lat' dir='ltr'><strong>disputatione</strong></span> <span class='ocrx_word' id='word_1_230' title='bbox 1806 2281 1915 2314; x_wconf 90' lang='lat' dir='ltr'><strong>mea</strong></span> 
     </span>
     <span class='ocr_line' id='line_1_34' title="bbox 227 2337 1914 2404; baseline 0.001 -18"><span class='ocrx_word' id='word_1_231' title='bbox 227 2353 440 2404; x_wconf 91' lang='lat' dir='ltr'><strong>ponere,</strong></span> <span class='ocrx_word' id='word_1_232' title='bbox 495 2337 674 2402; x_wconf 87' lang='lat' dir='ltr'><strong>quibus</strong></span> <span class='ocrx_word' id='word_1_233' title='bbox 729 2337 840 2387; x_wconf 88' lang='lat' dir='ltr'><strong>luce</strong></span> <span class='ocrx_word' id='word_1_234' title='bbox 896 2338 1076 2388; x_wconf 89' lang='lat' dir='ltr'><strong>clarius</strong></span> <span class='ocrx_word' id='word_1_235' title='bbox 1133 2346 1335 2404; x_wconf 88' lang='lat' dir='ltr'><strong>apparet</strong></span> <span class='ocrx_word' id='word_1_236' title='bbox 1388 2339 1510 2388; x_wconf 90' lang='lat' dir='ltr'><strong>nulli</strong></span> <span class='ocrx_word' id='word_1_237' title='bbox 1564 2341 1762 2388; x_wconf 89' lang='lat' dir='ltr'><strong>omnino</strong></span> <span class='ocrx_word' id='word_1_238' title='bbox 1817 2341 1914 2388; x_wconf 90' lang='lat' dir='ltr'><strong>nisi</strong></span> 
     </span>
     <span class='ocr_line' id='line_1_35' title="bbox 232 2410 1915 2462; baseline 0.001 -1"><span class='ocrx_word' id='word_1_239' title='bbox 232 2418 420 2462; x_wconf 86' lang='lat' dir='ltr'><strong>tantum</strong></span> <span class='ocrx_word' id='word_1_240' title='bbox 459 2411 552 2461; x_wconf 91' lang='lat' dir='ltr'><strong>sibi</strong></span> <span class='ocrx_word' id='word_1_241' title='bbox 584 2411 740 2460; x_wconf 90' lang='lat' dir='ltr'><strong>Deum</strong></span> <span class='ocrx_word' id='word_1_242' title='bbox 772 2427 945 2461; x_wconf 88' lang='lat' dir='ltr'><strong>verum</strong></span> <span class='ocrx_word' id='word_1_243' title='bbox 984 2419 1034 2461; x_wconf 88' lang='lat' dir='ltr'><strong>et</strong></span> <span class='ocrx_word' id='word_1_244' title='bbox 1073 2428 1319 2462; x_wconf 90' lang='lat' dir='ltr'><strong>summum</strong></span> <span class='ocrx_word' id='word_1_245' title='bbox 1358 2413 1570 2462; x_wconf 84' lang='lat' dir='ltr'><strong>voluisse</strong></span> <span class='ocrx_word' id='word_1_246' title='bbox 1611 2410 1915 2462; x_wconf 78' lang='lat' dir='ltr'><strong>sacrificari?</strong></span> 
     </span>
     <span class='ocr_line' id='line_1_36' title="bbox 226 2484 1981 2554; baseline -0.001 -20"><span class='ocrx_word' id='word_1_247' title='bbox 226 2484 355 2535; x_wconf 91' lang='lat' dir='ltr'><strong>Ecce</strong></span> <span class='ocrx_word' id='word_1_248' title='bbox 394 2485 488 2534; x_wconf 92' lang='lat' dir='ltr'><strong>hoc</strong></span> <span class='ocrx_word' id='word_1_249' title='bbox 528 2500 683 2535; x_wconf 89' lang='lat' dir='ltr'><strong>unum</strong></span> <span class='ocrx_word' id='word_1_250' title='bbox 723 2484 961 2552; x_wconf 83' lang='lat' dir='ltr'><strong>breviter,</strong></span> <span class='ocrx_word' id='word_1_251' title='bbox 1001 2488 1150 2536; x_wconf 91' lang='lat' dir='ltr'><strong>immo</strong></span> <span class='ocrx_word' id='word_1_252' title='bbox 1191 2486 1466 2553; x_wconf 88' lang='lat' dir='ltr'><strong>granditer,</strong></span> <span class='ocrx_word' id='word_1_253' title='bbox 1505 2487 1785 2554; x_wconf 86' lang='lat' dir='ltr'><strong>minaciter,</strong></span> <span class='ocrx_word' id='word_1_254' title='bbox 1824 2486 1911 2535; x_wconf 91' lang='lat' dir='ltr'><strong>sed</strong></span> <span class='ocrx_word' id='word_1_255' title='bbox 1977 2532 1981 2533; x_wconf 18' lang='lat'><em>⁷</em></span> 
     </span>
     <span class='ocr_line' id='line_1_37' title="bbox 228 2559 1912 2627; baseline 0.001 -20"><span class='ocrx_word' id='word_1_256' title='bbox 228 2561 470 2609; x_wconf 87' lang='lat' dir='ltr'><strong>veraciter</strong></span> <span class='ocrx_word' id='word_1_257' title='bbox 503 2559 689 2609; x_wconf 88' lang='lat' dir='ltr'><strong>dictum</strong></span> <span class='ocrx_word' id='word_1_258' title='bbox 721 2559 780 2607; x_wconf 89' lang='lat' dir='ltr'><strong>ab</strong></span> <span class='ocrx_word' id='word_1_259' title='bbox 811 2559 894 2607; x_wconf 93' lang='lat' dir='ltr'><strong>illo</strong></span> <span class='ocrx_word' id='word_1_260' title='bbox 926 2559 1043 2627; x_wconf 91' lang='lat' dir='ltr'><strong>De0,</strong></span> <span class='ocrx_word' id='word_1_261' title='bbox 1083 2576 1230 2626; x_wconf 88' lang='lat' dir='ltr'><strong>quem</strong></span> <span class='ocrx_word' id='word_1_262' title='bbox 1262 2567 1360 2611; x_wconf 89' lang='lat' dir='ltr'><strong>tam</strong></span> <span class='ocrx_word' id='word_1_263' title='bbox 1401 2560 1699 2610; x_wconf 85' lang='lat' dir='ltr'><strong>excellenter</strong></span> <span class='ocrx_word' id='word_1_264' title='bbox 1739 2575 1912 2609; x_wconf 89' lang='lat' dir='ltr'><strong>eorum</strong></span> 
     </span>
    </p>
   </div>
   <div class='ocr_carea' id='block_1_9' title="bbox 348 2672 1193 2728">
    <p class='ocr_par' dir='ltr' id='par_1_9' title="bbox 348 2672 1193 2728">
     <span class='ocr_line' id='line_1_38' title="bbox 348 2672 1193 2728; baseline 0.001 -13"><span class='ocrx_word' id='word_1_265' title='bbox 348 2674 391 2728; x_wconf 81' lang='lat'><strong>7)</strong></span> <span class='ocrx_word' id='word_1_266' title='bbox 422 2672 566 2716; x_wconf 84' lang='lat' dir='ltr'><strong>Exod.</strong></span> <span class='ocrx_word' id='word_1_267' title='bbox 601 2677 671 2728; x_wconf 81' lang='lat'><strong>22,</strong></span> <span class='ocrx_word' id='word_1_268' title='bbox 703 2677 771 2716; x_wconf 82' lang='lat'><strong>20.</strong></span> <span class='ocrx_word' id='word_1_269' title='bbox 840 2673 909 2727; x_wconf 90' lang='lat'><strong>13)</strong></span> <span class='ocrx_word' id='word_1_270' title='bbox 941 2672 1015 2717; x_wconf 59' lang='grc' dir='ltr'><strong>ΡΒ.</strong></span> <span class='ocrx_word' id='word_1_271' title='bbox 1051 2676 1120 2728; x_wconf 87' lang='lat'><strong>95,</strong></span> <span class='ocrx_word' id='word_1_272' title='bbox 1154 2676 1193 2717; x_wconf 88' lang='lat'><strong>5.</strong></span> 
     </span>
    </p>
   </div>
   <div class='ocr_carea' id='block_1_10' title="bbox 226 2803 1913 2948">
    <p class='ocr_par' dir='ltr' id='par_1_10' title="bbox 226 2803 1913 2948">
     <span class='ocr_line' id='line_1_39' title="bbox 290 2803 1913 2936; baseline 0.001 -58"><span class='ocrx_word' id='word_1_273' title='bbox 290 2893 313 2935; x_wconf 49' lang='lat' dir='ltr'><strong>t</strong></span> <span class='ocrx_word' id='word_1_274' title='bbox 341 2839 397 2936; x_wconf 67' lang='lat'><strong>1¹2⁷</strong></span> <span class='ocrx_word' id='word_1_275' title='bbox 432 2834 618 2879; x_wconf 72' lang='lat' dir='ltr'><strong>domino</strong></span> <span class='ocrx_word' id='word_1_276' title='bbox 651 2834 769 2889; x_wconf 82' lang='lat' dir='ltr'><strong>RA,·</strong></span> <span class='ocrx_word' id='word_1_277' title='bbox 809 2834 900 2879; x_wconf 70' lang='lat' dir='ltr'><strong>nisi</strong></span> <span class='ocrx_word' id='word_1_278' title='bbox 933 2835 1133 2879; x_wconf 72' lang='lat' dir='ltr'><strong>Domino</strong></span> <span class='ocrx_word' id='word_1_279' title='bbox 1164 2849 1190 2878; x_wconf 80' lang='lat' dir='ltr'><em>v</em></span> <span class='ocrx_word' id='word_1_280' title='bbox 1229 2836 1244 2892; x_wconf 77' lang='grc' dir='ltr'><strong>ῃ</strong></span> <span class='ocrx_word' id='word_1_281' title='bbox 1285 2840 1338 2881; x_wconf 87' lang='lat'><strong>18</strong></span> <span class='ocrx_word' id='word_1_282' title='bbox 1371 2837 1506 2892; x_wconf 73' lang='lat' dir='ltr'><strong>putet</strong></span> <span class='ocrx_word' id='word_1_283' title='bbox 1535 2835 1582 2880; x_wconf 84' lang='lat' dir='ltr'><em>R</em></span> <span class='ocrx_word' id='word_1_284' title='bbox 1613 2803 1678 2881; x_wconf 70' lang='lat' dir='ltr'><strong>ed}</strong></span> <span class='ocrx_word' id='word_1_285' title='bbox 1711 2834 1913 2888; x_wconf 57' lang='lat' dir='ltr'><strong>avan„-</strong></span> 
     </span>
     <span class='ocr_line' id='line_1_40' title="bbox 226 2907 419 2948; baseline 0 -12"><span class='ocrx_word' id='word_1_286' title='bbox 226 2907 290 2948; x_wconf 87' lang='lat' dir='ltr'><strong>pu</strong></span> <span class='ocrx_word' id='word_1_287' title='bbox 315 2907 342 2937; x_wconf 81' lang='lat' dir='ltr'><strong>a</strong></span> <span class='ocrx_word' id='word_1_288' title='bbox 392 2907 419 2936; x_wconf 79' lang='grc' dir='ltr'><strong><em>υ</em></strong></span> 
     </span>
    </p>
   </div>
  </div>
 </body>
</html>
