2044 3146
136 968 189 1008 10

136 1337 188 1376 15

132 1705 188 1746 20

133 2072 187 2113 25

129 2441 189 2482 30

226 167 333 219 194
903 175 938 210 S.
961 174 1236 210 Auensnm

225 299 275 341 et
325 290 583 356 adoptatus
634 305 660 338 a
711 289 809 338 filia
847 288 1118 338 Pharaonis
1169 283 1327 355 (quod
1375 304 1556 339 nomen
1603 290 1654 338 in
1694 287 1914 356 Aegypto

223 367 444 415 omnium
490 379 666 429 regum
713 357 832 430 fuit)
878 365 931 412 in
980 369 1173 412 tantum
1219 365 1447 428 provenit
1484 365 1672 429 virum,
1710 372 1767 414 ut
1804 366 1916 431 ipse‘

222 438 353 488 illam
404 445 601 504 gentem
659 436 951 487 mirabiliter
1002 436 1375 502 multiplicatam
1430 453 1488 486 ex
1544 437 1811 487 durissimo
1863 445 1914 490 et

222 515 535 579 gravissimo,
588 512 718 576 quod
769 511 838 560 ibi
884 510 1099 572 ferebat,
1149 513 1265 575 iugo
1315 513 1566 561 servitutis
1617 512 1915 581 extraheret,

222 590 371 637 immo
411 602 501 652 per
533 601 646 636 eum
678 586 826 652 DeuS,
866 587 951 650 qui
989 584 1084 634 hoc
1122 588 1420 651 promiserat
1449 584 1687 636 Abrahae.
1764 585 1912 637 Prius

224 664 407 727 quippe
455 660 631 710 exinde
680 661 899 726 fugienS‚
946 659 1099 726 quod,
1146 674 1261 708 cum
1299 658 1569 709 Israelitam
1609 659 1915 728 defenderet,

221 738 515 802 Aegyptium
563 734 813 784 occiderat
860 741 911 784 et
959 736 1166 783 territus
1218 734 1401 799 suerat,
1453 740 1628 798 postea
1679 733 1913 784 divinitus

222 811 402 860 missus
441 811 492 858 in
531 815 776 874 potestate
816 809 1022 874 spiritus
1061 807 1150 857 Dei
1191 809 1441 874 superavit
1478 807 1749 857 Pharaonis
1788 810 1912 858 resi-

223 890 410 934 stentes
449 897 630 948 magos
707 882 848 933 Tunc
887 898 978 948 per
1018 896 1131 931 eum
1163 882 1416 947 Aegyptiis
1454 881 1631 931 inlatae
1672 889 1790 932 sunt
1828 883 1910 932 de-

222 973 329 1008 cem
369 955 714 1007 memorabiles
746 956 931 1023 plagae,
970 971 1085 1006 cum
1124 955 1372 1005 dimittere
1409 955 1648 1021 populum
1679 955 1769 1005 Dei
1807 956 1914 1006 nol·

221 1032 348 1094 lent,
401 1046 526 1096 aqua
564 1033 616 1080 in
655 1032 944 1095 sanguinem
984 1044 1150 1096 versa,
1203 1044 1322 1079 rana
1361 1035 1411 1079 et
1450 1029 1700 1095 sciniphes
1712 1070 1726 1097 ,
1767 1045 1913 1096 cyno·

221 1108 373 1173 myia,
420 1120 554 1154 mors
601 1120 865 1172 pecorum,
903 1104 1097 1171 ulcera,
1137 1103 1348 1170 grando,
1395 1103 1616 1170 lucusta,
1663 1103 1912 1171 tenebrae,

222 1195 354 1230 mors
385 1180 843 1245 primogenitorum.
892 1178 964 1227 Ad
998 1184 1274 1228 extremum
1306 1177 1568 1244 IsraelitaS,
1601 1193 1725 1242 quos
1756 1178 1912 1244 plagis

221 1261 296 1304 tot
325 1255 576 1317 tantisque
607 1254 846 1317 perfracti
876 1252 1075 1302 tandem
1107 1251 1368 1316 aliquando
1408 1251 1711 1319 dimiserant,
1754 1254 1910 1317 Aegy-

219 1329 311 1393 ptii
350 1329 401 1376 in
433 1329 556 1376 mari
588 1326 759 1376 Rubro
800 1327 918 1376 dum
955 1332 1329 1391 persequuntur
1368 1327 1572 1375 extincti
1612 1333 1741 1376 sunt.
1811 1326 1911 1376 Illis

222 1403 405 1467 quippe
453 1400 748 1451 abeuntibus
801 1400 1012 1449 divisum
1063 1414 1197 1449 mare
1248 1401 1373 1448 viam
1420 1401 1560 1466 secit3
1607 1399 1698 1449 hos
1746 1407 1910 1451 autem

220 1477 541 1540 insequentes
591 1476 643 1524 in
691 1490 744 1524 se
795 1474 993 1524 rediens
1040 1473 1171 1523 unda
1223 1472 1503 1523 submersit.
1580 1473 1768 1524 Deinde
1819 1490 1911 1540 per

221 1564 374 1598 annos
431 1548 751 1613 quadraginta
807 1547 931 1598 duce
982 1547 1147 1612 Moyse
1199 1547 1287 1596 Dei
1340 1547 1553 1612 populus
1605 1549 1656 1597 in
1711 1547 1910 1598 deserto

221 1631 359 1673 actus
410 1630 512 1688 est,
568 1622 763 1687 quando
813 1621 1189 1671 tabernaculum
1247 1623 1518 1670 testimonii
1570 1630 1910 1687 nuncupatum

222 1706 311 1763 est,
351 1695 437 1746 uhi
469 1695 601 1746 Deus
634 1696 889 1746 sacrificiis
929 1695 1096 1745 futura
1126 1694 1592 1760 praenuntiantibus
1632 1695 1909 1763 colebatur3

222 1786 335 1820 cum
375 1769 563 1820 scilicet
601 1771 697 1819 iam
736 1770 846 1819 data
885 1769 961 1818 lex
1003 1770 1179 1819 fuisset
1217 1770 1267 1818 in
1307 1776 1473 1818 monte
1515 1769 1724 1820 multum
1763 1772 1907 1820 terri·

220 1843 407 1911 biliter,
458 1843 793 1893 adtestabatur
834 1845 965 1893 enim
1006 1841 1370 1892 evidentissima
1409 1842 1716 1893 mirabilibus
1757 1845 1910 1908 signis

220 1917 523 1983 vocibusque
578 1917 818 1967 divinitas
897 1916 1039 1976 Quod
1086 1917 1271 1966 factum
1319 1923 1416 1978 est,
1464 1932 1578 1966 mox
1628 1925 1684 1967 ut
1722 1919 1908 1967 exitum

221 2000 297 2041 est
344 1991 404 2041 de
444 1993 665 2056 Aegypto
713 1999 762 2040 et
807 1993 858 2040 in
898 1991 1097 2040 deserto
1135 1990 1349 2055 populus
1389 2006 1498 2040 esse
1539 1993 1728 2057 coepit,
1768 1993 1908 2055 quin-

221 2067 540 2130 quagensimo
581 2065 658 2114 die
697 2072 811 2129 post
850 2063 1153 2114 celebratum
1191 2063 1380 2113 Pascha
1417 2078 1508 2129 per
1547 2066 1651 2114 ovis
1690 2064 1907 2114 immola-

221 2141 428 2205 tionem3
481 2140 566 2202 qui
616 2153 774 2202 usque
826 2138 947 2187 adeo
997 2145 1144 2202 typus
1196 2136 1380 2186 Christi
1426 2143 1503 2186 est
1551 2139 1908 2204 praenuntians

221 2227 335 2261 eum
385 2227 474 2276 per
523 2213 770 2261 victimam
815 2212 1058 2276 passionis
1106 2210 1164 2260 de
1212 2210 1307 2259 hoc
1356 2211 1538 2260 mundo
1579 2213 1908 2262 transiturum

221 2285 280 2334 ad
311 2285 509 2336 Patrem
542 2280 753 2352 (Pascha
794 2287 975 2350 quippe
1007 2283 1230 2333 Hebraea
1269 2284 1434 2349 lingua
1473 2286 1713 2335 transitus
1751 2287 1907 2335 inter·

220 2354 497 2427 pretatur),
547 2366 603 2408 ut
651 2361 747 2407 iam
802 2374 915 2408 cum
963 2357 1267 2408 revelaretur
1314 2365 1662 2409 testamentum
1710 2374 1907 2426 novum,

219 2440 389 2499 postea
458 2447 602 2498 quam
656 2431 842 2482 Pascha
904 2439 1130 2481 nostrum
1191 2432 1472 2482 immolatus
1532 2440 1609 2482 est
1663 2432 1909 2497 ChristuS,

222 2508 662 2572 quinquagensimo
696 2505 773 2555 die
806 2507 997 2555 veniret
1035 2506 1094 2554 de
1135 2505 1268 2555 caelo
1311 2506 1525 2571 Spiritus
1565 2513 1780 2573 sanctuS‚
1821 2508 1907 2570 qui

221 2580 382 2630 dictus
437 2588 513 2630 est
573 2582 623 2629 in
679 2579 927 2645 evangelio
988 2579 1169 2644 digitus
1225 2579 1338 2647 Dei,
1392 2586 1449 2629 ut
1512 2580 1906 2630 recordationem

341 2695 413 2750 32>
446 2693 522 2737 Le.
559 2699 628 2750 11,
660 2697 729 2737 20.

340 2858 365 2898 2
398 2854 614 2910 prouenit
654 2853 861 2908 VRAR·
892 2853 1105 2910 pervenit
1134 2867 1160 2897 v
1190 2855 1206 2911 ΙΙ
1239 2859 1289 2897 11
1324 2867 1439 2898 rana.
1478 2853 1522 2897 V
1546 2855 1672 2910 (130,
1703 2857 1764 2899 15
1795 2856 1904 2910 sq.);

220 2925 361 2958 ranae
392 2926 418 2957 v
441 2914 457 2969 fl
483 2917 535 2956 18
567 2912 617 2958 in
649 2913 832 2958 deserto
866 2926 977 2967 mss;
1007 2926 1091 2969 per
1122 2912 1357 2958 desertum
1387 2914 1453 2970 vn
1477 2917 1532 2958 25
1565 2912 1640 2957 die
1672 2925 1754 2958 om.
1798 2912 1842 2957 V
