2004 3140
586 140 653 172 DE
679 139 918 172 CIVITATE
941 139 1032 171 DEI
1055 139 1097 172 11.
1122 140 1229 172 xxx.
1254 138 1291 172 ο.
1317 141 1348 175 5.
1694 126 1802 178 497

112 254 396 305 dicentibus
429 252 570 302 nobis
603 252 778 301 nolunt
810 252 1014 302 credere
1047 252 1306 317 aliquando
1339 259 1618 302 venturum.
1682 252 1803 310 Quis

117 332 248 379 enim
288 342 460 377 eorum
499 326 641 376 nobis
682 326 933 394 crederet,
973 329 1028 392 si,
1069 342 1216 391 quem
1256 327 1316 375 ad
1355 327 1557 376 modum
1596 327 1805 377 dicimus

118 404 284 452 futura
321 402 578 450 hominum
616 402 722 463 viya
762 416 992 467 corpora,
1044 415 1167 465 quae
1210 416 1406 466 semper
1446 416 1618 450 arsura
1658 407 1803 464 atque

113 477 328 526 dolitura
366 490 458 524 nec
498 482 663 524 tamen
702 474 961 540 aliquando
995 472 1235 523 moritura
1268 477 1380 541 sint,
1419 477 1487 524 ita
1526 475 1804 524 diceremus

114 552 165 599 in
205 549 373 599 futuro
409 548 604 598 saeculo
638 549 861 598 futurum
893 549 1058 614 salem,
1099 563 1247 613 quem
1279 549 1465 598 faceret
1503 551 1630 613 ignis
1670 549 1804 598 velut
1837 559 1862 597 5

114 625 165 672 in
206 639 330 688 aqua
368 623 632 683 fluescere,
686 622 996 687 eundemque
1036 623 1222 671 faceret
1261 637 1386 687 aqua
1425 622 1560 671 velut
1597 625 1649 671 in
1689 625 1800 687 igne

111 699 379 763 crepitare3
431 703 515 746 aut
560 697 784 746 futurum
835 696 1044 759 fontem,
1092 698 1233 746 cuius
1281 711 1406 760 aqua
1453 698 1503 745 in
1543 697 1802 760 refrigerio

115 773 274 820 noctis
326 773 396 820 sic
447 771 640 836 ardeat,
697 777 751 820 ut
798 786 897 819 non
943 772 1100 835 possit
1139 772 1296 837 tangi,
1335 772 1385 818 in
1426 769 1645 820 aestibus
1685 786 1801 819 vero

111 845 212 894 diei
251 847 321 894 sic
361 845 540 912 algeat,
586 851 640 894 ut
679 860 778 894 non
819 847 974 909 possit
1013 844 1136 910 bibi3
1187 852 1272 893 aut
1310 845 1535 894 futurum
1573 844 1800 909 lapidem,

114 919 190 968 vel
236 934 350 968 eum
398 921 483 983 qui
533 935 622 968 suo
672 918 832 967 calore
879 934 1080 967 manum
1128 920 1512 983 constringentis
1554 919 1800 983 adureret,
1839 928 1892 966 10

115 992 191 1042 vel
231 1008 344 1042 eum
393 995 478 1057 qui
524 992 871 1057 undecumque
923 1008 1162 1042 accensus
1203 994 1424 1057 extingui
1464 994 1664 1041 omnino
1705 1008 1804 1041 non

113 1074 307 1132 posset,
349 1074 397 1116 et
437 1073 604 1115 cetera
644 1082 768 1131 quae
808 1068 1170 1131 praetermissis
1210 1067 1315 1115 aliis
1355 1068 1632 1116 innumeris
1673 1081 1802 1115 com-

115 1140 430 1190 memoranda
461 1142 662 1190 interim
693 1137 846 1190 duxi?
906 1140 1038 1189 Haec
1070 1156 1187 1205 ergo
1221 1142 1272 1189 in
1305 1140 1386 1189 illo
1420 1141 1631 1207 saecuIO,
1672 1141 1804 1205 quod

116 1215 340 1264 futurum
380 1221 475 1280 est,
524 1216 566 1263 si
613 1215 893 1264 diceremus
933 1215 1100 1263 futura
1148 1214 1388 1279 nobisque
1438 1214 1682 1264 increduli
1729 1230 1804 1263 re·
1944 1269 1948 1274 ,

113 1288 439 1353 sponderent:
490 1288 585 1354 „Si
632 1287 777 1337 vultis
825 1295 881 1337 ut
921 1304 977 1337 ea
1018 1287 1299 1353 credamUS,
1348 1288 1407 1337 de
1449 1289 1655 1353 singulis
1696 1289 1805 1337 red·
1842 1297 1894 1336 15

114 1362 215 1412 dite
272 1357 565 1412 rationem“:
620 1377 711 1411 nos
766 1378 865 1411 non
921 1378 1066 1427 posse
1123 1363 1504 1428 confiteremur,
1561 1378 1618 1411 eo
1675 1362 1806 1427 quod

115 1437 224 1485 istis
275 1442 324 1485 et
375 1435 618 1486 similibus
670 1435 758 1485 Dei
809 1438 947 1485 miris
999 1436 1234 1501 operibus
1281 1433 1475 1486 infirma
1527 1437 1806 1486 mortalium

117 1511 426 1559 ratiocinatio
466 1512 772 1576 vinceretur3
821 1510 965 1559 fixam
1006 1517 1170 1560 tamen
1210 1510 1339 1576 apud
1379 1527 1469 1560 nos
1511 1526 1619 1560 esse
1660 1512 1806 1560 ratio-

116 1599 245 1650 nem,
285 1599 383 1633 non
423 1585 529 1633 sine
561 1586 750 1633 ratione
785 1583 1187 1649 Omnipotentem
1226 1585 1404 1651 facere,
1444 1585 1574 1634 unde
1615 1587 1807 1634 animus

117 1657 362 1706 humanus
417 1658 643 1707 infirmus
697 1659 940 1707 rationem
994 1674 1095 1707 non
1147 1665 1312 1723 potest
1365 1658 1597 1724 reddere3
1653 1665 1702 1707 et
1756 1660 1807 1707 in
1842 1667 1896 1706 20

117 1731 284 1780 multis
319 1731 517 1796 quidem
551 1731 701 1780 rebus
740 1733 989 1781 incertum
1028 1731 1170 1781 nobis
1211 1747 1321 1781 esse
1362 1733 1480 1796 quid
1521 1733 1649 1799 velit,
1690 1731 1810 1781 illud

119 1811 284 1854 tamen
324 1821 433 1854 esse
474 1807 834 1872 certissimum,
874 1805 996 1854 nihil
1035 1821 1209 1855 eorum
1248 1806 1318 1854 illi
1358 1821 1467 1855 esse
1507 1805 1809 1872 inpossibile,

119 1895 460 1944 quaecumque
493 1879 729 1946 voluerit3
770 1881 914 1944 eique
947 1895 1037 1928 nos
1072 1880 1276 1929 credere
1308 1879 1629 1946 praedicenti,
1663 1896 1811 1944 quem

117 1968 279 2017 neque
326 1955 633 2018 inpotentem
691 1969 853 2018 neque
905 1955 1227 2002 mentientem
1277 1969 1542 2018 possumus
1591 1954 1810 2003 credere.

117 2026 181 2075 Hi
225 2033 390 2076 tamen
436 2027 550 2076 fidei
597 2027 984 2092 reprehensores
1032 2035 1385 2093 exactoresque
1433 2029 1638 2077 rationis
1692 2029 1809 2093 quid
1845 2037 1899 2076 25

119 2101 180 2149 ad
219 2102 311 2150 ista
351 2100 668 2167 respondent,
709 2101 768 2150 de
810 2101 989 2165 quibus
1029 2103 1153 2150 ratio
1193 2102 1334 2151 reddi
1373 2101 1432 2150 ab
1473 2102 1670 2150 homine
1712 2118 1810 2151 non

119 2180 308 2239 potest,
364 2181 413 2223 et
459 2181 623 2223 tamen
671 2182 812 2242 sunt,
861 2181 911 2224 et
957 2177 1052 2240 ipsi
1099 2178 1279 2224 rationi
1325 2183 1530 2225 naturae
1582 2175 1812 2225 videntur

121 2263 230 2296 esse
271 2246 551 2298 contraria?
629 2248 763 2306 Quae
805 2251 847 2297 si
886 2249 1052 2299 futura
1092 2265 1200 2298 esse
1241 2250 1543 2315 diceremUS,
1585 2250 1811 2299 similiter

121 2336 148 2370 a
187 2321 354 2388 nobiS,
401 2324 530 2371 sicut
577 2338 750 2372 eorum
798 2338 922 2387 quae
971 2323 1138 2372 futura
1185 2339 1292 2372 esse
1341 2324 1577 2390 dicimuS,
1629 2324 1687 2372 ab
1739 2326 1810 2372 in-

121 2395 348 2444 fidelibus
398 2398 522 2444 ratio
570 2403 876 2460 posceretur.
953 2396 1020 2445 Ac
1067 2413 1157 2461 per
1203 2397 1323 2463 hoc,
1372 2412 1486 2446 cum
1532 2399 1583 2446 in
1632 2397 1810 2446 talibus
1845 2405 1902 2444 30

122 2469 357 2532 operibus
412 2468 501 2518 Dei
555 2470 749 2519 deficiat
802 2472 926 2519 ratio
983 2470 1146 2519 cordis
1202 2477 1251 2519 et
1302 2472 1544 2520 sermonis
1597 2470 1812 2535 humani,

124 2543 253 2590 sicut
291 2544 384 2591 ista
423 2558 521 2591 non
553 2543 662 2592 ideo
696 2559 794 2592 non
835 2550 964 2609 sunt,
1005 2546 1076 2592 sic
1117 2560 1215 2592 non
1255 2544 1365 2592 ideo
1407 2545 1555 2592 etiam
1594 2543 1674 2592 illa
1714 2559 1811 2592 non

125 2621 286 2680 erunt,
328 2618 557 2679 quoniam
605 2619 728 2665 ratio
776 2616 836 2665 de
884 2619 1109 2681 utrisque
1157 2617 1215 2665 ab
1264 2617 1460 2666 homine
1506 2633 1605 2666 non
1648 2624 1813 2682 potest

126 2688 280 2737 reddi.
1660 2687 1663 2692 ’

217 2963 311 2988 AUG.
336 2965 388 2988 mx
415 2965 492 2991 cxv.
517 2965 597 2989 DEI.
622 2958 674 2989 Π.
1403 2958 1456 2997 32
1482 2940 1522 2968 ο
