2054 3152
618 187 685 219 DE
710 184 951 219 mmmm
975 186 1063 219 nm
1085 187 1127 220 L.
1152 186 1255 220 xiv.
1282 186 1319 219 c.
1342 188 1377 221 8.
1793 175 1858 227 19

175 313 269 348 nus
324 299 464 347 testis
513 304 589 347 est
637 313 841 364 versuS,
895 297 980 347 ubi
1033 297 1121 348 has
1178 304 1410 362 quattuor
1455 297 1859 363 perturbationes

175 383 381 421 summa
400 370 638 420 brevitate
679 371 964 436 complexus
1004 378 1102 422 est:

319 490 449 539 Hinc
486 493 716 539 metuunt
755 490 1074 552 cupiuntque,
1112 490 1283 539 dolent
1322 490 1655 554 gaudentque.

173 607 304 657 Dixit
343 609 490 657 etiam
529 578 660 656 idem
700 614 894 657 auctor:

676 697 813 745 Mala,
850 697 1031 745 mentis
1071 696 1270 760 gaudia.
1892 705 1918 745 5

319 798 532 847 Proinde
564 798 735 848 volunt
766 805 940 848 cavent
967 799 1183 863 gaudent
1215 805 1264 848 et
1293 798 1410 847 honi
1449 806 1499 847 et
1537 798 1672 864 mali3
1712 806 1858 863 atque

175 880 231 922 ut
262 873 430 921 eadem
464 872 570 921 aliis
602 871 765 921 verbis
797 874 1128 938 enuntiemus,
1167 873 1375 937 cupiunt
1406 874 1582 922 timent
1615 872 1859 922 laetantur

174 954 224 996 et
261 945 380 994 honi
420 953 468 995 et
508 946 644 1011 mali3
684 945 770 995 sed
811 946 879 994 illi
919 946 1067 1012 bene,
1106 948 1189 995 isti
1227 946 1368 1012 male,
1408 948 1537 995 sicut
1576 946 1858 996 hominibus

173 1035 261 1068 seu
300 1026 434 1068 recta
483 1034 571 1068 seu
617 1034 850 1084 perversa
888 1019 1112 1068 voluntas
1153 1026 1242 1068 est.
1319 1019 1429 1084 Ipsa
1468 1035 1665 1084 quoque
1704 1015 1856 1069 tristi-

172 1095 253 1159 tia,
290 1108 382 1157 pro
415 1108 510 1157 qua
545 1093 698 1143 Stoici
730 1093 852 1141 nihil
882 1095 934 1141 in
974 1095 1134 1141 animo
1177 1095 1424 1157 sapientes
1462 1095 1674 1142 inveniri
1711 1109 1856 1158 posse
1895 1103 1947 1143 10

169 1173 491 1232 putaverunt,
541 1167 792 1231 reperitur
837 1168 889 1215 in
935 1165 1064 1215 bono
1117 1174 1166 1215 et
1212 1168 1419 1215 maxime
1469 1167 1596 1230 apud
1643 1174 1856 1216 nostros

170 1239 293 1288 Nam
331 1239 497 1288 laudat
542 1239 792 1304 apostolus
832 1238 1135 1305 Corinthios,
1187 1239 1317 1303 quod
1358 1241 1635 1288 contristati
1674 1240 1860 1289 fuerint

172 1313 444 1362 secundum
476 1312 647 1362 Deum.
711 1312 806 1362 Sed
849 1313 1058 1362 fortasse
1100 1314 1211 1377 quis
1244 1313 1424 1362 dixerit
1453 1313 1549 1362 illis
1581 1314 1858 1378 apostolum

172 1387 324 1435 fuisse
365 1386 782 1451 congratulatum,
832 1386 964 1451 quod
1004 1388 1283 1436 contristati
1322 1387 1509 1436 fuerint
1545 1387 1857 1453 paenitendo,

171 1459 327 1524 qualis
366 1461 588 1526 tristitia,
627 1461 723 1509 nisi
761 1475 935 1509 eorum
975 1462 1059 1524 qui
1096 1462 1424 1527 peccaverint,
1461 1475 1571 1509 esse
1611 1476 1710 1509 non
1750 1468 1855 1525 pot-
1891 1471 1945 1511 15

98 1553 109 1560 ·
171 1529 258 1582 est.
335 1533 406 1582 Ita
460 1535 591 1582 enim
646 1532 785 1583 dicit:
846 1534 998 1583 Video
1045 1536 1183 1595 quod
1226 1537 1440 1597 epistula
1487 1537 1595 1595 illa,
1645 1537 1739 1584 etsi
1787 1537 1860 1584 ad

169 1608 361 1667 horam,
395 1610 714 1657 contristavit
735 1622 819 1657 vos
828 1625 847 1666 ;
885 1622 1022 1657 nunc
1041 1609 1260 1669 qaudeo,
1299 1622 1398 1657 non
1422 1610 1544 1669 quia
1569 1611 1860 1658 contristati

170 1683 300 1741 estis,
338 1683 431 1730 sed
466 1683 587 1741 quia
627 1684 918 1730 contristati
954 1683 1071 1730 estis
1110 1684 1162 1732 in
1195 1684 1576 1744 paenitentiam.
1661 1683 1853 1731 Contri—

167 1757 290 1803 stati
335 1756 466 1803 enim
512 1757 628 1803 estis
674 1756 951 1804 secundum
991 1755 1175 1814 Deum,
1222 1761 1280 1803 ut
1318 1757 1370 1803 in
1409 1759 1544 1804 nullo
1585 1757 1853 1805 detrimen-

169 1835 271 1876 tum
312 1829 587 1888 patiamini
637 1842 703 1876 ex
750 1829 905 1876 nobis‘
992 1829 1133 1887 Quae
1186 1830 1317 1876 enim
1365 1830 1644 1877 secundum
1693 1830 1854 1878 Deum
1887 1839 1943 1879 20

168 1906 242 1950 est
265 1902 487 1962 tristitia,
514 1903 880 1962 paenitentiam
906 1904 957 1949 in
988 1904 1200 1950 salutem
1233 1903 1643 1963 impaenitendam
1674 1916 1852 1964 opera-

168 1980 252 2023 tur
262 1991 281 2032 ;
319 1976 496 2023 mundi
525 1980 692 2022 autem
724 1976 932 2023 tristitia
964 1979 1172 2024 mortem
1212 1980 1470 2036 operatur.
1547 1975 1684 2024 Ecce
1723 1979 1854 2024 enim

168 2050 224 2096 id
266 2050 427 2109 ipsum
473 2050 749 2097 secundum
796 2048 958 2097 Deum
1004 2051 1308 2098 contristari
1349 2053 1591 2109 quautam
1631 2049 1856 2111 perfecit

169 2115 220 2170 in
252 2122 388 2170 vobis
421 2123 738 2170 industriam.
816 2121 884 2170 Ac
924 2137 1014 2186 per
1052 2121 1146 2170 hoc
1184 2128 1395 2186 possunt
1427 2122 1580 2170 Stoici
1617 2137 1708 2186 pro
1749 2124 1853 2171 suis

166 2193 390 2258 partibus
430 2194 759 2260 respondere,
798 2194 857 2243 ad
895 2194 990 2243 hoc
1030 2195 1185 2244 videri
1223 2194 1395 2244 utilem
1436 2210 1544 2244 esse
1584 2197 1852 2263 tristitiam,
1885 2205 1940 2245 25

167 2274 222 2316 ut
252 2282 484 2333 peccasse
517 2269 785 2333 paeniteat3
824 2269 874 2316 in
908 2270 1068 2317 animo
1110 2275 1274 2317 autem
1315 2270 1549 2333 sapientis
1589 2268 1700 2317 ideo
1742 2285 1850 2318 esse

166 2355 264 2389 non
295 2356 457 2406 posse,
497 2342 611 2404 quia
650 2356 741 2389 nec
780 2349 1036 2405 peccatum
1077 2343 1127 2390 in
1168 2357 1282 2390 eum
1321 2341 1464 2407 cadit,
1503 2343 1644 2391 cuius
1683 2345 1849 2407 paeni·

164 2415 316 2463 tentia
357 2416 703 2480 contristetur,
750 2429 841 2463 nec
889 2415 1044 2464 ullum
1083 2414 1214 2464 aliud
1254 2414 1456 2481 malum,
1506 2415 1636 2479 quod
1673 2431 1848 2480 perpe-

167 2487 332 2536 tiendo
366 2495 415 2536 et
454 2487 711 2536 sentiendo
752 2489 815 2536 sit
854 2489 1024 2537 tristis.
1101 2488 1224 2537 Nam
1264 2495 1313 2537 et
1344 2488 1643 2538 Alcibiadem
1683 2490 1851 2538 ferunt

166 2555 234 2627 (si
272 2576 350 2609 me
389 2560 450 2608 de
490 2562 687 2610 nomine
726 2560 938 2609 hominis
978 2563 1213 2610 memoria
1252 2576 1350 2610 non
1391 2557 1561 2629 fallit),
1601 2577 1713 2612 cum
1754 2561 1846 2611 sibi
1878 2572 1935 2613 30

284 2690 327 2742 3)
360 2686 474 2731 Aen.
509 2692 550 2742 6,
584 2692 680 2731 733.
744 2688 792 2742 5)
822 2687 935 2732 Aen.
970 2692 1011 2743 6,
1044 2693 1143 2732 278.
1206 2689 1280 2744 24)
1313 2693 1355 2734 2.
1387 2687 1486 2733 Cor.
1523 2693 1561 2743 7,
1595 2693 1621 2733 8
1655 2703 1753 2744 sqq.

285 2853 338 2893 18
370 2848 420 2892 in
439 2861 562 2904 ,ms-Q
594 2848 655 2891 ad
684 2862 710 2892 v
733 2850 749 2905 ΙΙ
773 2853 827 2892 23
860 2848 1098 2893 dominum
1131 2848 1175 2893 V
1192 2851 1208 2906 ss
1232 2848 1499 2893 contristari
1530 2863 1611 2894 vos
1635 2849 1686 2893 F
1704 2851 1719 2907 ΙΙ
1741 2864 1844 2907 per—

162 2906 276 2951 fecit
314 2907 399 2951 VA
429 2920 510 2952 sec.
544 2906 729 2961 Graec.,·
758 2907 941 2964 perficit
968 2922 994 2952 v

1431 2982 1489 3024 2·
