2004 3140
109 932 163 972 10

107 1301 162 1341 15

104 1670 160 1710 20

102 2039 158 2079 25

101 2408 158 2448 30

197 137 307 188 270
872 147 907 180 S.
930 146 1207 181 AUGUS'rnu

197 275 303 309 ram
349 261 691 324 promissionis
739 261 953 326 accepit,
1002 275 1141 309 sacra
1187 266 1304 310 sunt
1352 261 1578 310 instituta
1617 259 1711 309 diis
1752 260 1884 311 falsis

198 350 224 383 a
285 333 486 398 regibus
541 333 796 400 Graeciae,
859 349 982 398 quae
1039 335 1326 383 memoriam
1380 333 1549 383 diluvii
1608 340 1657 383 et
1710 333 1770 383 ab
1825 350 1883 384 eo

195 407 501 457 liberationis
540 408 797 457 hominum
842 410 1069 472 vitaeque
1117 414 1238 458 tunc
1277 422 1598 457 aerumnosae
1639 407 1784 459 modo
1823 408 1884 458 ad

198 481 307 548 alta,
345 481 491 530 modo
525 482 584 531 ad
615 482 760 547 plana
798 483 1116 547 migrantium
1156 480 1381 531 sollemni
1420 480 1705 532 celebritate
1744 497 1881 531 revo-

198 562 387 605 carunt.
463 554 587 604 Nam
626 563 675 606 et
713 555 1054 621 Lupercorum
1100 570 1191 620 per
1230 570 1418 604 sacram
1457 557 1584 605 viam
1622 571 1885 606 ascensum

196 636 343 694 atque
390 629 683 680 descensum
734 632 804 679 sic
850 632 1267 695 interpretantur,
1313 636 1369 678 ut
1407 628 1467 678 ab
1506 630 1577 678 eis
1618 630 1884 694 significari

197 703 362 753 dicant
405 703 654 770 homineS,
701 706 787 768 qui
832 710 1036 769 propter
1083 718 1236 767 aquae
1285 702 1655 752 inundationem
1694 718 1884 753 summa

195 779 438 827 montium
494 779 776 842 petiverunt
829 787 879 827 et
933 792 1109 827 rursus
1165 776 1336 826 eadem
1382 776 1629 825 residente
1678 777 1737 825 ad
1787 780 1884 826 ima

196 851 467 920 redierunt.
554 851 643 900 His
699 851 1006 916 temporibus
1056 850 1349 916 Dionysum,
1401 852 1485 915 qui
1537 851 1685 900 etiam
1734 849 1883 901 Liber

196 931 336 990 pater
369 925 530 974 dictus
563 932 638 974 est
670 932 719 975 et
749 932 864 990 post
894 931 1105 974 mortem
1138 924 1261 973 deus
1292 923 1504 991 habitus,
1535 925 1685 974 vitem
1717 925 1884 975 serunt

195 998 470 1048 ostendisse
503 1000 556 1048 in
586 999 747 1048 Attica
778 1007 911 1049 terra
951 999 1134 1063 hospiti
1173 1014 1278 1048 silo.
1355 998 1496 1047 Tunc
1528 998 1742 1063 Apollini
1772 999 1880 1049 Del-

194 1072 340 1137 phico
394 1073 610 1122 instituti
660 1080 776 1122 sunt
823 1073 926 1122 ludi
974 1074 1180 1138 musici,
1235 1078 1291 1122 ut
1329 1072 1609 1137 placaretur
1647 1074 1722 1122 ira
1761 1074 1883 1140 eius,

196 1161 291 1210 qua
337 1145 575 1211 putabant
626 1147 843 1196 adflictas
893 1162 1001 1196 esse
1050 1145 1309 1196 sterilitate
1359 1146 1592 1195 Graeciae
1638 1148 1883 1213 regiones,

195 1222 310 1284 quia
363 1235 463 1269 non
518 1220 831 1270 defenderint
878 1221 1116 1286 templum
1165 1222 1300 1286 eiuS,
1356 1220 1486 1284 quod
1536 1236 1626 1270 rex
1673 1219 1883 1288 DanauS,
1921 1242 1924 1245 ’

195 1309 308 1343 cum
348 1294 544 1343 easdem
583 1301 742 1344 terras
782 1294 910 1344 bello
950 1297 1225 1361 invasisset,
1263 1293 1496 1343 incendit.
1574 1293 1675 1344 Hos
1715 1301 1882 1344 autem

193 1367 335 1416 ludos
374 1374 431 1416 ut
460 1370 795 1435 instituerent,
834 1368 1033 1418 oraculo
1074 1375 1191 1418 sunt
1229 1370 1336 1417 eius
1376 1367 1625 1417 admoniti.
1701 1367 1758 1417 In
1796 1368 1879 1418 At-

193 1443 289 1490 tica
328 1456 445 1490 vero
485 1457 573 1491 rex
611 1442 965 1493 Erichthonius
1006 1444 1052 1491 ei
1089 1442 1231 1492 ludos
1270 1443 1460 1507 primus
1499 1443 1742 1509 instituit,
1788 1457 1881 1491 nec

193 1516 239 1564 ei
277 1521 492 1582 tantum,
544 1516 631 1565 sed
671 1519 818 1566 etiam
857 1516 1127 1582 Minervae,
1173 1515 1259 1566 ubi
1298 1517 1572 1580 praemium
1610 1515 1882 1566 victoribus

194 1588 356 1638 oleum
403 1589 703 1656 ponebatur,
751 1591 883 1655 quod
932 1592 1037 1639 eius
1085 1590 1279 1639 fructus
1326 1591 1650 1639 inventricem
1699 1589 1879 1639 Miner-

191 1678 322 1724 vam,
371 1665 500 1713 sicut
538 1666 638 1713 vini
676 1663 913 1714 Liberum
950 1663 1166 1713 tradunt.
1244 1663 1340 1712 Per
1381 1679 1466 1712 eos
1505 1679 1659 1713 annos
1699 1679 1726 1712 a
1764 1678 1880 1728 rege

192 1735 386 1786 Xantho
429 1737 755 1805 Cretensium,
795 1740 937 1787 cuius
977 1738 1106 1803 apud
1146 1737 1266 1787 alios
1306 1737 1437 1786 aliud
1476 1752 1657 1787 nomen
1695 1738 1880 1788 inveni-

192 1826 324 1877 mus,
363 1817 503 1876 rapta
541 1811 834 1877 perhibetur
873 1812 1093 1878 Europa,
1141 1818 1190 1861 et
1228 1811 1342 1861 inde
1382 1813 1538 1876 geniti
1575 1811 1880 1865 Rhadaman-

191 1884 330 1951 thus,
372 1884 627 1950 Sarpedon
668 1893 718 1935 et
764 1886 945 1952 Minos,
986 1901 1111 1950 quos
1160 1887 1312 1950 magis
1365 1901 1424 1934 ex
1465 1885 1643 1938 eadem
1673 1885 1880 1935 muliere

192 1957 318 2006 filios
364 1958 492 2008 Iovis
539 1975 648 2008 esse
696 1960 947 2024 vulgatum
998 1966 1087 2008 est.
1166 1959 1263 2007 Sed
1311 1959 1480 2008 talium
1533 1959 1740 2008 deorum
1780 1958 1879 2008 cul-

194 2038 328 2080 tores
366 2032 509 2098 illud,
557 2033 688 2097 quod
728 2034 787 2082 de
828 2049 944 2097 rege
987 2032 1295 2082 Cretensium
1337 2033 1569 2098 diximus,
1617 2032 1880 2081 historicae

190 2106 400 2171 veritati,
439 2106 532 2155 hoc
573 2113 759 2173 autem,
801 2106 932 2170 quod
972 2106 1032 2154 de
1072 2106 1184 2154 Iove
1224 2111 1396 2170 poetae
1439 2112 1650 2170 cantant,
1690 2105 1879 2155 theatra

192 2186 508 2245 concrepant,
546 2179 716 2244 populi
756 2179 1030 2245 celebrant,
1070 2181 1270 2228 vanitati
1311 2178 1549 2243 deputant
1587 2178 1880 2244 fabularum,

190 2260 247 2301 ut
286 2259 418 2302 esset
456 2253 587 2302 unde
636 2253 739 2303 ludi
779 2254 955 2302 fierent
993 2252 1242 2317 placandis
1282 2252 1568 2302 numinibus
1609 2255 1755 2302 etiam
1795 2253 1878 2303 fal-

192 2327 259 2374 sis
301 2341 474 2375 eorum
515 2326 818 2376 criminibus.
896 2326 984 2375 His
1023 2325 1330 2391 temporibus
1370 2325 1608 2376 Hercules
1647 2329 1698 2375 in
1739 2327 1878 2392 Syria

193 2399 354 2449 clarus
402 2399 696 2467 habebatur3
752 2400 838 2450 sed
886 2402 1121 2449 nimirum
1168 2400 1316 2466 alius,
1371 2415 1468 2448 non
1516 2399 1623 2464 ille,
1678 2400 1737 2449 de
1779 2416 1875 2464 quo

194 2489 342 2538 supra
397 2474 550 2523 locuti
605 2490 790 2524 sumus,
878 2473 1158 2523 Secretiore
1213 2476 1395 2538 quippe
1450 2474 1655 2522 historia
1707 2473 1877 2538 plures

191 2548 346 2596 fuisse
386 2549 619 2598 dicuntur
659 2555 708 2598 et
747 2547 912 2597 Liberi
950 2554 1116 2612 patres
1157 2554 1207 2596 et
1246 2547 1497 2597 Hercules,
1575 2546 1718 2596 Hunc
1759 2562 1874 2596 sane

191 2620 479 2683 Herculem,
520 2625 661 2672 cuius
700 2623 916 2687 ingentia
956 2621 1216 2670 duodecim
1255 2622 1381 2670 facta
1420 2627 1706 2688 numerant,
1744 2623 1876 2670 inter

193 2709 317 2758 quae
356 2696 531 2744 Antaei
570 2697 675 2745 Afri
715 2711 887 2745 necem
934 2711 1033 2744 non
1073 2701 1481 2761 commemorant,
1528 2694 1659 2759 quod
1700 2710 1756 2744 ea
1794 2710 1875 2743 res

312 2887 333 2923 1
368 2882 579 2938 promis&
613 2881 730 2936 RA‚-
761 2881 1021 2939 repromiss.
1054 2895 1079 2925 v
1104 2883 1168 2938 119
1201 2881 1463 2938 dionysium
1494 2894 1582 2925 mss
