2004 3140
134 777 167 818 5

108 1176 165 1215 10

109 1542 165 1583 15

101 1910 165 1951 20

103 2277 165 2318 ⁴25

104 2644 166 2684 30

196 129 307 183 346
879 139 914 174 s.
939 137 1214 174 Anoosrm

776 365 1084 418 LIBER
1143 365 1315 420 XIX.

902 586 1099 642 CAPUT
1139 587 1179 640 I.

208 698 354 756 Quod
392 698 443 745 in
483 697 796 757 quaestione,
843 708 993 755 quam
1043 697 1105 744 de
1138 697 1327 755 finibus
1367 697 1610 745 bonorum
1648 699 1698 745 et
1734 698 1886 744 malo-

201 786 314 820 rum
341 771 690 834 philosophica
722 770 995 831 disputatio
1035 771 1305 830 ventilavit,
1346 771 1592 819 ducentas
1631 771 1887 830 octoqinta

383 849 433 894 et
452 849 580 922 ‘octo
618 848 783 893 sectas
823 857 929 892 esse
960 857 1108 905 posse
1159 843 1322 893 Varro
1355 845 1693 906 perspexerit.

347 947 588 1004 Quoniam
638 946 697 994 de
747 946 955 995 civitatis
1009 947 1292 1012 utriusque,
1339 953 1567 995 terrenae
1608 945 1796 995 scilicet
1835 951 1886 994 et

199 1020 424 1070 caelestis
437 1060 450 1085 ,
502 1019 680 1069 debitis
734 1018 916 1069 finibus
974 1019 1209 1085 deinceps
1269 1019 1389 1069 mihi
1439 1020 1579 1069 video
1633 1019 1886 1084 disputan-

199 1095 338 1144 dum:
388 1095 529 1158 prius
582 1093 868 1158 exponenda
920 1099 1057 1154 sunt,
1110 1100 1348 1158 quantum
1395 1095 1561 1158 operis
1599 1093 1747 1142 huius
1787 1099 1885 1142 ter-

198 1167 414 1216 minandi
461 1169 585 1216 ratio
633 1169 841 1233 patitur,
887 1174 1176 1232 argumenta
1215 1167 1519 1234 mortalium,
1571 1166 1751 1232 quibus
1791 1164 1886 1214 sibi

196 1243 291 1306 ipsi
331 1241 685 1290 beatitudinem
732 1242 893 1290 facere
941 1242 993 1289 in
1040 1241 1187 1290 huius
1236 1243 1363 1290 vitae
1402 1241 1688 1290 infelicitate
1729 1239 1887 1289 moliti

199 1322 338 1380 sunt,
386 1322 442 1363 ut
481 1314 540 1363 ab
581 1329 753 1363 eorum
793 1313 943 1363 rebus
982 1316 1118 1363 vanis
1158 1330 1271 1379 spes
1311 1322 1480 1364 nostra
1521 1314 1637 1379 quid
1678 1314 1886 1378 differat,

198 1403 343 1452 quam
383 1388 514 1437 Deus
562 1387 704 1437 nobis
744 1387 898 1448 dedit,
948 1395 997 1436 et
1035 1403 1117 1436 res
1155 1390 1283 1453 ipsa,
1332 1387 1424 1437 hoc
1466 1395 1542 1436 est
1579 1402 1692 1436 vera
1732 1386 1884 1436 beati·

197 1462 332 1526 tud0,
372 1477 517 1526 quam
558 1461 716 1526 dabit,
756 1477 855 1510 non
894 1468 1084 1510 tantum
1124 1463 1415 1511 auctoritate
1457 1461 1633 1527 divina,
1674 1460 1761 1510 sed
1802 1460 1883 1509 ad-

198 1535 352 1584 hibita
400 1537 546 1584 etiam
596 1537 812 1600 ratione,
864 1534 1056 1598 qualem
1103 1543 1308 1600 propter
1358 1535 1581 1584 infideles
1620 1549 1885 1600 possumus

198 1608 456 1669 adhibere,
507 1608 759 1657 clarescat.
834 1607 902 1656 De
951 1608 1130 1658 finibus
1178 1610 1309 1657 enim
1356 1608 1599 1658 bonorum
1650 1614 1699 1657 et
1737 1607 1885 1657 malo·

198 1698 310 1731 rum
341 1682 494 1731 multa
527 1689 576 1731 et
607 1681 945 1746 multipliciter
975 1683 1106 1731 inter
1139 1697 1190 1731 se
1224 1682 1503 1747 philosophi
1543 1682 1884 1747 disputarunt3

199 1771 344 1819 quam
395 1758 732 1820 quaestionem
780 1757 988 1804 maxima
1035 1758 1308 1805 intentione
1359 1764 1613 1805 versantes
1660 1757 1883 1805 invenire

199 1831 361 1879 conati
412 1835 553 1896 sunt,
600 1829 717 1894 quid
766 1829 947 1878 efficiat
998 1829 1246 1878 hominem
1298 1829 1510 1879 beatum.
1587 1829 1711 1878 Illud
1753 1830 1884 1877 enim

199 1910 274 1952 est
314 1903 423 1952 finis
456 1902 573 1952 boni
605 1904 778 1968 nostri,
818 1903 1193 1968 propter-quod
1235 1904 1507 1968 appetenda
1548 1911 1664 1952 sunt
1703 1909 1885 1963 cetera,

198 1978 360 2040 ipsum
399 1983 564 2025 autem
609 1983 814 2041 propter
863 1992 914 2025 se
956 1979 1139 2042 ipsum3
1188 1983 1238 2026 et
1275 1977 1395 2026 illud
1436 1978 1546 2025 finis
1586 1976 1722 2042 mali,
1768 1990 1882 2040 pro-

196 2057 307 2114 pter
355 2049 486 2113 quod
533 2050 725 2098 vitanda
775 2057 891 2098 sunt
938 2057 1124 2116 cetera,
1173 2053 1335 2115 ipsum
1382 2059 1546 2100 autem
1584 2057 1789 2115 propter
1828 2063 1881 2098 se

196 2125 373 2186 ipsum.
451 2123 622 2171 Finem
673 2122 789 2171 boni
838 2138 955 2187 ergo
1006 2139 1139 2172 nunc
1187 2123 1419 2191 dicimus,
1469 2139 1568 2173 non
1616 2139 1712 2188 quo
1764 2137 1882 2172 con·

199 2202 445 2262 sumatur,
484 2202 539 2244 ut
579 2211 677 2244 non
717 2198 802 2262 sit,
849 2196 934 2245 sed
975 2212 1072 2260 quo
1111 2197 1418 2262 perficiatur,
1457 2204 1512 2247 ut
1551 2196 1752 2262 plenum
1791 2197 1882 2261 sit3

199 2275 248 2318 et
287 2269 435 2318 finem
475 2269 608 2334 mali,
649 2285 747 2318 non
789 2284 885 2333 quo
927 2285 1034 2318 esse
1076 2269 1288 2337 desinat,
1335 2271 1558 2334 sed‘quo
1598 2285 1755 2334 usque
1797 2285 1883 2318 no-

198 2342 355 2391 cendo
406 2342 656 2407 perducat.
734 2342 880 2391 Fines
931 2344 1095 2406 itaque
1135 2345 1217 2392 isti
1257 2351 1372 2392 sunt
1411 2359 1658 2392 summum
1697 2343 1883 2392 bonum

199 2423 248 2464 et
288 2431 534 2465 summum
574 2415 768 2464 malum.
846 2415 914 2464 De
952 2415 1131 2480 quibus
1170 2416 1475 2466 inveniendis
1515 2423 1661 2481 atque
1701 2418 1751 2465 in
1790 2416 1882 2465 hac

198 2492 293 2538 vita
357 2505 549 2538 summo
612 2489 740 2538 bono
802 2489 1144 2554 adipiscendO,
1204 2490 1399 2540 vitando
1463 2497 1625 2539 autem
1689 2505 1882 2539 summo

198 2563 350 2627 maIO,
396 2562 626 2628 multum,
675 2564 802 2612 sicut
840 2562 961 2627 dixi,
1007 2562 1374 2630 laboraverunt,
1427 2565 1511 2627 qui
1551 2563 1769 2612 studium
1808 2578 1882 2612 sa—

199 2637 410 2700 pientiae
444 2638 494 2684 in
526 2637 710 2685 saeculi
742 2637 887 2685 huius
919 2638 1130 2685 vanitate
1162 2639 1375 2701 professi
1407 2643 1542 2703 sunt3
1582 2652 1674 2686 nec
1715 2644 1878 2703 tamen

198 2724 308 2774 θος,
363 2712 582 2773 quamvis
632 2710 837 2759 diversis
885 2716 1107 2758 errantes
1154 2711 1337 2776 modiS,
1392 2718 1594 2760 naturae
1648 2710 1788 2759 limes
1827 2711 1879 2758 in

197 2789 387 2830 tantum
434 2782 492 2831 ab
539 2785 714 2832 itinere
743 2784 981 2832 ⁴veritatis
1032 2783 1223 2832 deviare
1265 2786 1510 2850 permisit,
1555 2790 1610 2832 ut
1651 2799 1748 2831 non
1789 2782 1870 2831 alii

196 2855 247 2902 in
289 2857 472 2921 animo,
520 2856 599 2904 alii
637 2859 687 2905 in
729 2871 957 2921 corpore,
1008 2855 1087 2904 alii
1127 2858 1176 2905 in
1219 2864 1429 2922 utroque
1471 2859 1592 2905 fines
1634 2856 1878 2905 bonorum
