<?xml version="1.0" encoding="UTF-8"?>
<!DOCTYPE html PUBLIC "-//W3C//DTD XHTML 1.0 Transitional//EN"
    "http://www.w3.org/TR/xhtml1/DTD/xhtml1-transitional.dtd">
<html xmlns="http://www.w3.org/1999/xhtml" xml:lang="en" lang="en">
 <head>
  <title>
</title>
<meta http-equiv="Content-Type" content="text/html;charset=utf-8" />
  <meta name='ocr-system' content='tesseract 3.04.00' />
  <meta name='ocr-capabilities' content='ocr_page ocr_carea ocr_par ocr_line ocrx_word'/>
</head>
<body>
  <div class='ocr_page' id='page_1' title='image "./decivitatedeilib02auguuoft_0193.png"; bbox 0 0 2044 3146; ppageno 0'>
   <div class='ocr_carea' id='block_1_1' title="bbox 572 135 1818 188">
    <p class='ocr_par' dir='ltr' id='par_1_1' title="bbox 572 135 1818 188">
     <span class='ocr_line' id='line_1_1' title="bbox 572 135 1818 188; baseline 0.006 -9"><span class='ocrx_word' id='word_1_1' title='bbox 572 146 640 179; x_wconf 61' lang='lat' dir='ltr'><em>mc</em></span> <span class='ocrx_word' id='word_1_2' title='bbox 663 143 903 178; x_wconf 72' lang='lat' dir='ltr'><em>cnnTA&#39;rE</em></span> <span class='ocrx_word' id='word_1_3' title='bbox 927 145 1016 177; x_wconf 75' lang='lat' dir='ltr'><em>Dm</em></span> <span class='ocrx_word' id='word_1_4' title='bbox 1039 145 1082 178; x_wconf 78' lang='lat' dir='ltr'><em>L.</em></span> <span class='ocrx_word' id='word_1_5' title='bbox 1106 145 1208 178; x_wconf 77' lang='lat' dir='ltr'>XVI.</span> <span class='ocrx_word' id='word_1_6' title='bbox 1234 145 1270 178; x_wconf 89' lang='lat' dir='ltr'><em>c.</em></span> <span class='ocrx_word' id='word_1_7' title='bbox 1294 146 1372 178; x_wconf 79' lang='lat' dir='ltr'><em>XL.</em></span> <span class='ocrx_word' id='word_1_8' title='bbox 1714 135 1818 188; x_wconf 83' lang='lat'><em>189</em></span> 
     </span>
    </p>
   </div>
   <div class='ocr_carea' id='block_1_2' title="bbox 806 310 1151 367">
    <p class='ocr_par' dir='ltr' id='par_1_2' title="bbox 806 310 1151 367">
     <span class='ocr_line' id='line_1_2' title="bbox 806 310 1151 367; baseline 0 -1"><span class='ocrx_word' id='word_1_9' title='bbox 806 310 1001 367; x_wconf 79' lang='lat' dir='ltr'>CAPUT</span> <span class='ocrx_word' id='word_1_10' title='bbox 1040 313 1151 366; x_wconf 91' lang='lat' dir='ltr'><em>XL.</em></span> 
     </span>
    </p>
   </div>
   <div class='ocr_carea' id='block_1_3' title="bbox 137 421 1823 632">
    <p class='ocr_par' dir='ltr' id='par_1_3' title="bbox 137 421 1823 632">
     <span class='ocr_line' id='line_1_3' title="bbox 146 421 1820 484; baseline -0.001 -12"><span class='ocrx_word' id='word_1_11' title='bbox 146 424 251 484; x_wconf 73' lang='lat' dir='ltr'><em>Quo</em></span> <span class='ocrx_word' id='word_1_12' title='bbox 305 423 447 471; x_wconf 83' lang='lat' dir='ltr'><em>modo</em></span> <span class='ocrx_word' id='word_1_13' title='bbox 504 421 658 470; x_wconf 84' lang='lat' dir='ltr'><em>Iacob</em></span> <span class='ocrx_word' id='word_1_14' title='bbox 715 434 827 469; x_wconf 85' lang='lat' dir='ltr'><em>cum</em></span> <span class='ocrx_word' id='word_1_15' title='bbox 888 424 1213 483; x_wconf 60' lang='lat' dir='ltr'><em>septuaginta</em></span> <span class='ocrx_word' id='word_1_16' title='bbox 1273 424 1494 483; x_wconf 78' lang='lat' dir='ltr'><em>quinque</em></span> <span class='ocrx_word' id='word_1_17' title='bbox 1556 423 1820 471; x_wconf 80' lang='lat' dir='ltr'><em>animabus</em></span> 
     </span>
     <span class='ocr_line' id='line_1_4' title="bbox 137 495 1823 559; baseline -0.001 -13"><span class='ocrx_word' id='word_1_18' title='bbox 137 498 416 559; x_wconf 74' lang='lat' dir='ltr'><em>Aeyyptum</em></span> <span class='ocrx_word' id='word_1_19' title='bbox 457 499 704 543; x_wconf 81' lang='lat' dir='ltr'><em>narretur</em></span> <span class='ocrx_word' id='word_1_20' title='bbox 744 495 1022 556; x_wconf 69' lang='lat' dir='ltr'><em>inqressu3‚</em></span> <span class='ocrx_word' id='word_1_21' title='bbox 1071 509 1184 544; x_wconf 86' lang='lat' dir='ltr'><em>eum</em></span> <span class='ocrx_word' id='word_1_22' title='bbox 1218 498 1450 558; x_wconf 78' lang='lat' dir='ltr'><em>plerique</em></span> <span class='ocrx_word' id='word_1_23' title='bbox 1489 511 1555 545; x_wconf 80' lang='lat' dir='ltr'><em>ea:</em></span> <span class='ocrx_word' id='word_1_24' title='bbox 1594 497 1692 556; x_wconf 72' lang='lat' dir='ltr'><em>his,</em></span> <span class='ocrx_word' id='word_1_25' title='bbox 1733 499 1823 557; x_wconf 81' lang='lat' dir='ltr'><em>qui</em></span> 
     </span>
     <span class='ocr_line' id='line_1_5' title="bbox 282 571 1678 632; baseline -0.001 -12"><span class='ocrx_word' id='word_1_26' title='bbox 282 573 750 629; x_wconf 78' lang='lat' dir='ltr'><em>commemorantur,</em></span> <span class='ocrx_word' id='word_1_27' title='bbox 791 573 1012 632; x_wconf 83' lang='lat' dir='ltr'><em>tempore</em></span> <span class='ocrx_word' id='word_1_28' title='bbox 1046 572 1330 632; x_wconf 78' lang='lat' dir='ltr'><em>posteriore</em></span> <span class='ocrx_word' id='word_1_29' title='bbox 1368 571 1470 618; x_wconf 81' lang='lat' dir='ltr'><em>sint</em></span> <span class='ocrx_word' id='word_1_30' title='bbox 1504 572 1678 632; x_wconf 72' lang='lat' dir='ltr'><em>qenitz‘.</em></span> 
     </span>
    </p>
   </div>
   <div class='ocr_carea' id='block_1_4' title="bbox 82 671 1828 2289">
    <p class='ocr_par' dir='ltr' id='par_1_4' title="bbox 82 671 1828 2289">
     <span class='ocr_line' id='line_1_6' title="bbox 282 671 1820 738; baseline -0.001 -17"><span class='ocrx_word' id='word_1_31' title='bbox 282 672 497 737; x_wconf 84' lang='lat' dir='ltr'><em>Ingressi</em></span> <span class='ocrx_word' id='word_1_32' title='bbox 543 673 707 736; x_wconf 88' lang='lat' dir='ltr'><em>itaque</em></span> <span class='ocrx_word' id='word_1_33' title='bbox 755 671 1044 722; x_wconf 85' lang='lat' dir='ltr'><em>referuntur</em></span> <span class='ocrx_word' id='word_1_34' title='bbox 1095 674 1145 721; x_wconf 91' lang='lat' dir='ltr'><em>in</em></span> <span class='ocrx_word' id='word_1_35' title='bbox 1193 672 1465 738; x_wconf 85' lang='lat' dir='ltr'><em>Aegyptum</em></span> <span class='ocrx_word' id='word_1_36' title='bbox 1514 672 1659 722; x_wconf 90' lang='lat' dir='ltr'><em>simul</em></span> <span class='ocrx_word' id='word_1_37' title='bbox 1707 687 1820 721; x_wconf 91' lang='lat' dir='ltr'><em>cum</em></span> 
     </span>
     <span class='ocr_line' id='line_1_7' title="bbox 135 745 1819 812; baseline -0.001 -16"><span class='ocrx_word' id='word_1_38' title='bbox 135 749 242 812; x_wconf 85' lang='lat' dir='ltr'><em>ipso</em></span> <span class='ocrx_word' id='word_1_39' title='bbox 282 745 426 796; x_wconf 83' lang='lat' dir='ltr'>Iacob</span> <span class='ocrx_word' id='word_1_40' title='bbox 467 747 775 812; x_wconf 81' lang='lat' dir='ltr'><em>septuaginta</em></span> <span class='ocrx_word' id='word_1_41' title='bbox 814 747 1033 811; x_wconf 89' lang='lat' dir='ltr'><em>quinque</em></span> <span class='ocrx_word' id='word_1_42' title='bbox 1074 746 1314 812; x_wconf 81' lang='lat' dir='ltr'><em>homineS,</em></span> <span class='ocrx_word' id='word_1_43' title='bbox 1353 746 1672 796; x_wconf 88' lang='lat' dir='ltr'><em>adnumerato</em></span> <span class='ocrx_word' id='word_1_44' title='bbox 1711 747 1819 811; x_wconf 91' lang='lat' dir='ltr'><em>ipso</em></span> 
     </span>
     <span class='ocr_line' id='line_1_8' title="bbox 134 819 1818 884; baseline -0.001 -14"><span class='ocrx_word' id='word_1_45' title='bbox 134 821 246 870; x_wconf 85' lang='lat' dir='ltr'><em>filiis</em></span> <span class='ocrx_word' id='word_1_46' title='bbox 286 822 402 871; x_wconf 90' lang='lat' dir='ltr'><em>suis.</em></span> <span class='ocrx_word' id='word_1_47' title='bbox 479 819 535 869; x_wconf 92' lang='lat' dir='ltr'><em>In</em></span> <span class='ocrx_word' id='word_1_48' title='bbox 574 835 672 884; x_wconf 85' lang='lat' dir='ltr'><em>quo</em></span> <span class='ocrx_word' id='word_1_49' title='bbox 713 835 920 869; x_wconf 87' lang='lat' dir='ltr'><em>numero</em></span> <span class='ocrx_word' id='word_1_50' title='bbox 960 820 1084 869; x_wconf 85' lang='lat' dir='ltr'><em>duae</em></span> <span class='ocrx_word' id='word_1_51' title='bbox 1126 827 1317 870; x_wconf 88' lang='lat' dir='ltr'><em>tantum</em></span> <span class='ocrx_word' id='word_1_52' title='bbox 1357 820 1566 870; x_wconf 88' lang='lat' dir='ltr'><em>feminae</em></span> <span class='ocrx_word' id='word_1_53' title='bbox 1608 835 1818 869; x_wconf 89' lang='lat' dir='ltr'><em>comme-</em></span> 
     </span>
     <span class='ocr_line' id='line_1_9' title="bbox 136 893 1819 960; baseline -0.001 -16"><span class='ocrx_word' id='word_1_54' title='bbox 136 902 407 960; x_wconf 80' lang='lat' dir='ltr'><em>morantur,</em></span> <span class='ocrx_word' id='word_1_55' title='bbox 446 909 543 943; x_wconf 90' lang='lat' dir='ltr'><em>una</em></span> <span class='ocrx_word' id='word_1_56' title='bbox 583 893 701 958; x_wconf 83' lang='lat' dir='ltr'><em>filia,</em></span> <span class='ocrx_word' id='word_1_57' title='bbox 740 895 902 958; x_wconf 87' lang='lat' dir='ltr'><em>neptis</em></span> <span class='ocrx_word' id='word_1_58' title='bbox 936 894 1101 943; x_wconf 87' lang='lat' dir='ltr'><em>altera.</em></span> <span class='ocrx_word' id='word_1_59' title='bbox 1166 894 1263 944; x_wconf 90' lang='lat' dir='ltr'><em>Sed</em></span> <span class='ocrx_word' id='word_1_60' title='bbox 1296 910 1376 943; x_wconf 87' lang='lat' dir='ltr'><em>res</em></span> <span class='ocrx_word' id='word_1_61' title='bbox 1410 894 1672 959; x_wconf 82' lang='lat' dir='ltr'><em>diligenter</em></span> <span class='ocrx_word' id='word_1_62' title='bbox 1706 908 1819 942; x_wconf 92' lang='lat' dir='ltr'><em>con-</em></span> 
     </span>
     <span class='ocr_line' id='line_1_10' title="bbox 135 967 1817 1033; baseline -0.001 -15"><span class='ocrx_word' id='word_1_63' title='bbox 135 968 349 1018; x_wconf 87' lang='lat' dir='ltr'><em>siderata</em></span> <span class='ocrx_word' id='word_1_64' title='bbox 390 983 487 1018; x_wconf 89' lang='lat' dir='ltr'><em>non</em></span> <span class='ocrx_word' id='word_1_65' title='bbox 526 967 730 1033; x_wconf 87' lang='lat' dir='ltr'><em>indicat,</em></span> <span class='ocrx_word' id='word_1_66' title='bbox 770 967 902 1032; x_wconf 88' lang='lat' dir='ltr'><em>quod</em></span> <span class='ocrx_word' id='word_1_67' title='bbox 942 974 1107 1017; x_wconf 89' lang='lat' dir='ltr'><em>tantus</em></span> <span class='ocrx_word' id='word_1_68' title='bbox 1146 983 1385 1017; x_wconf 90' lang='lat' dir='ltr'><em>numerus</em></span> <span class='ocrx_word' id='word_1_69' title='bbox 1426 968 1575 1017; x_wconf 85' lang='lat' dir='ltr'><em>fuerit</em></span> <span class='ocrx_word' id='word_1_70' title='bbox 1615 969 1666 1016; x_wconf 90' lang='lat' dir='ltr'><em>in</em></span> <span class='ocrx_word' id='word_1_71' title='bbox 1706 983 1817 1032; x_wconf 89' lang='lat' dir='ltr'><em>pro-</em></span> 
     </span>
     <span class='ocr_line' id='line_1_11' title="bbox 136 1041 1818 1107; baseline -0.001 -16"><span class='ocrx_word' id='word_1_72' title='bbox 136 1044 279 1106; x_wconf 78' lang='lat' dir='ltr'><em>genie</em></span> <span class='ocrx_word' id='word_1_73' title='bbox 328 1041 472 1091; x_wconf 83' lang='lat' dir='ltr'>Iacob</span> <span class='ocrx_word' id='word_1_74' title='bbox 524 1041 600 1090; x_wconf 87' lang='lat' dir='ltr'><em>die</em></span> <span class='ocrx_word' id='word_1_75' title='bbox 653 1041 728 1090; x_wconf 90' lang='lat' dir='ltr'><em>vel</em></span> <span class='ocrx_word' id='word_1_76' title='bbox 775 1056 902 1091; x_wconf 87' lang='lat' dir='ltr'><em>anno</em></span> <span class='ocrx_word' id='word_1_77' title='bbox 954 1057 1051 1106; x_wconf 92' lang='lat' dir='ltr'><em>quo</em></span> <span class='ocrx_word' id='word_1_78' title='bbox 1102 1044 1357 1107; x_wconf 84' lang='lat' dir='ltr'><em>ingressus</em></span> <span class='ocrx_word' id='word_1_79' title='bbox 1409 1050 1483 1090; x_wconf 90' lang='lat' dir='ltr'><em>est</em></span> <span class='ocrx_word' id='word_1_80' title='bbox 1530 1041 1818 1106; x_wconf 81' lang='lat' dir='ltr'><em>Aegyptum.</em></span> 
     </span>
     <span class='ocr_line' id='line_1_12' title="bbox 139 1114 1823 1181; baseline -0.001 -16"><span class='ocrx_word' id='word_1_81' title='bbox 139 1115 520 1165; x_wconf 87' lang='lat' dir='ltr'><em>Commemorati</em></span> <span class='ocrx_word' id='word_1_82' title='bbox 560 1122 676 1164; x_wconf 87' lang='lat' dir='ltr'><em>sunt</em></span> <span class='ocrx_word' id='word_1_83' title='bbox 716 1117 896 1180; x_wconf 90' lang='lat' dir='ltr'><em>quippe</em></span> <span class='ocrx_word' id='word_1_84' title='bbox 937 1117 989 1168; x_wconf 85' lang='lat' dir='ltr'><em>in</em></span> <span class='ocrx_word' id='word_1_85' title='bbox 1022 1118 1092 1164; x_wconf 88' lang='lat' dir='ltr'><em>eis</em></span> <span class='ocrx_word' id='word_1_86' title='bbox 1126 1117 1274 1165; x_wconf 88' lang='lat' dir='ltr'><em>etiam</em></span> <span class='ocrx_word' id='word_1_87' title='bbox 1305 1123 1606 1181; x_wconf 84' lang='lat' dir='ltr'><em>pronepotes</em></span> <span class='ocrx_word' id='word_1_88' title='bbox 1631 1114 1823 1181; x_wconf 90' lang='lat' dir='ltr'><em>Ioseph,</em></span> 
     </span>
     <span class='ocr_line' id='line_1_13' title="bbox 137 1189 1823 1254; baseline -0.002 -15"><span class='ocrx_word' id='word_1_89' title='bbox 137 1191 223 1254; x_wconf 91' lang='lat' dir='ltr'><em>qui</em></span> <span class='ocrx_word' id='word_1_90' title='bbox 263 1189 396 1238; x_wconf 88' lang='lat' dir='ltr'><em>nullo</em></span> <span class='ocrx_word' id='word_1_91' title='bbox 438 1189 581 1238; x_wconf 89' lang='lat' dir='ltr'><em>modo</em></span> <span class='ocrx_word' id='word_1_92' title='bbox 628 1191 724 1238; x_wconf 85' lang='lat' dir='ltr'><em>iam</em></span> <span class='ocrx_word' id='word_1_93' title='bbox 770 1196 889 1238; x_wconf 86' lang='lat' dir='ltr'><em>tunc</em></span> <span class='ocrx_word' id='word_1_94' title='bbox 929 1204 1038 1238; x_wconf 87' lang='lat' dir='ltr'><em>esse</em></span> <span class='ocrx_word' id='word_1_95' title='bbox 1081 1196 1374 1254; x_wconf 89' lang='lat' dir='ltr'><em>potuerunt,</em></span> <span class='ocrx_word' id='word_1_96' title='bbox 1426 1190 1658 1253; x_wconf 91' lang='lat' dir='ltr'><em>quoniam</em></span> <span class='ocrx_word' id='word_1_97' title='bbox 1703 1196 1823 1237; x_wconf 88' lang='lat' dir='ltr'><em>tunc</em></span> 
     </span>
     <span class='ocr_line' id='line_1_14' title="bbox 137 1262 1821 1329; baseline -0.001 -17"><span class='ocrx_word' id='word_1_98' title='bbox 137 1271 338 1313; x_wconf 89' lang='lat' dir='ltr'><em>centum</em></span> <span class='ocrx_word' id='word_1_99' title='bbox 376 1265 575 1327; x_wconf 76' lang='lat' dir='ltr'><em>trIginta</em></span> <span class='ocrx_word' id='word_1_100' title='bbox 616 1277 858 1312; x_wconf 88' lang='lat' dir='ltr'><em>annorum</em></span> <span class='ocrx_word' id='word_1_101' title='bbox 899 1270 1003 1312; x_wconf 88' lang='lat' dir='ltr'><em>erat</em></span> <span class='ocrx_word' id='word_1_102' title='bbox 1043 1262 1210 1329; x_wconf 84' lang='lat' dir='ltr'><em>Iacob,</em></span> <span class='ocrx_word' id='word_1_103' title='bbox 1258 1263 1386 1312; x_wconf 83' lang='lat' dir='ltr'><em>filius</em></span> <span class='ocrx_word' id='word_1_104' title='bbox 1436 1278 1554 1312; x_wconf 88' lang='lat' dir='ltr'><em>vero</em></span> <span class='ocrx_word' id='word_1_105' title='bbox 1603 1264 1709 1311; x_wconf 90' lang='lat' dir='ltr'><em>eius</em></span> <span class='ocrx_word' id='word_1_106' title='bbox 1748 1262 1821 1310; x_wconf 92' lang='lat' dir='ltr'><em>Io-</em></span> 
     </span>
     <span class='ocr_line' id='line_1_15' title="bbox 137 1337 1822 1403; baseline -0.002 -16"><span class='ocrx_word' id='word_1_107' title='bbox 137 1337 259 1403; x_wconf 83' lang='lat' dir='ltr'><em>seph</em></span> <span class='ocrx_word' id='word_1_108' title='bbox 297 1338 499 1402; x_wconf 83' lang='lat' dir='ltr'><em>triginta</em></span> <span class='ocrx_word' id='word_1_109' title='bbox 530 1352 727 1402; x_wconf 82' lang='lat' dir='ltr'><em>novem3</em></span> <span class='ocrx_word' id='word_1_110' title='bbox 768 1352 916 1402; x_wconf 89' lang='lat' dir='ltr'><em>quem</em></span> <span class='ocrx_word' id='word_1_111' title='bbox 948 1353 1061 1386; x_wconf 90' lang='lat' dir='ltr'><em>cum</em></span> <span class='ocrx_word' id='word_1_112' title='bbox 1093 1339 1341 1403; x_wconf 89' lang='lat' dir='ltr'><em>accepisse</em></span> <span class='ocrx_word' id='word_1_113' title='bbox 1374 1338 1662 1386; x_wconf 86' lang='lat' dir='ltr'><em>tricensimo</em></span> <span class='ocrx_word' id='word_1_114' title='bbox 1695 1351 1822 1385; x_wconf 88' lang='lat' dir='ltr'><em>anno</em></span> 
     </span>
     <span class='ocr_line' id='line_1_16' title="bbox 138 1410 1823 1476; baseline -0.002 -15"><span class='ocrx_word' id='word_1_115' title='bbox 138 1426 228 1461; x_wconf 88' lang='lat' dir='ltr'><em>suo</em></span> <span class='ocrx_word' id='word_1_116' title='bbox 279 1410 357 1460; x_wconf 88' lang='lat' dir='ltr'><em>vel</em></span> <span class='ocrx_word' id='word_1_117' title='bbox 401 1411 610 1476; x_wconf 88' lang='lat' dir='ltr'><em>amplius</em></span> <span class='ocrx_word' id='word_1_118' title='bbox 658 1418 853 1460; x_wconf 87' lang='lat' dir='ltr'><em>constet</em></span> <span class='ocrx_word' id='word_1_119' title='bbox 900 1426 1130 1475; x_wconf 83' lang='lat' dir='ltr'><em>uxorem,</em></span> <span class='ocrx_word' id='word_1_120' title='bbox 1184 1426 1282 1476; x_wconf 90' lang='lat' dir='ltr'><em>quo</em></span> <span class='ocrx_word' id='word_1_121' title='bbox 1335 1411 1480 1460; x_wconf 91' lang='lat' dir='ltr'><em>modo</em></span> <span class='ocrx_word' id='word_1_122' title='bbox 1527 1412 1687 1476; x_wconf 86' lang='lat' dir='ltr'><em>potuit</em></span> <span class='ocrx_word' id='word_1_123' title='bbox 1735 1425 1823 1474; x_wconf 88' lang='lat' dir='ltr'><em>per</em></span> 
     </span>
     <span class='ocr_line' id='line_1_17' title="bbox 137 1483 1824 1551; baseline -0.002 -17"><span class='ocrx_word' id='word_1_124' title='bbox 137 1500 314 1535; x_wconf 89' lang='lat' dir='ltr'><em>novem</em></span> <span class='ocrx_word' id='word_1_125' title='bbox 352 1500 506 1534; x_wconf 88' lang='lat' dir='ltr'><em>annos</em></span> <span class='ocrx_word' id='word_1_126' title='bbox 545 1483 726 1534; x_wconf 89' lang='lat' dir='ltr'><em>habere</em></span> <span class='ocrx_word' id='word_1_127' title='bbox 766 1492 1066 1550; x_wconf 85' lang='lat' dir='ltr'><em>pronepotes</em></span> <span class='ocrx_word' id='word_1_128' title='bbox 1106 1485 1165 1534; x_wconf 92' lang='lat' dir='ltr'><em>de</em></span> <span class='ocrx_word' id='word_1_129' title='bbox 1207 1484 1343 1551; x_wconf 85' lang='lat' dir='ltr'><em>filiis,</em></span> <span class='ocrx_word' id='word_1_130' title='bbox 1389 1499 1515 1550; x_wconf 85' lang='lat' dir='ltr'><em>quos</em></span> <span class='ocrx_word' id='word_1_131' title='bbox 1556 1500 1615 1533; x_wconf 83' lang='lat' dir='ltr'><em>ex</em></span> <span class='ocrx_word' id='word_1_132' title='bbox 1654 1484 1824 1532; x_wconf 87' lang='lat' dir='ltr'><em>eadem</em></span> 
     </span>
     <span class='ocr_line' id='line_1_18' title="bbox 138 1555 1825 1624; baseline -0.002 -15"><span class='ocrx_word' id='word_1_133' title='bbox 138 1573 291 1609; x_wconf 86' lang='lat' dir='ltr'><em>uxore</em></span> <span class='ocrx_word' id='word_1_134' title='bbox 332 1555 586 1624; x_wconf 80' lang='lat' dir='ltr'><em>suscepit?</em></span> <span class='ocrx_word' id='word_1_135' title='bbox 649 1557 774 1608; x_wconf 85' lang='lat' dir='ltr'><em>Cum</em></span> <span class='ocrx_word' id='word_1_136' title='bbox 812 1560 964 1624; x_wconf 82' lang='lat' dir='ltr'><em>igitur</em></span> <span class='ocrx_word' id='word_1_137' title='bbox 1003 1574 1095 1608; x_wconf 90' lang='lat' dir='ltr'><em>nec</em></span> <span class='ocrx_word' id='word_1_138' title='bbox 1135 1559 1260 1609; x_wconf 87' lang='lat' dir='ltr'><em>filios</em></span> <span class='ocrx_word' id='word_1_139' title='bbox 1300 1558 1542 1608; x_wconf 87' lang='lat' dir='ltr'><em>haberent</em></span> <span class='ocrx_word' id='word_1_140' title='bbox 1581 1557 1825 1623; x_wconf 85' lang='lat' dir='ltr'><em>Ephraem</em></span> 
     </span>
     <span class='ocr_line' id='line_1_19' title="bbox 145 1632 1824 1699; baseline -0.002 -17"><span class='ocrx_word' id='word_1_141' title='bbox 145 1640 194 1682; x_wconf 86' lang='lat' dir='ltr'><em>et</em></span> <span class='ocrx_word' id='word_1_142' title='bbox 231 1632 503 1692; x_wconf 80' lang='lat' dir='ltr'><em>ManasseS,</em></span> <span class='ocrx_word' id='word_1_143' title='bbox 549 1632 637 1682; x_wconf 89' lang='lat' dir='ltr'><em>filii</em></span> <span class='ocrx_word' id='word_1_144' title='bbox 674 1632 874 1699; x_wconf 90' lang='lat' dir='ltr'><em>Ioseph,</em></span> <span class='ocrx_word' id='word_1_145' title='bbox 915 1632 1002 1682; x_wconf 88' lang='lat' dir='ltr'><em>sed</em></span> <span class='ocrx_word' id='word_1_146' title='bbox 1043 1648 1125 1682; x_wconf 90' lang='lat' dir='ltr'><em>eos</em></span> <span class='ocrx_word' id='word_1_147' title='bbox 1166 1648 1347 1699; x_wconf 88' lang='lat' dir='ltr'><em>pueros</em></span> <span class='ocrx_word' id='word_1_148' title='bbox 1388 1633 1516 1682; x_wconf 79' lang='lat' dir='ltr'><em>infra</em></span> <span class='ocrx_word' id='word_1_149' title='bbox 1555 1647 1702 1696; x_wconf 84' lang='lat' dir='ltr'><em>qnam</em></span> <span class='ocrx_word' id='word_1_150' title='bbox 1742 1646 1824 1679; x_wconf 90' lang='lat' dir='ltr'><em>no-</em></span> 
     </span>
     <span class='ocr_line' id='line_1_20' title="bbox 142 1706 1824 1772; baseline -0.002 -16"><span class='ocrx_word' id='word_1_151' title='bbox 142 1721 326 1756; x_wconf 89' lang='lat' dir='ltr'><em>vennes</em></span> <span class='ocrx_word' id='word_1_152' title='bbox 380 1706 524 1756; x_wconf 85' lang='lat' dir='ltr'><em>Iacob</em></span> <span class='ocrx_word' id='word_1_153' title='bbox 579 1706 854 1771; x_wconf 85' lang='lat' dir='ltr'><em>Aegyptum</em></span> <span class='ocrx_word' id='word_1_154' title='bbox 907 1708 1162 1771; x_wconf 84' lang='lat' dir='ltr'><em>ingressus</em></span> <span class='ocrx_word' id='word_1_155' title='bbox 1217 1709 1483 1772; x_wconf 84' lang='lat' dir='ltr'><em>invenerit,</em></span> <span class='ocrx_word' id='word_1_156' title='bbox 1538 1721 1636 1770; x_wconf 83' lang='lat' dir='ltr'><em>quo</em></span> <span class='ocrx_word' id='word_1_157' title='bbox 1683 1713 1824 1770; x_wconf 90' lang='lat' dir='ltr'><em>pacto</em></span> 
     </span>
     <span class='ocr_line' id='line_1_21' title="bbox 144 1779 1824 1846; baseline -0.002 -16"><span class='ocrx_word' id='word_1_158' title='bbox 144 1795 319 1830; x_wconf 86' lang='lat' dir='ltr'><em>eorum</em></span> <span class='ocrx_word' id='word_1_159' title='bbox 357 1795 457 1829; x_wconf 91' lang='lat' dir='ltr'><em>non</em></span> <span class='ocrx_word' id='word_1_160' title='bbox 496 1779 656 1829; x_wconf 88' lang='lat' dir='ltr'><em>solum</em></span> <span class='ocrx_word' id='word_1_161' title='bbox 694 1779 808 1844; x_wconf 81' lang='lat' dir='ltr'><em>filii,</em></span> <span class='ocrx_word' id='word_1_162' title='bbox 847 1780 933 1829; x_wconf 92' lang='lat' dir='ltr'><em>sed</em></span> <span class='ocrx_word' id='word_1_163' title='bbox 973 1782 1121 1830; x_wconf 89' lang='lat' dir='ltr'><em>etiam</em></span> <span class='ocrx_word' id='word_1_164' title='bbox 1159 1788 1366 1846; x_wconf 87' lang='lat' dir='ltr'><em>nepotes</em></span> <span class='ocrx_word' id='word_1_165' title='bbox 1405 1782 1457 1829; x_wconf 90' lang='lat' dir='ltr'><em>in</em></span> <span class='ocrx_word' id='word_1_166' title='bbox 1495 1779 1591 1829; x_wconf 87' lang='lat' dir='ltr'><em>illis</em></span> <span class='ocrx_word' id='word_1_167' title='bbox 1632 1787 1824 1842; x_wconf 87' lang='lat' dir='ltr'><em>septua-</em></span> 
     </span>
     <span class='ocr_line' id='line_1_22' title="bbox 143 1853 1827 1919; baseline -0.002 -16"><span class='ocrx_word' id='word_1_168' title='bbox 143 1855 277 1919; x_wconf 82' lang='lat' dir='ltr'><em>ginta</em></span> <span class='ocrx_word' id='word_1_169' title='bbox 325 1855 543 1919; x_wconf 85' lang='lat' dir='ltr'><em>quinque</em></span> <span class='ocrx_word' id='word_1_170' title='bbox 596 1860 943 1919; x_wconf 82' lang='lat' dir='ltr'><em>numerantur,</em></span> <span class='ocrx_word' id='word_1_171' title='bbox 997 1855 1083 1919; x_wconf 87' lang='lat' dir='ltr'><em>qui</em></span> <span class='ocrx_word' id='word_1_172' title='bbox 1128 1861 1248 1903; x_wconf 86' lang='lat' dir='ltr'><em>tunc</em></span> <span class='ocrx_word' id='word_1_173' title='bbox 1295 1854 1568 1919; x_wconf 84' lang='lat' dir='ltr'><em>Aegyptum</em></span> <span class='ocrx_word' id='word_1_174' title='bbox 1617 1853 1827 1916; x_wconf 83' lang='lat' dir='ltr'><em>ingressi</em></span> 
     </span>
     <span class='ocr_line' id='line_1_23' title="bbox 141 1923 1827 1992; baseline -0.002 -15"><span class='ocrx_word' id='word_1_175' title='bbox 141 1934 258 1977; x_wconf 90' lang='lat' dir='ltr'><em>sunt</em></span> <span class='ocrx_word' id='word_1_176' title='bbox 306 1943 420 1977; x_wconf 89' lang='lat' dir='ltr'><em>cum</em></span> <span class='ocrx_word' id='word_1_177' title='bbox 459 1923 639 1976; x_wconf 80' lang='lat' dir='ltr'><em>Iacob?</em></span> <span class='ocrx_word' id='word_1_178' title='bbox 715 1927 838 1976; x_wconf 84' lang='lat' dir='ltr'><em>Nam</em></span> <span class='ocrx_word' id='word_1_179' title='bbox 884 1935 1299 1978; x_wconf 89' lang='lat' dir='ltr'><em>commemoratur</em></span> <span class='ocrx_word' id='word_1_180' title='bbox 1338 1928 1406 1978; x_wconf 93' lang='lat' dir='ltr'><em>ibi</em></span> <span class='ocrx_word' id='word_1_181' title='bbox 1444 1926 1652 1992; x_wconf 86' lang='lat' dir='ltr'><em>Machir,</em></span> <span class='ocrx_word' id='word_1_182' title='bbox 1698 1925 1827 1975; x_wconf 82' lang='lat' dir='ltr'><em>filius</em></span> 
     </span>
     <span class='ocr_line' id='line_1_24' title="bbox 82 1999 1827 2067; baseline -0.002 -17"><span class='ocrx_word' id='word_1_183' title='bbox 82 2020 84 2022; x_wconf 63' lang='grc'>’</span> <span class='ocrx_word' id='word_1_184' title='bbox 141 2001 386 2067; x_wconf 86' lang='lat' dir='ltr'><em>Manasse,</em></span> <span class='ocrx_word' id='word_1_185' title='bbox 434 2017 588 2067; x_wconf 90' lang='lat' dir='ltr'><em>nepos</em></span> <span class='ocrx_word' id='word_1_186' title='bbox 628 2000 826 2067; x_wconf 86' lang='lat' dir='ltr'><em>Ioseph,</em></span> <span class='ocrx_word' id='word_1_187' title='bbox 873 2008 923 2051; x_wconf 87' lang='lat' dir='ltr'><em>et</em></span> <span class='ocrx_word' id='word_1_188' title='bbox 969 2001 1191 2051; x_wconf 88' lang='lat' dir='ltr'><em>eiusdem</em></span> <span class='ocrx_word' id='word_1_189' title='bbox 1236 2001 1423 2051; x_wconf 87' lang='lat' dir='ltr'><em>Machir</em></span> <span class='ocrx_word' id='word_1_190' title='bbox 1463 2001 1614 2059; x_wconf 77' lang='lat' dir='ltr'><em>filius,</em></span> <span class='ocrx_word' id='word_1_191' title='bbox 1663 1999 1709 2048; x_wconf 91' lang='lat' dir='ltr'><em>id</em></span> <span class='ocrx_word' id='word_1_192' title='bbox 1753 2005 1827 2048; x_wconf 87' lang='lat' dir='ltr'><em>est</em></span> 
     </span>
     <span class='ocr_line' id='line_1_25' title="bbox 143 2074 1826 2142; baseline -0.002 -18"><span class='ocrx_word' id='word_1_193' title='bbox 143 2074 335 2141; x_wconf 86' lang='lat' dir='ltr'><em>Galaad,</em></span> <span class='ocrx_word' id='word_1_194' title='bbox 374 2090 529 2140; x_wconf 91' lang='lat' dir='ltr'><em>nepos</em></span> <span class='ocrx_word' id='word_1_195' title='bbox 561 2075 798 2141; x_wconf 86' lang='lat' dir='ltr'><em>Manasse,</em></span> <span class='ocrx_word' id='word_1_196' title='bbox 836 2090 1086 2141; x_wconf 91' lang='lat' dir='ltr'><em>pronepos</em></span> <span class='ocrx_word' id='word_1_197' title='bbox 1126 2075 1329 2142; x_wconf 88' lang='lat' dir='ltr'><em>Ioseph;</em></span> <span class='ocrx_word' id='word_1_198' title='bbox 1369 2075 1437 2124; x_wconf 89' lang='lat' dir='ltr'><em>ibi</em></span> <span class='ocrx_word' id='word_1_199' title='bbox 1477 2081 1553 2124; x_wconf 88' lang='lat' dir='ltr'><em>est</em></span> <span class='ocrx_word' id='word_1_200' title='bbox 1592 2082 1642 2123; x_wconf 90' lang='lat' dir='ltr'><em>et</em></span> <span class='ocrx_word' id='word_1_201' title='bbox 1681 2088 1826 2138; x_wconf 89' lang='lat' dir='ltr'><em>quem</em></span> 
     </span>
     <span class='ocr_line' id='line_1_26' title="bbox 142 2148 1828 2215; baseline -0.002 -17"><span class='ocrx_word' id='word_1_202' title='bbox 142 2150 311 2214; x_wconf 88' lang='lat' dir='ltr'><em>genuit</em></span> <span class='ocrx_word' id='word_1_203' title='bbox 343 2148 603 2214; x_wconf 89' lang='lat' dir='ltr'><em>Ephraem‚</em></span> <span class='ocrx_word' id='word_1_204' title='bbox 643 2149 765 2198; x_wconf 88' lang='lat' dir='ltr'><em>alter</em></span> <span class='ocrx_word' id='word_1_205' title='bbox 803 2149 933 2199; x_wconf 87' lang='lat' dir='ltr'><em>filius</em></span> <span class='ocrx_word' id='word_1_206' title='bbox 966 2149 1158 2215; x_wconf 88' lang='lat' dir='ltr'><em>Ioseph,</em></span> <span class='ocrx_word' id='word_1_207' title='bbox 1197 2150 1247 2199; x_wconf 88' lang='lat' dir='ltr'><em>id</em></span> <span class='ocrx_word' id='word_1_208' title='bbox 1287 2157 1363 2199; x_wconf 89' lang='lat' dir='ltr'><em>est</em></span> <span class='ocrx_word' id='word_1_209' title='bbox 1401 2149 1635 2213; x_wconf 85' lang='lat' dir='ltr'><em>Utalaam,</em></span> <span class='ocrx_word' id='word_1_210' title='bbox 1673 2162 1828 2212; x_wconf 89' lang='lat' dir='ltr'><em>nepos</em></span> 
     </span>
     <span class='ocr_line' id='line_1_27' title="bbox 142 2221 1827 2289; baseline -0.001 -19"><span class='ocrx_word' id='word_1_211' title='bbox 142 2222 340 2288; x_wconf 89' lang='lat' dir='ltr'><em>loseph,</em></span> <span class='ocrx_word' id='word_1_212' title='bbox 395 2229 444 2272; x_wconf 92' lang='lat' dir='ltr'><em>et</em></span> <span class='ocrx_word' id='word_1_213' title='bbox 490 2222 618 2272; x_wconf 89' lang='lat' dir='ltr'><em>filius</em></span> <span class='ocrx_word' id='word_1_214' title='bbox 672 2224 829 2287; x_wconf 90' lang='lat' dir='ltr'><em>ipsius</em></span> <span class='ocrx_word' id='word_1_215' title='bbox 877 2222 1070 2272; x_wconf 89' lang='lat' dir='ltr'><em>Utalaae</em></span> <span class='ocrx_word' id='word_1_216' title='bbox 1126 2223 1304 2289; x_wconf 90' lang='lat' dir='ltr'><em>Edem,</em></span> <span class='ocrx_word' id='word_1_217' title='bbox 1359 2238 1513 2289; x_wconf 91' lang='lat' dir='ltr'><em>nepos</em></span> <span class='ocrx_word' id='word_1_218' title='bbox 1566 2221 1827 2286; x_wconf 88' lang='lat' dir='ltr'><em>Ephraem,</em></span> 
     </span>
    </p>
   </div>
   <div class='ocr_carea' id='block_1_5' title="bbox 1855 1050 1910 1091">
    <p class='ocr_par' dir='ltr' id='par_1_5' title="bbox 1855 1050 1910 1091">
     <span class='ocr_line' id='line_1_28' title="bbox 1855 1050 1910 1091; baseline 0.036 -2"><span class='ocrx_word' id='word_1_219' title='bbox 1855 1050 1910 1091; x_wconf 88' lang='lat'><em>10</em></span> 
     </span>
    </p>
   </div>
   <div class='ocr_carea' id='block_1_6' title="bbox 1859 1420 1913 1461">
    <p class='ocr_par' dir='ltr' id='par_1_6' title="bbox 1859 1420 1913 1461">
     <span class='ocr_line' id='line_1_29' title="bbox 1859 1420 1913 1461; baseline 0.019 -1"><span class='ocrx_word' id='word_1_220' title='bbox 1859 1420 1913 1461; x_wconf 86' lang='lat'><em>15</em></span> 
     </span>
    </p>
   </div>
   <div class='ocr_carea' id='block_1_7' title="bbox 1859 1791 1916 1831">
    <p class='ocr_par' dir='ltr' id='par_1_7' title="bbox 1859 1791 1916 1831">
     <span class='ocr_line' id='line_1_30' title="bbox 1859 1791 1916 1831; baseline 0.035 -2"><span class='ocrx_word' id='word_1_221' title='bbox 1859 1791 1916 1831; x_wconf 84' lang='lat'><em>20</em></span> 
     </span>
    </p>
   </div>
   <div class='ocr_carea' id='block_1_8' title="bbox 1861 2159 1917 2200">
    <p class='ocr_par' dir='ltr' id='par_1_8' title="bbox 1861 2159 1917 2200">
     <span class='ocr_line' id='line_1_31' title="bbox 1861 2159 1917 2200; baseline 0.018 -1"><span class='ocrx_word' id='word_1_222' title='bbox 1861 2159 1917 2200; x_wconf 78' lang='lat'><em>25</em></span> 
     </span>
    </p>
   </div>
   <div class='ocr_carea' id='block_1_9' title="bbox 142 2294 1882 2362">
    <p class='ocr_par' dir='ltr' id='par_1_9' title="bbox 142 2294 1882 2362">
     <span class='ocr_line' id='line_1_32' title="bbox 142 2294 1882 2362; baseline -0.001 -18"><span class='ocrx_word' id='word_1_223' title='bbox 142 2311 387 2361; x_wconf 90' lang='lat' dir='ltr'><em>pronepos</em></span> <span class='ocrx_word' id='word_1_224' title='bbox 427 2295 626 2362; x_wconf 78' lang='lat' dir='ltr'><em>Ioseph3</em></span> <span class='ocrx_word' id='word_1_225' title='bbox 674 2298 760 2361; x_wconf 91' lang='lat' dir='ltr'><em>qui</em></span> <span class='ocrx_word' id='word_1_226' title='bbox 798 2296 932 2346; x_wconf 88' lang='lat' dir='ltr'><em>nullo</em></span> <span class='ocrx_word' id='word_1_227' title='bbox 973 2296 1118 2346; x_wconf 91' lang='lat' dir='ltr'><em>modo</em></span> <span class='ocrx_word' id='word_1_228' title='bbox 1158 2313 1267 2347; x_wconf 87' lang='lat' dir='ltr'><em>esse</em></span> <span class='ocrx_word' id='word_1_229' title='bbox 1307 2302 1593 2362; x_wconf 90' lang='lat' dir='ltr'><em>potuerunt,</em></span> <span class='ocrx_word' id='word_1_230' title='bbox 1633 2294 1827 2360; x_wconf 88' lang='lat' dir='ltr'><em>quando</em></span> <span class='ocrx_word' id='word_1_231' title='bbox 1868 2311 1882 2317; x_wconf 61' lang='lat'><em>¹·</em></span> 
     </span>
    </p>
   </div>
   <div class='ocr_carea' id='block_1_10' title="bbox 144 2369 1828 2509">
    <p class='ocr_par' dir='ltr' id='par_1_10' title="bbox 144 2369 1828 2509">
     <span class='ocr_line' id='line_1_33' title="bbox 144 2369 1828 2438; baseline -0.001 -20"><span class='ocrx_word' id='word_1_232' title='bbox 144 2369 285 2418; x_wconf 87' lang='lat' dir='ltr'><em>Iacob</em></span> <span class='ocrx_word' id='word_1_233' title='bbox 332 2372 383 2420; x_wconf 91' lang='lat' dir='ltr'><em>in</em></span> <span class='ocrx_word' id='word_1_234' title='bbox 430 2371 704 2435; x_wconf 85' lang='lat' dir='ltr'><em>Aegyptum</em></span> <span class='ocrx_word' id='word_1_235' title='bbox 750 2371 884 2420; x_wconf 83' lang='lat' dir='ltr'><em>venit</em></span> <span class='ocrx_word' id='word_1_236' title='bbox 931 2379 982 2420; x_wconf 88' lang='lat' dir='ltr'><em>et</em></span> <span class='ocrx_word' id='word_1_237' title='bbox 1029 2370 1154 2420; x_wconf 87' lang='lat' dir='ltr'><em>filios</em></span> <span class='ocrx_word' id='word_1_238' title='bbox 1194 2371 1394 2438; x_wconf 89' lang='lat' dir='ltr'><em>Ioseph,</em></span> <span class='ocrx_word' id='word_1_239' title='bbox 1442 2376 1648 2435; x_wconf 87' lang='lat' dir='ltr'><em>nepotes</em></span> <span class='ocrx_word' id='word_1_240' title='bbox 1697 2384 1828 2433; x_wconf 81' lang='lat' dir='ltr'><em>suOS,</em></span> 
     </span>
     <span class='ocr_line' id='line_1_34' title="bbox 145 2443 1823 2509; baseline -0.002 -17"><span class='ocrx_word' id='word_1_241' title='bbox 145 2457 258 2492; x_wconf 91' lang='lat' dir='ltr'><em>avos</em></span> <span class='ocrx_word' id='word_1_242' title='bbox 297 2445 528 2509; x_wconf 88' lang='lat' dir='ltr'><em>istorum,</em></span> <span class='ocrx_word' id='word_1_243' title='bbox 579 2445 794 2493; x_wconf 89' lang='lat' dir='ltr'><em>minores</em></span> <span class='ocrx_word' id='word_1_244' title='bbox 841 2459 987 2508; x_wconf 90' lang='lat' dir='ltr'><em>quam</em></span> <span class='ocrx_word' id='word_1_245' title='bbox 1034 2460 1210 2494; x_wconf 91' lang='lat' dir='ltr'><em>novem</em></span> <span class='ocrx_word' id='word_1_246' title='bbox 1249 2459 1492 2494; x_wconf 88' lang='lat' dir='ltr'><em>annorum</em></span> <span class='ocrx_word' id='word_1_247' title='bbox 1530 2457 1713 2508; x_wconf 89' lang='lat' dir='ltr'><em>pueros</em></span> <span class='ocrx_word' id='word_1_248' title='bbox 1752 2443 1823 2490; x_wconf 91' lang='lat' dir='ltr'><em>in-</em></span> 
     </span>
    </p>
   </div>
   <div class='ocr_carea' id='block_1_11' title="bbox 144 2515 1917 2584">
    <p class='ocr_par' dir='ltr' id='par_1_11' title="bbox 144 2515 1917 2584">
     <span class='ocr_line' id='line_1_35' title="bbox 144 2515 1917 2584; baseline 0.002 -20"><span class='ocrx_word' id='word_1_249' title='bbox 144 2517 290 2566; x_wconf 87' lang='lat' dir='ltr'><em>venit.</em></span> <span class='ocrx_word' id='word_1_250' title='bbox 368 2516 464 2565; x_wconf 86' lang='lat' dir='ltr'><em>Sed</em></span> <span class='ocrx_word' id='word_1_251' title='bbox 497 2519 731 2567; x_wconf 89' lang='lat' dir='ltr'><em>nimirum</em></span> <span class='ocrx_word' id='word_1_252' title='bbox 767 2519 1002 2567; x_wconf 86' lang='lat' dir='ltr'><em>introitus</em></span> <span class='ocrx_word' id='word_1_253' title='bbox 1034 2517 1178 2567; x_wconf 88' lang='lat' dir='ltr'><em>Iacob</em></span> <span class='ocrx_word' id='word_1_254' title='bbox 1218 2520 1268 2567; x_wconf 90' lang='lat' dir='ltr'><em>in</em></span> <span class='ocrx_word' id='word_1_255' title='bbox 1299 2518 1588 2584; x_wconf 86' lang='lat' dir='ltr'><em>Aegyptum,</em></span> <span class='ocrx_word' id='word_1_256' title='bbox 1630 2515 1824 2580; x_wconf 82' lang='lat' dir='ltr'><em>quando</em></span> <span class='ocrx_word' id='word_1_257' title='bbox 1858 2528 1917 2570; x_wconf 85' lang='lat'><em>30</em></span> 
     </span>
    </p>
   </div>
   <div class='ocr_carea' id='block_1_12' title="bbox 267 2641 660 2699">
    <p class='ocr_par' dir='ltr' id='par_1_12' title="bbox 267 2641 660 2699">
     <span class='ocr_line' id='line_1_36' title="bbox 267 2641 660 2699; baseline 0.008 -13"><span class='ocrx_word' id='word_1_258' title='bbox 267 2644 310 2698; x_wconf 79' lang='lat'><em>7)</em></span> <span class='ocrx_word' id='word_1_259' title='bbox 343 2641 453 2687; x_wconf 81' lang='lat' dir='ltr'><em>Gen.</em></span> <span class='ocrx_word' id='word_1_260' title='bbox 487 2648 557 2699; x_wconf 81' lang='lat'><em>46,</em></span> <span class='ocrx_word' id='word_1_261' title='bbox 590 2648 660 2689; x_wconf 81' lang='lat'><em>27.</em></span> 
     </span>
    </p>
   </div>
   <div class='ocr_carea' id='block_1_13' title="bbox 163 2757 504 2762">
    <p class='ocr_par' dir='ltr' id='par_1_13' title="bbox 163 2757 504 2762">
     <span class='ocr_line' id='line_1_37' title="bbox 163 2757 504 2762; baseline 0 0"><span class='ocrx_word' id='word_1_262' title='bbox 163 2757 504 2762; x_wconf 95' lang='lat' dir='ltr'><em> </em></span> 
     </span>
    </p>
   </div>
   <div class='ocr_carea' id='block_1_14' title="bbox 151 2817 1831 2922">
    <p class='ocr_par' dir='ltr' id='par_1_14' title="bbox 151 2817 1831 2922">
     <span class='ocr_line' id='line_1_38' title="bbox 268 2817 1831 2876; baseline 0.001 -14"><span class='ocrx_word' id='word_1_263' title='bbox 268 2823 293 2862; x_wconf 82' lang='grc'><strong>6</strong></span> <span class='ocrx_word' id='word_1_264' title='bbox 318 2817 419 2874; x_wconf 86' lang='lat' dir='ltr'><em>ipso</em></span> <span class='ocrx_word' id='word_1_265' title='bbox 444 2823 548 2863; x_wconf 75' lang='lat' dir='ltr'><em>ante</em></span> <span class='ocrx_word' id='word_1_266' title='bbox 573 2820 708 2864; x_wconf 82' lang='lat' dir='ltr'><em>Iacob</em></span> <span class='ocrx_word' id='word_1_267' title='bbox 735 2833 816 2865; x_wconf 89' lang='lat' dir='ltr'><em>om.</em></span> <span class='ocrx_word' id='word_1_268' title='bbox 844 2819 889 2864; x_wconf 88' lang='lat' dir='ltr'><em>R</em></span> <span class='ocrx_word' id='word_1_269' title='bbox 916 2822 932 2876; x_wconf 74' lang='lat' dir='ltr'>n</span> <span class='ocrx_word' id='word_1_270' title='bbox 956 2825 980 2863; x_wconf 84' lang='grc'>7</span> <span class='ocrx_word' id='word_1_271' title='bbox 1006 2820 1114 2864; x_wconf 84' lang='lat' dir='ltr'><em>filiis</em></span> <span class='ocrx_word' id='word_1_272' title='bbox 1150 2833 1238 2865; x_wconf 84' lang='lat' dir='ltr'><em>mss</em></span> <span class='ocrx_word' id='word_1_273' title='bbox 1252 2837 1267 2874; x_wconf 93' lang='lat'><em>,·</em></span> <span class='ocrx_word' id='word_1_274' title='bbox 1301 2833 1404 2863; x_wconf 88' lang='lat' dir='ltr'><em>cum</em></span> <span class='ocrx_word' id='word_1_275' title='bbox 1438 2819 1500 2864; x_wconf 88' lang='lat' dir='ltr'><em>fil.</em></span> <span class='ocrx_word' id='word_1_276' title='bbox 1527 2836 1555 2862; x_wconf 86' lang='lat' dir='ltr'><strong><em>v</em></strong></span> <span class='ocrx_word' id='word_1_277' title='bbox 1579 2821 1595 2876; x_wconf 74' lang='lat' dir='ltr'><strong>u</strong></span> <span class='ocrx_word' id='word_1_278' title='bbox 1618 2824 1672 2863; x_wconf 77' lang='lat'><em>22</em></span> <span class='ocrx_word' id='word_1_279' title='bbox 1708 2833 1831 2863; x_wconf 89' lang='lat' dir='ltr'><em>com-</em></span> 
     </span>
     <span class='ocr_line' id='line_1_39' title="bbox 151 2877 540 2922; baseline 0.008 -3"><span class='ocrx_word' id='word_1_280' title='bbox 151 2878 465 2921; x_wconf 78' lang='lat' dir='ltr'><em>memorantur</em></span> <span class='ocrx_word' id='word_1_281' title='bbox 495 2877 540 2922; x_wconf 89' lang='lat' dir='ltr'><strong><em>R</em></strong></span> 
     </span>
    </p>
   </div>
  </div>
 </body>
</html>
