2004 3140
580 135 646 167 DE
671 134 909 168 c1vrrATE
934 134 1022 166 DEI
1045 135 1087 166 L.
1111 135 1214 166 xxi
1240 134 1277 166 c.
1302 136 1355 167 24.
1660 116 1678 131 ‘
1703 122 1812 174 535

127 248 537 310 manifestabitur
579 249 748 309 yloria
796 252 898 296 tua.
975 247 1046 296 Ita
1091 248 1286 312 perficit
1332 247 1557 296 Christus
1608 245 1812 296 multam

129 320 806 372 multitudinem‘dulcedinis
847 336 963 370 suae
1005 321 1319 385 sperantibus
1359 323 1408 370 in
1451 336 1578 370 eum.
1655 321 1811 369 Porro

127 404 291 446 autem
339 397 381 445 si
429 410 558 461 eam,
605 409 751 459 quam
798 394 868 443 illi
905 402 1102 461 putant,
1150 394 1460 444 dulcedinem
1501 410 1638 444 suam
1681 394 1811 443 Deus

126 469 383 519 abscondit
414 467 703 519 timentibus
737 484 865 535 eum,
905 484 1000 533 qua
1032 485 1131 518 non
1165 476 1240 518 est
1270 471 1446 534 impios
1477 469 1812 534 damnaturus,

125 551 180 593 ut
218 544 311 592 hoc
345 545 623 593 nescientes
656 548 706 591 et
738 542 958 591 damnari
998 545 1228 592 timentes
1268 550 1404 592 recte
1444 544 1604 591 vivant
1645 558 1699 591 ac
1739 543 1809 590 sic

123 619 314 683 possint
369 632 478 666 esse
536 618 620 681 qui
675 623 819 666 orent
867 632 959 681 pro
1015 632 1113 665 non
1168 623 1302 666 recte
1357 616 1657 666 viventibus:
1714 630 1810 680 quo

124 691 267 740 modo
320 707 426 740 eam
476 691 670 756 perficit
717 689 1032 755 sperantibus
1080 692 1130 739 in
1179 706 1314 756 eum,
1362 690 1555 754 quando
1598 691 1812 754 quidem,

124 767 252 814 sicut
293 766 552 831 somniant,
591 779 680 829 per
719 764 844 813 hanc
885 763 1194 813 dulcedinem
1235 779 1334 813 non
1375 763 1695 813 damnaturus
1737 768 1812 812 est

123 855 230 904 eOS,
280 841 363 903 qui
409 853 508 887 non
556 845 775 902 sperant·
803 840 853 886 in
901 835 1052 887 eum?
1128 838 1212 887 Illa
1262 839 1415 902 igitur
1454 840 1560 887 eius
1602 837 1809 887 dulcedo

123 920 412 979 quaeratur,
459 927 606 976 quam
652 912 846 977 perlicit
895 911 1208 976 sperantibus
1248 914 1298 960 in
1341 927 1475 978 eum,
1524 927 1622 960 non
1663 927 1808 976 quam

120 987 361 1051 perficere
392 992 595 1051 putatur
628 985 1061 1035 contemnentibus
1101 993 1150 1035 et
1190 985 1642 1051 blasphemantibus
1682 1001 1809 1035 eum.

120 1060 324 1110 Frustra
375 1062 540 1124 itaque
592 1059 738 1108 homo
790 1067 902 1125 post
947 1060 1040 1108 hoc
1089 1075 1270 1125 corpus
1310 1061 1538 1126 inquirit,
1588 1060 1719 1124 quod
1759 1062 1810 1108 in

120 1134 213 1183 hoc
254 1149 462 1198 corpore
503 1133 598 1183 sibi
637 1149 921 1199 comparare
961 1134 1190 1199 neglexit.

269 1207 394 1257 Illud
434 1223 630 1272 quoque
672 1207 1015 1272 apostolicum:
1070 1209 1326 1258 Conclusit
1363 1210 1494 1257 enim
1534 1208 1671 1257 Deus
1711 1222 1808 1257 om-

119 1297 206 1332 nes
240 1284 291 1331 in
325 1275 634 1342 infidelitate,
666 1287 723 1331 ut
752 1285 970 1331 omnium
994 1285 1313 1342 misereatur,
1347 1297 1445 1330 non
1477 1281 1587 1330 ideo
1622 1281 1809 1331 dictum

120 1362 208 1416 est,
250 1355 380 1420 quod
421 1357 484 1404 sit
524 1357 771 1404 neminem
811 1355 1159 1422 damnaturus,
1209 1355 1295 1405 sed
1337 1357 1567 1420 superius
1608 1362 1811 1421 apparet

119 1429 250 1479 unde
291 1431 355 1478 sit
394 1429 594 1478 dictum.
671 1429 792 1478 Nam
840 1445 954 1479 cum
998 1430 1059 1478 de
1100 1429 1294 1479 Iudaeis
1333 1436 1505 1494 postea
1545 1429 1810 1479 credituris

117 1503 369 1568 apostolus
415 1502 706 1567 loqueretur
746 1503 804 1552 ad
846 1510 1043 1569 gentes,
1095 1503 1151 1552 ad
1194 1518 1315 1568 quas
1355 1505 1525 1568 utique
1566 1505 1661 1551 iam
1703 1519 1806 1552 cre-

118 1577 291 1626 dentes
331 1576 674 1626 conscribebat
713 1577 969 1642 epistulas:
1010 1578 1155 1628 Sicut
1193 1581 1324 1627 enim
1363 1592 1461 1637 vos,
1501 1578 1675 1643 inquit,
1715 1580 1806 1627 ali-

117 1653 321 1713 quando
368 1665 467 1700 non
514 1653 805 1700 credidistis
844 1652 972 1712 Dee,
1021 1667 1157 1702 nunc
1197 1658 1364 1701 autem
1403 1653 1807 1700 misericordiam

117 1727 378 1775 consecuti
414 1727 530 1774 estis
568 1727 766 1774 illorum
808 1726 1190 1775 incredulitate:
1238 1728 1314 1775 sic
1355 1730 1404 1774 et
1440 1727 1496 1774 Izi
1533 1739 1667 1774 nunc
1707 1739 1808 1774 non

118 1801 452 1848 crediderunt
490 1801 541 1847 in
574 1804 791 1848 vestram
831 1801 1257 1860 misericordiam,
1298 1805 1355 1848 ut
1393 1804 1442 1847 et
1480 1801 1578 1860 ipsi
1613 1801 1806 1848 miseri-

118 1875 347 1922 cordiam
398 1877 786 1933 consequantur.
871 1871 1058 1921 Deinde
1106 1872 1344 1938 subiecit,
1398 1871 1530 1921 unde
1581 1873 1662 1921 isti
1714 1871 1808 1921 sibi

117 1946 327 1995 errando
359 1945 693 2012 blandiuntur,
724 1952 871 2010 atque
904 1948 992 1995 ait:
1031 1947 1286 1996 Conclusit
1315 1949 1446 1996 enim
1471 1948 1607 1995 Deus
1639 1961 1807 1995 omnes

118 2022 181 2069 in·
219 2021 598 2079 incredulitate,
650 2025 708 2068 ut
755 2022 974 2069 omnium
1027 2022 1346 2070 misereatur.
1433 2019 1568 2077 Quos
1619 2034 1806 2084 omnes,

117 2095 213 2142 nisi
264 2092 323 2141 de
372 2092 552 2157 quibus
599 2092 920 2159 loquebatur,
974 2099 1223 2157 tamquam
1270 2093 1462 2143 dicens:
1514 2092 1578 2142 Et
1623 2108 1709 2141 vos
1760 2099 1809 2141 et

115 2163 262 2216 illos?
338 2165 469 2215 Deus
510 2181 626 2231 ergo
678 2174 727 2215 et
765 2167 975 2231 gentiles
1015 2174 1066 2216 et
1104 2166 1334 2234 Iudaeos,
1381 2182 1505 2232 quos
1546 2168 1809 2231 praescivit

117 2248 166 2289 et
215 2240 596 2305 praedestinavit
647 2241 928 2290 conformes
978 2242 1203 2305 imaginis
1253 2241 1340 2290 filii
1392 2242 1494 2306 sui,
1545 2255 1716 2289 omnes
1756 2242 1807 2288 in

118 2313 404 2363 infidelitate
452 2313 715 2380 conclusit,
762 2321 817 2364 ut
867 2315 927 2363 de
975 2315 1298 2364 amaritudine
1347 2313 1648 2363 infidelitatis
1689 2329 1805 2363 suae

118 2387 412 2452 paenitendo
464 2388 658 2436 confusi
711 2394 761 2437 et
815 2388 874 2436 ad
929 2387 1239 2437 dulcedinem
1295 2387 1661 2437 misericordiae
1718 2386 1805 2435 Dei

117 2460 363 2510 credendo
403 2463 629 2510 conversi
661 2460 929 2511 clamarent
959 2461 1079 2510 illud
1111 2464 1162 2510 in
1194 2461 1404 2526 psalmo:
1451 2463 1610 2520 Quam
1650 2463 1806 2509 multa

238 2589 278 2641 1)
312 2588 384 2631 Ps.
422 2591 491 2640 16,
526 2592 592 2631 15.
657 2590 731 2643 23)
765 2588 896 2634 Rom.
933 2594 1001 2644 11,
1035 2593 1090 2632 30
1125 2602 1222 2643 sqq.
1285 2589 1359 2642 28)
1391 2587 1524 2631 Rom.
1557 2590 1599 2642 8,
1632 2591 1701 2630 29.

238 2755 259 2792 1
301 2749 672 2794 manifestabitur
711 2748 826 2792 mihi
866 2748 1016 2806 gloria
1056 2749 1100 2791 A
1146 2750 1161 2805 ΙΙ
1207 2753 1262 2791 22
1304 2747 1353 2791 in
1394 2749 1598 2792 uestram
1629 2746 1806 2791 miseri-

116 2808 324 2852 cordiam
346 2808 439 2851 RA
456 2809 659 2861 Amiat.;
689 2807 738 2851 in
769 2811 927 2853 vestra
956 2806 1277 2852 misericordia
1299 2820 1325 2851 v
1349 2808 1364 2863 ss
1388 2811 1442 2850 25
1475 2806 1805 2850 incredulitate

115 2867 162 2910 R
197 2866 345 2920 Gla‘r.,·
376 2866 651 2912 infidelitate
682 2867 755 2911 Av
1031 2872 1037 2874 “

1844 918 1899 958 10

1844 1287 1898 1326 15

1842 1655 1898 1695 20

1838 2024 1893 2063 25

1839 2398 1896 2437 30
