2054 3152
613 160 678 191 DE
701 157 939 191 CIVITATE
964 159 1053 190 Dm
1076 159 1121 191 L.
1146 159 1247 192 xiv.
1272 159 1309 192 c.
1334 159 1390 193 23.
1769 149 1841 201 49

156 282 253 339 tur,
291 272 341 321 id
381 270 511 336 quod
552 276 789 335 appetunt
827 270 1032 335 implere
1073 287 1172 320 non
1210 279 1442 336 possunt,
1482 271 1715 335 pudicitia
1756 288 1838 321 cu-

155 347 393 410 stoditur,
432 359 531 394 non
571 345 769 409 amissa,
820 343 906 392 sed
946 360 1044 393 non
1083 346 1323 409 permissa
1362 344 1686 394 delectatione
1725 361 1839 410 pec-

156 422 268 470 cati.
343 418 488 468 Hunc
527 419 775 483 renisum,
814 417 940 466 hanc
981 421 1371 483 repugnantiam,
1410 418 1534 467 113116
1574 419 1838 469 voluntatis

155 501 205 543 et
236 492 452 542 libidinis
485 493 642 540 rixam
674 490 751 540 vel
783 498 918 540 certe
951 491 1010 540 ad
1042 492 1305 541 voluntatis
1346 493 1691 542 sufficientiam
1731 492 1837 542 libi-

155 568 284 616 dinis
323 566 643 630 indigentiam
675 564 849 630 procul
888 564 1052 630 dubio,
1092 567 1188 614 nisi
1228 564 1483 629 culpabilis
1523 565 1838 615 inoboedien·
1874 577 1899 616 5

154 643 223 690 tia
259 640 454 705 poenali
500 639 866 688 inoboedientia
910 638 1236 705 plecteretur,
1282 640 1333 687 in
1372 639 1598 703 paradiso
1639 642 1838 704 nuptiae

154 730 254 764 non
285 713 541 779 haberent,
582 712 667 762 sed
699 712 937 761 voluntati
967 712 1203 779 membra,
1242 719 1299 762 ut
1338 720 1516 778 cetera,
1556 714 1622 762 ita
1663 721 1841 763 cuncta

155 789 413 837 servirent.
490 787 562 836 Ita
608 786 818 851 genitale
870 801 1040 843 arvum
1091 802 1173 835 vas
1220 788 1270 835 in
1320 786 1414 835 hoc
1455 802 1579 851 opus
1619 793 1841 836 creatum

155 863 436 927 seminaret,
475 869 531 910 ut
571 875 703 909 nunc
743 867 928 909 terram
967 875 1164 926 111311115,
1194 855 1255 909 ’61
1294 860 1424 925 quod
1466 859 1610 909 modo
1651 859 1710 909 de
1750 860 1840 909 1136

154 950 209 984 re
249 934 391 984 nobis
437 933 716 984 volentibus
763 933 1046 998 diligentius
1093 934 1343 999 disputare
1384 934 1679 983 verecundia
1719 936 1838 983 resi·
1876 945 1929 984 10

155 1011 242 1058 stit
273 1015 323 1058 et
356 1008 606 1073 compellit
636 1009 828 1056 veniam
858 1007 1046 1058 honore
1078 1007 1299 1073 praefato
1339 1023 1365 1055 a
1404 1007 1597 1072 pudicis
1638 1007 1840 1057 auribus

153 1097 388 1148 poscere,
439 1097 529 1131 cur
582 1081 631 1130 id
682 1082 824 1130 fieret
874 1081 1007 1130 nulla
1056 1097 1203 1131 causa
1242 1088 1394 1147 esset,
1448 1081 1534 1130 sed
1573 1083 1624 1130 in
1664 1083 1842 1147 omnia,

154 1171 278 1221 quae
327 1154 387 1204 de
435 1155 582 1204 huius
629 1154 761 1203 modi
809 1154 1045 1203 membris
1084 1170 1287 1204 sensum
1327 1156 1585 1219 cogitantis
1625 1155 1841 1219 adtinge-

119 1235 288 1296 rent,
336 1229 442 1277 sine
490 1227 591 1277 ullo
639 1230 815 1277 timore
865 1227 1184 1278 obscenitatis
1230 1228 1356 1277 liber
1404 1243 1566 1277 sermo
1608 1229 1839 1292 ferretur,

155 1318 246 1352 nec
277 1304 385 1368 ipsa
415 1301 564 1350 verba
596 1308 778 1367 essent,
819 1317 943 1366 quae
976 1308 1272 1352 vocarentur
1305 1301 1541 1368 obscena,
1581 1302 1665 1350 sed
1701 1301 1838 1366 quid·
1876 1313 1929 1352 15

154 1375 273 1441 quid
311 1375 426 1424 inde
467 1375 742 1441 diceretur,
795 1381 897 1425 tam
936 1375 1200 1425 honestum
1241 1383 1396 1436 esset,
1448 1391 1594 1440 quam
1634 1376 1693 1424 de
1735 1375 1840 1424 aliis

154 1465 269 1500 cum
318 1449 569 1514 loquimur
620 1450 842 1514 corporis
892 1449 1131 1514 partibus,
1210 1449 1445 1514 Quisquis
1498 1465 1615 1514 ergo
1656 1449 1715 1498 ad
1755 1449 1841 1498 has

153 1523 342 1573 litteras
381 1522 645 1588 inpudicus
685 1522 896 1584 accedit,
945 1523 1140 1589 culpam
1178 1524 1413 1590 refugiat,
1452 1538 1551 1572 non
1592 1530 1839 1588 naturam3

154 1598 280 1646 facta
320 1596 521 1646 denotet
560 1612 676 1646 suae
718 1596 1063 1663 turpitudiniS,
1103 1612 1204 1646 non
1243 1597 1393 1646 verba
1432 1603 1628 1646 nostrae
1671 1612 1840 1646 neces·

154 1672 334 1736 sitatis3
374 1671 425 1718 in
450 1670 630 1735 quibus
656 1669 776 1719 mihi
807 1670 1034 1719 facillime
1066 1671 1277 1735 pudicus
1310 1678 1360 1720 et
1391 1670 1652 1735 religiosus
1684 1670 1840 1720 lector
1874 1682 1931 1721 20

155 1743 232 1792 vel
270 1743 465 1792 auditor
504 1745 736 1808 ignoscit,
783 1743 939 1792 donec
979 1744 1316 1793 infidelitatem
1355 1744 1600 1810 refellam,
1640 1759 1738 1792 non
1779 1744 1839 1792 (16

154 1817 249 1866 fide
288 1832 459 1866 rerum
497 1818 883 1883 inexpertarum,
923 1817 1010 1865 sed
1049 1817 1108 1865 de
1150 1832 1300 1866 sensu
1340 1824 1658 1882 expertarum
1697 1833 1839 1881 argu-

154 1896 468 1940 mentantem.
544 1889 686 1954 Legit
717 1891 848 1939 enim
881 1890 999 1939 haec
1033 1892 1137 1939 sine
1170 1891 1456 1957 offensione,
1496 1892 1581 1955 qui
1620 1905 1718 1938 non
1759 1906 1840 1938 ex-

154 1964 326 2013 horret
371 1963 647 2028 apostolum
693 1963 940 2013 horrenda
992 1964 1288 2013 feminarum
1338 1964 1519 2028 flagitia
1570 1964 1836 2028 reprehen-

155 2037 369 2103 dentem,
401 2053 525 2101 quae
552 2040 928 2086 inmutaverunt
958 2041 1244 2088 naturalem
1276 2052 1420 2087 usum
1455 2041 1506 2086 in
1538 2051 1648 2086 eum
1680 2052 1839 2097 usum,
1875 2047 1930 2087 25

155 2114 244 2173 qui
281 2117 355 2160 est
393 2117 573 2160 contra
613 2116 878 2176 naturam,
917 2113 1181 2176 praecipue
1223 2113 1337 2176 quia
1376 2126 1466 2160 nos
1506 2126 1606 2159 non
1645 2111 1839 2160 (lamna-

155 2184 302 2233 bilem
335 2183 690 2234 obscenitatem
722 2199 870 2251 nunc,
910 2187 1039 2234 sicut
1077 2184 1173 2251 ille,
1213 2200 1655 2234 commemoramus
1695 2191 1841 2249 atque

156 2257 595 2323 reprehendimUS,
649 2257 736 2306 sed
787 2259 839 2306 in
890 2257 1189 2322 explicandis
1202 2298 1216 2325 ,
1268 2265 1506 2323 quantum
1560 2274 1841 2323 possumuS,

155 2331 396 2380 humanae
444 2332 775 2395 generationis
825 2331 1082 2381 effectibus
1130 2331 1278 2380 verba
1330 2339 1525 2397 tamen,
1577 2334 1706 2380 sicut
1745 2331 1841 2397 ille,

155 2404 369 2454 obscena
407 2405 629 2453 vitamus,
1877 2416 1935 2455 30

274 2534 318 2587 8)
350 2531 490 2588 Verg.
525 2531 691 2587 Georg.
724 2536 766 2586 3,
801 2536 897 2576 136.
962 2534 1036 2588 26)
1067 2533 1200 2577 Rom.
1238 2538 1277 2586 1,
1309 2538 1380 2577 26.

280 2697 303 2735 7
336 2694 390 2735 ut
423 2694 578 2737 cetera
607 2693 676 2737 ita.
705 2706 818 2746 mss‚·
850 2693 935 2737 illa
967 2695 1019 2737 ut
1051 2695 1204 2738 cetera
1236 2707 1260 2738 v
1284 2695 1375 2750 1121
1413 2695 1469 2738 de
1502 2707 1585 2739 om.
1628 2694 1671 2735 V

249 2972 343 2996 Auo.
369 2973 421 2996 m:
447 2973 522 2998 c1v.
548 2974 626 2999 nst.
674 2967 724 2997 11.
1464 2963 1492 3002 4
