2004 3140
135 919 190 959 10

133 1288 187 1328 15

133 1658 188 1699 20

130 2145 185 2185 25

223 120 332 172 478
896 129 931 163 S.
955 129 1232 164 Auousnm

223 247 545 294 novissimum
569 245 920 309 praenuntiare
945 243 1196 310 iudicium,
1227 243 1313 293 ubi
1338 243 1451 293 mali
1475 259 1566 292 nec
1593 243 1763 293 saltem
1789 243 1910 293 falso

225 322 324 368 sint
377 319 530 386 beati,
581 318 668 367 sed
719 319 1027 382 apertissime
1067 318 1333 366 miserrimi
1373 326 1661 382 appareant,
1702 326 1752 368 et
1789 317 1908 367 boni

224 393 355 442 nulla
387 392 645 458 temporali
678 391 851 441 saltem
882 393 1080 440 miseria
1111 390 1350 458 laborent,
1390 392 1477 441 sed
1518 392 1647 441 clara
1686 407 1741 441 ac
1782 406 1908 440 sem-

222 468 416 531 piterna
462 466 766 515 heatitudine
815 465 1150 530 perfruantur.
1228 464 1426 515 Dixerat
1477 468 1658 531 quippe
1699 469 1910 515 istorum

222 541 338 590 talia
385 541 623 605 quaedam
673 539 822 588 verba
877 540 1024 588 etiam
1081 540 1311 603 superius
1372 540 1663 590 dicentium:
1726 541 1911 601 Omnis,

222 618 312 676 qui
342 614 478 677 facit
506 618 706 675 malum,
747 615 903 662 bonus
936 619 1010 662 est
1049 615 1099 661 in
1139 619 1410 675 conspeetu
1443 615 1657 675 Domini,
1698 621 1746 664 et
1785 617 1910 664 tales

223 692 273 738 ei
316 692 536 752 placent.
614 688 685 737 Ad
739 687 886 753 haec,
941 688 1167 752 inquam,
1223 694 1394 736 contra
1446 687 1601 737 Deum
1654 702 1911 738 murmura

221 769 559 827 pervenerunt
598 762 755 827 legem
795 761 949 825 Moysi
1000 760 1285 825 accipiendo
1327 761 1603 811 carnaliter.
1679 762 1818 811 Unde
1859 767 1910 810 et

221 836 302 885 ille
353 838 403 885 in
429 837 643 901 ,psalmo
699 837 1096 900 septuagensimo
1153 835 1370 884 secundo
1424 851 1581 901 paene
1636 842 1910 885 commotos

223 910 343 960 dicit
381 911 533 959 fuisse
573 909 725 974 pedes
766 924 883 958 suos
923 917 973 957 et
1012 909 1194 958 effusos
1233 924 1434 974 gressus
1476 925 1607 976 suoS‚
1647 911 1819 975 utique
1857 910 1910 957 in

220 984 439 1051 lapsum,
494 986 607 1048 quia
655 983 826 1033 zelavit
872 984 923 1031 in
962 982 1334 1049 peccatoribus,
1381 999 1554 1048 pacem
1591 991 1911 1049 peccatorum

219 1060 441 1124 intuens3
497 1060 564 1107 ita
619 1066 673 1107 ut
732 1059 863 1106 inter
917 1063 1082 1106 cetera
1133 1057 1343 1107 diceret:
1407 1059 1513 1118 Quo
1567 1061 1710 1108 modo
1763 1059 1913 1108 scivit

220 1133 370 1194 Deus,
412 1139 460 1182 et
490 1135 537 1181 si
566 1139 640 1182 est
670 1134 884 1182 seientia
917 1134 967 1179 in
1001 1132 1286 1180 Altissimo?
1326 1131 1515 1181 diceret
1548 1134 1716 1181 etiam:
1757 1133 1906 1180 Num-

221 1209 346 1267 quid
382 1221 510 1256 vano
559 1208 834 1266 iustifieavi
877 1219 968 1254 eor
1016 1220 1178 1254 meum
1218 1211 1268 1255 et
1305 1209 1409 1255 lavi
1447 1209 1579 1255 inter
1619 1209 1909 1256 innoeentes

220 1295 399 1330 manus
437 1277 609 1330 meas?
670 1280 735 1329 Ut
766 1287 930 1328 autem
970 1278 1183 1328 solveret
1222 1279 1347 1328 hanc
1388 1279 1721 1328 difficillimam
1762 1293 1907 1344 quae-

221 1356 454 1419 stionem,
496 1369 619 1418 quae
660 1354 734 1420 fit,
775 1368 888 1402 cum
928 1352 1157 1401 videntur
1197 1352 1314 1401 boni
1354 1369 1462 1402 esse
1503 1355 1673 1402 miseri
1714 1362 1762 1402 et
1802 1351 1906 1401 feli-

221 1443 303 1477 ces
336 1427 470 1477 mali:
510 1429 634 1493 Hoc,
674 1429 848 1492 inquit,
888 1427 1033 1475 labor
1066 1432 1139 1475 est
1173 1434 1291 1476 ante
1329 1442 1420 1488 me,
1461 1429 1620 1477 donee
1661 1429 1908 1476 introeam

220 1505 271 1551 in
311 1505 665 1551 sanctuarium
706 1503 803 1551 Dei
849 1506 898 1549 et
946 1502 1230 1561 intelleqam
1272 1504 1322 1550 in
1363 1504 1642 1550 novissima.
1720 1500 1907 1550 Iudicio

221 1577 403 1640 quippe
455 1577 720 1624 novissimo
770 1589 867 1623 non
918 1575 988 1622 sic
1037 1575 1152 1639 erit3
1201 1574 1287 1622 sed
1326 1576 1376 1623 in
1417 1582 1584 1639 aperta
1622 1576 1908 1639 iniquorum

222 1651 420 1698 miseria
476 1655 526 1698 et
580 1656 749 1714 aperta
803 1647 1034 1697 felicitate
1090 1649 1335 1697 iustorum
1386 1648 1530 1714 longe
1579 1663 1724 1713 quam
1775 1663 1907 1698 nunc

220 1729 295 1772 est
334 1722 464 1772 aliud
505 1722 772 1788 apparebit.

845 1881 1043 1936 CAPUT
1076 1881 1271 1934 XXIX.

255 1991 331 2039 De
370 1992 588 2039 adventu
629 1990 807 2039 Heliae
847 1996 965 2039 ante
1003 1992 1264 2055 iudicium,
1303 1991 1448 2037 euius
1483 1990 1871 2050 praedicatione

366 2066 743 2126 seripturarum
782 2070 983 2113 secreta
1022 2070 1286 2113 reserante
1326 2063 1512 2111 Iudaei
1549 2077 1753 2111 conver-

771 2143 941 2186 tentur
980 2139 1051 2186 ad
1094 2137 1357 2185 Christum.

367 2238 490 2288 Cum
530 2246 693 2288 autem
726 2239 1076 2305 admonuisset,
1114 2245 1170 2287 ut
1208 2240 1550 2287 meminissent
1588 2237 1709 2302 legis
1748 2237 1905 2302 Moysi

219 2308 474 2380 (quoniam
512 2312 828 2377 praevidebat
876 2328 960 2361 eos
1001 2312 1154 2361 multo
1196 2311 1354 2361 adhuc
1395 2318 1617 2376 tempore
1657 2326 1757 2359 non
1797 2325 1905 2359 eam

219 2386 532 2453 spiritaliter,
584 2388 713 2436 sicut
761 2394 1068 2453 oportuerat,
1119 2380 1458 2453 accepturos),
1506 2386 1740 2434 continuo
1790 2383 1903 2433 sub-

218 2463 354 2511 iecit:
409 2461 475 2509 Et
512 2475 631 2510 6666
670 2475 761 2522 eqo
800 2463 991 2510 mittam
1031 2462 1166 2510 vobis
1206 2461 1388 2509 Helian
1434 2459 1723 2519 Thesbiten,
1764 2464 1903 2507 ante-

338 2590 381 2645 7)
411 2588 522 2632 Mal.
556 2593 597 2644 2,
632 2593 700 2631 17.
766 2589 837 2645 18)
869 2587 942 2631 Ps.
978 2592 1047 2644 72,
1082 2591 1134 2630 11
1170 2601 1266 2643 sqq.

460 2655 486 2681 Ι

338 2755 393 2793 14
422 2764 543 2794 uano
575 2749 741 2806 RAef9
771 2750 997 2803 (Roenseh
1030 2749 1167 2794 Ιταιῐ.2
1190 2763 1239 2805 p.
1273 2753 1406 2802 344ss
1436 2749 1485 2792 in
1516 2761 1638 2792 uano
1671 2748 1753 2800 ab;
1783 2760 1901 2791 vane

216 2823 242 2853 v
273 2812 401 2864 (230,
434 2814 491 2853 19
523 2813 636 2865 sqq.)
658 2810 672 2865 ΙΙ
695 2809 816 2852 inter
846 2809 1114 2852 innocentes
1145 2808 1216 2862 R,·
1246 2809 1368 2852 inter
1397 2807 1719 2852 innocentibus
1750 2806 1820 2859 A,·
1850 2805 1901 2848 in

216 2868 542 2912 innocentibus
574 2882 598 2911 v
622 2870 636 2924 ΙΙ
660 2873 715 2911 29
747 2867 906 2911 helian
937 2867 982 2911 R
990 2885 1007 2921 ,·
1037 2867 1211 2911 heliam
1243 2868 1314 2920 A,·
1352 2866 1505 2910 Eliam
1535 2880 1560 2910 v
