2004 3140
229 158 338 210 334
909 169 943 201 S.
968 168 1244 203 AUGUs'rmt
1384 171 1421 202 ο

230 283 550 348 quadraginta
597 282 709 331 dies¹
750 297 863 331 cum
911 281 1166 347 discipulis
1213 283 1316 331 suis
1363 289 1508 347 atque
1549 284 1670 347 ipsis
1709 283 1920 333 videnti·

228 356 322 406 bus
362 356 583 406 ascendit
621 358 671 404 in
711 356 900 405 caelum
940 363 989 405 et
1027 363 1140 421 post
1178 356 1285 405 dies
1325 356 1495 405 decem
1535 358 1669 406 misit
1706 359 1914 422 promis-

230 445 337 480 sum
380 430 618 495 Spiritum
659 436 906 496 sanctum3
948 431 1091 479 cuius
1129 431 1372 479 venientis
1411 432 1462 479 in
1503 446 1588 479 eos
1629 433 1715 496 qui
1754 431 1914 481 credi·

229 503 402 553 derant
434 512 553 553 tunc
586 506 780 568 signum
806 511 912 554 erat
943 505 1210 554 maximum
1242 510 1292 553 et
1322 505 1530 553 maxime
1563 506 1919 573 necessarium,

170 587 196 626 5
228 585 284 627 ut
322 579 666 643 unusquisque
716 593 890 627 eorum
936 577 1117 643 linguis
1169 579 1389 627 omnium
1428 579 1650 643 gentium
1688 578 1914 644 loquere-

228 658 333 718 tur3
372 654 438 702 ita
469 652 750 716 significans
782 654 1021 701 unitatem
1055 651 1321 701 catholicae
1354 651 1591 701 ecclesiae
1623 667 1713 717 per
1744 668 1921 702 omnes

228 734 400 791 gentes
441 726 656 775 futuram
697 741 751 775 ac
792 728 863 775 sic
903 725 1083 791 linguis
1123 724 1352 775 omnibus
1390 725 1682 775 locuturam.

926 913 1118 967 CAPUT
1158 913 1218 970 L.

277 1022 352 1070 De
383 1023 777 1084 praedieatione
815 1024 1079 1083 evanyelii‚
1118 1036 1250 1083 quae
1282 1037 1379 1083 per
1412 1023 1676 1083 passiones
1708 1036 1863 1083 prae-

142 1105 195 1142 1o
474 1098 753 1145 dieantium
794 1098 988 1145 clarior
1029 1101 1078 1144 et
1108 1098 1364 1158 potentior
1398 1094 1544 1156 facta
1584 1101 1669 1144 est.

376 1198 560 1248 Deinde
613 1198 885 1248 secundum
941 1198 1071 1247 illam
1123 1198 1454 1263 prophetiam:
1518 1198 1601 1247 Ex
1656 1199 1775 1247 Sion
1831 1202 1918 1248 lex

221 1275 427 1334 prodiet
472 1279 521 1322 et
569 1274 773 1322 verbum
814 1273 1018 1322 Domini
1054 1288 1120 1321 ex
1159 1273 1501 1333 Hierusalem,
1552 1279 1601 1320 et
1640 1271 1912 1321 secundum

227 1348 383 1411 ipsius
431 1345 625 1395 Domini
665 1345 849 1395 Christi
895 1345 1167 1412 praedicta,
1216 1345 1299 1394 ubi
1338 1353 1451 1411 post
1490 1347 1910 1395 resurrectionem

227 1419 542 1484 stupentibus
583 1435 694 1468 eum
737 1419 991 1484 discipulis
1032 1421 1134 1468 suis
1175 1423 1381 1482 aperuit
1416 1434 1635 1479 sensum,
1676 1426 1732 1468 ut
1771 1423 1910 1469 intel-

140 1502 193 1541 15
227 1497 453 1555 leqerent
497 1496 803 1555 scriptura-9,
854 1500 903 1542 et
948 1495 1082 1542 dixit
1126 1497 1219 1555 eis,
1267 1497 1503 1554 quoniam
1549 1496 1624 1542 sie
1671 1497 1915 1556 scriptum

227 1575 319 1628 est,
367 1574 416 1616 et
453 1570 526 1616 sie
567 1569 828 1629 oportebat
873 1568 1124 1616 Christum
1159 1570 1272 1629 pati
1309 1573 1359 1616 et
1399 1582 1673 1628 resurqere
1712 1582 1744 1615 a
1783 1581 1912 1616 mor-

227 1644 326 1690 tuis
366 1644 514 1690 tertio
548 1643 629 1690 die
661 1648 709 1690 et
734 1643 1041 1703 praedicari
1061 1635 1128 1690 ‘in
1169 1643 1368 1690 nomine
1406 1644 1514 1691 eius
1547 1643 1914 1703 paenitentiam

227 1721 276 1764 et
313 1717 654 1764 remissionem
687 1720 1019 1777 peecatorum
1054 1731 1151 1776 per
1190 1729 1357 1764 omnes
1391 1722 1591 1776 yentes3
1631 1717 1913 1777 incipienti-

227 1790 318 1838 bus
369 1789 432 1838 ab
485 1789 831 1852 Hierusalem,
881 1796 929 1838 et
979 1787 1064 1837 ubi
1115 1804 1291 1838 rursus
1339 1790 1410 1837 eis
1450 1789 1509 1838 de
1550 1788 1762 1838 adventu
1805 1790 1913 1837 eius

137 1871 192 1910 20
224 1864 491 1911 novissimo
555 1862 924 1926 requirentibus
987 1863 1243 1926 respondit
1309 1870 1454 1927 atque
1519 1864 1606 1912 ait:
1672 1864 1781 1912 Non
1843 1868 1920 1911 est

227 1942 443 1986 vestrum
475 1939 611 1985 seire
636 1943 861 1998 tempora
886 1950 1018 1998 quae
1051 1937 1208 1986 Pater
1234 1940 1404 1999 posuit
1436 1940 1486 1985 in
1518 1952 1613 1986 sua
1640 1942 1887 1999 potestate
1896 1953 1915 1993 ,-

226 2012 318 2059 secl
354 2012 616 2072 accipietis
655 2013 886 2059 virtutem
927 2011 1149 2072 Spiritus
1186 2014 1357 2059 saneti
1390 2013 1822 2072 supervenientem
1846 2012 1915 2058 'in

226 2097 331 2143 vos,
379 2090 426 2132 et
472 2086 615 2131 eritis
655 2085 778 2132 milii
816 2089 962 2132 testes
1003 2086 1053 2131 in
1095 2085 1411 2133 ,Hierusalem
1451 2090 1501 2133 et
1538 2087 1589 2132 in
1630 2089 1781 2132 totam
1823 2083 1906 2132 Iu-

227 2158 407 2206 daeam
447 2163 494 2205 et
527 2157 815 2205 Samariam
848 2163 896 2205 et
927 2172 1084 2217 usque
1123 2160 1173 2205 in
1208 2159 1339 2215 sines
1377 2164 1563 2217 terrae,
1603 2158 1817 2221 primum
1857 2171 1910 2204 se

139 2238 194 2278 25
229 2229 287 2278 ab
327 2229 635 2278 Hierusalem
683 2229 876 2278 diffudit
927 2229 1156 2295 ecclesia,
1203 2237 1252 2278 et
1299 2245 1411 2278 cum
1452 2232 1501 2278 in
1541 2229 1719 2279 Iudaea
1759 2236 1906 2294 atque

229 2302 445 2352 Samaria
484 2302 683 2367 plurimi
724 2302 1072 2368 credidissent,
1113 2310 1161 2352 et
1199 2305 1249 2351 in
1290 2303 1407 2352 alias
1447 2311 1620 2368 gentes
1659 2305 1782 2352 itum
1823 2310 1913 2369 est,

228 2379 299 2425 eis
339 2376 742 2426 adnuntiantibus
782 2376 1100 2440 evangelium,
1141 2392 1266 2440 quos
1304 2379 1435 2444 ipse,
1474 2379 1599 2426 sicut
1640 2376 1914 2442 luminaria,

228 2459 277 2500 et
316 2457 564 2516 aptaverat
604 2449 754 2499 verbo
802 2457 851 2498 et
890 2449 1182 2498 accenderat
1223 2449 1410 2515 Spiritu
1452 2458 1635 2500 sancto.
1713 2449 1913 2499 Dixerat

227 2525 357 2572 enim
390 2526 483 2574 eis:
525 2525 686 2574 Nolite
718 2527 893 2573 timere
924 2539 1020 2582 eo.s‚
1061 2526 1149 2584 qui
1179 2539 1364 2586 eorpus
1397 2527 1649 2584 occidunt,
1689 2526 1911 2573 animam

348 2654 420 2706 12)
452 2651 574 2694 Esai.
610 2656 651 2705 52,
684 2657 723 2695 3.
791 2652 860 2707 19)
894 2650 969 2695 Le.
1006 2655 1077 2704 24,
1109 2655 1164 2694 45
1198 2665 1263 2706 sq.
1328 2654 1401 2706 24)
1435 2651 1536 2695 Act.
1572 2656 1611 2706 1,
1646 2655 1670 2695 7
1704 2665 1769 2713 sq.

349 2846 401 2885 17
432 2841 572 2885 tertia
605 2840 655 2883 F
688 2842 703 2898 ΙΙ
741 2846 794 2885 21
828 2843 1042 2898 tempora
1072 2855 1181 2895 mss;
1222 2843 1435 2898 tempora
1466 2842 1539 2885 vel
1572 2843 1808 2885 momenta
1840 2855 1865 2884 v
1908 2848 1909 2896 j

228 2904 283 2944 23
317 2904 368 2943 ut
399 2901 550 2944 editur
581 2899 751 2954 RAF;
782 2900 831 2943 in
861 2901 962 2944 tota
993 2900 1164 2944 Iudaea
1196 2902 1244 2944 et
1276 2900 1485 2945 Samaria
1516 2914 1542 2944 v
