2004 3140
512 157 579 190 DE
600 155 840 190 οΙνΙΤΑΤΕ
864 157 952 189 DEI
975 156 1017 189 L.
1041 156 1186 189 xvin.
1212 155 1248 189 c.
1273 156 1326 189 28.
1666 144 1774 214 293

95 273 158 322 Et
206 274 318 337 quia
367 273 472 335 ipse
525 284 720 334 quoqne
771 267 983 334 populus
1023 271 1244 333 gentium
1284 268 1570 334 spiritaliter
1611 277 1686 319 est
1724 272 1775 318 in

93 346 204 396 filiis
242 344 462 395 Abrahae
512 358 567 392 ac
614 358 704 407 per
751 342 844 391 hoc
895 350 1030 392 recte
1072 343 1253 392 dicitur
1293 343 1466 408 Israel,
1512 350 1775 409 propterea

96 422 320 485 sequitur
366 424 415 467 et
462 417 603 466 dicit:
659 418 723 466 Et
771 419 1222 479 conqreqabuntur
1263 420 1365 477 filii
1395 419 1543 467 ,Iuda
1589 423 1639 467 et
1678 421 1779 477 filii

96 496 264 544 Israel
299 496 350 542 in
391 495 447 541 id
485 495 668 554 ipsum,
710 498 760 540 et
791 498 982 553 ponent
1018 493 1118 540 sibi
1148 494 1496 554 principatum
1536 506 1691 541 unum
1730 499 1779 541 et

90 570 365 619 ascendent
395 581 426 615 a
471 572 628 616 terra.
707 564 810 614 Hoc
851 567 892 614 si
932 565 1090 614 adhuc
1130 565 1336 614 velimus
1377 580 1639 631 exponere,
1680 566 1776 614 elo·
1810 571 1835 612 5

84 643 194 706 quii
233 640 511 706 prophetici
557 638 861 689 obtundetur
913 655 1070 704 sapor.
1148 639 1411 688 Recolatur
1450 646 1614 688 tamen
1653 639 1775 704 lapis

86 715 166 764 ille
206 714 452 779 angularis
499 720 548 763 et
598 714 695 763 duo
734 715 973 780 parieteS,
1022 729 1152 763 unus
1192 729 1250 762 ex
1293 712 1506 779 IudaeiS,
1555 712 1678 763 alter
1717 729 1777 763 ex

88 788 352 854 gentibus,
391 788 472 837 ille
513 789 709 836 nomine
750 787 963 837 filiorum
1002 787 1142 854 Iuda,
1193 789 1286 836 iste
1327 789 1524 836 nomine
1564 787 1778 836 filiorum

86 863 260 929 Israel,
307 862 467 911 eidem
513 863 602 911 uni
646 863 946 926 principatui
995 877 1084 911 suo
1125 864 1176 910 in
1215 862 1264 910 id
1304 863 1468 926 ipsum
1507 863 1777 910 innitentes

90 944 137 987 et
184 937 506 986 ascendentes
554 942 883 1000 agnoscantur
931 952 957 985 a
1003 942 1149 985 terra.
1227 935 1354 984 Istos
1403 942 1567 984 autem
1608 950 1774 984 carna·
1813 943 1867 983 10

89 1011 200 1060 liter
255 1010 530 1076 [sraelitaS,
584 1011 669 1075 qui
724 1025 856 1059 nunc
911 1009 1085 1058 nolunt
1140 1009 1344 1058 credere
1401 1011 1451 1057 in
1509 1008 1776 1075 Christum,

95 1091 265 1149 postea
305 1084 597 1150 crediturOS,
636 1084 686 1133 id
726 1090 801 1133 est
839 1084 966 1133 filios
1006 1099 1178 1133 eorum
1219 1078 1358 1151 (nam
1397 1085 1567 1147 utique
1608 1085 1690 1132 isti
1729 1085 1779 1131 in

95 1174 240 1208 suum
288 1158 452 1207 locum
499 1158 754 1207 moriendo
804 1153 1135 1226 transibunt),
1182 1157 1313 1206 idem
1352 1157 1592 1221 propheta
1632 1163 1778 1206 testa-

88 1240 170 1282 tur
209 1232 400 1282 dicens:
456 1233 703 1292 Quoniam
751 1234 925 1282 diebus
971 1235 1138 1282 multis
1176 1233 1421 1281 sedebunt
1471 1234 1573 1290 filii
1616 1231 1784 1280 Israel

88 1309 197 1356 sine
235 1322 369 1368 reqe,
408 1309 518 1356 sine
550 1309 810 1369 principe,
849 1309 958 1356 sine
995 1308 1270 1367 sacrificia
1310 1308 1419 1354 sine
1458 1307 1629 1371 altari,
1669 1308 1779 1354 sine
1813 1311 1867 1351 15

88 1383 390 1441 sacerdotio²
427 1383 537 1430 sine
569 1380 1072 1442 manifestationibus.
1152 1379 1274 1437 Quis
1306 1395 1406 1428 non
1445 1379 1607 1428 videat
1646 1394 1778 1428 nunc

91 1456 161 1503 sic
223 1469 332 1503 esse
394 1451 637 1503 Iudaeos?
701 1453 798 1503 Sed
861 1455 979 1519 quid
1042 1454 1303 1520 adiungat,
1366 1453 1635 1502 audiamus
1714 1454 1781 1501 Et

85 1534 274 1590 postea,
314 1530 489 1594 inquit,
528 1534 850 1578 revertentur
884 1532 983 1589 filii
1022 1530 1189 1578 Israel
1226 1533 1275 1577 et
1314 1530 1572 1589 inquirent
1610 1528 1777 1576 Domi-

91 1617 209 1651 num
240 1603 400 1652 Deum
438 1617 583 1651 suum
623 1608 672 1652 et
703 1604 872 1652 David
909 1617 1080 1665 reqem
1117 1617 1276 1663 suum,
1317 1608 1366 1651 et
1401 1607 1690 1664 stupescent
1728 1604 1779 1650 in

92 1677 302 1726 Domino
354 1682 404 1726 et
452 1679 504 1725 in
551 1678 691 1726 bonis
739 1680 896 1739 ipsius
943 1680 995 1727 in
1042 1679 1321 1726 novissimis
1372 1677 1561 1725 diebus.
1648 1674 1780 1723 Nihil
1813 1683 1869 1722 20

93 1757 167 1799 est
216 1751 309 1798 ista
362 1749 621 1815 prophetia
671 1751 1006 1817 manifestius,
1057 1765 1171 1799 cum
1210 1749 1361 1798 David
1409 1750 1541 1812 regis
1581 1751 1780 1797 nomine

94 1824 396 1888 significatus
435 1823 738 1887 intellegitur
773 1823 1015 1890 Christus,
1056 1825 1168 1888 quia
1203 1822 1376 1884 factus
1417 1828 1502 1885 est,
1543 1824 1672 1871 sicut
1711 1822 1780 1870 di-

94 1899 161 1946 cit
200 1897 467 1963 apostquS,
507 1912 573 1946 ex
610 1900 798 1948 semine
829 1899 1000 1948 David
1035 1899 1312 1947 secundum
1352 1911 1574 1946 carnem.
1635 1895 1780 1944 Prae-

96 1972 338 2019 nuntiavit
369 1972 463 2020 iste
495 1971 736 2036 propheta
769 1974 916 2021 etiam
948 1973 1095 2021 tertio
1128 1970 1206 2019 die
1241 1970 1425 2019 Christi
1456 1971 1780 2019 resurrectio-

95 2059 208 2093 nem
241 2045 472 2111 futuram,
513 2046 642 2094 sicut
674 2060 780 2094 eam
818 2046 1108 2111 prophetica
1147 2044 1404 2094 altitudine
1444 2045 1783 2109 praenuntiari
1815 2051 1870 2091 25

94 2117 366 2184 oportebat,
404 2118 491 2167 ubi
522 2121 608 2168 ait:
650 2119 867 2169 Sanabit
898 2135 986 2170 nos
1010 2124 1127 2182 post
1166 2120 1385 2184 biduum,
1426 2121 1478 2167 in
1511 2120 1594 2167 die
1633 2120 1781 2167 tertio

94 2207 429 2254 resurgemus.
509 2192 794 2242 Secundum
839 2194 933 2243 hoc
982 2195 1115 2243 enim
1166 2191 1308 2241 nobis
1349 2192 1467 2241 dicit
1506 2191 1781 2256 apostolus:

97 2265 155 2314 Si
184 2269 543 2316 resurrexistis
575 2282 689 2317 cum
728 2268 939 2328 Christo,
980 2283 1111 2328 quae
1142 2281 1342 2315 sursum
1381 2272 1499 2315 sunt
1535 2268 1780 2327 quaerite.

94 2338 240 2388 Amos
288 2355 485 2404 quoque
533 2341 592 2390 de
641 2341 791 2390 rebus
838 2341 1018 2390 talibus
1059 2342 1129 2390 sic
1169 2340 1453 2404 prophetat:
1496 2341 1780 2402 Praepara,

94 2413 280 2480 inquit,
320 2420 387 2476 te,
426 2419 485 2463 ut
521 2417 722 2466 invoces
761 2416 921 2465 Deum
961 2422 1100 2464 tuum
1141 2415 1333 2471 Israel;
1372 2416 1494 2475 quia
1534 2429 1653 2463 ecce
1691 2427 1782 2472 eqo
1815 2420 1871 2459 30

90 2488 304 2543 firmans
361 2490 602 2537 tonitrum
658 2495 707 2538 et
760 2505 946 2538 creans
992 2491 1224 2551 spiritum
1276 2494 1326 2537 et
1372 2489 1683 2536 adnuntians
1731 2488 1781 2534 in

214 2585 258 2640 ὃ)
284 2583 398 2628 Osee
426 2590 466 2640 1,
494 2591 562 2628 11.
612 2588 655 2641 8)
680 2585 799 2642 Eph.
825 2591 867 2642 2,
895 2591 962 2631 14.
1026 2587 1102 2642 20)
1129 2584 1245 2629 Osee
1277 2590 1319 2640 3,
1353 2589 1380 2627 4
1405 2599 1472 2639 sq.
1537 2583 1619 2638 23)
1649 2583 1781 2628 Rom.

99 2646 136 2695 1,
170 2647 210 2685 3.
274 2645 347 2699 27)
382 2642 499 2688 Osee
533 2650 573 2700 6,
606 2649 645 2688 2.
710 2647 784 2702 28)
818 2644 991 2690 Coloss
1026 2650 1070 2699 3,
1103 2650 1140 2690 1.

213 2779 241 2817 4
274 2775 363 2818 sibi
394 2775 511 2828 RA,·
559 2776 746 2821 sibimet
776 2776 850 2820 Fv
882 2778 902 2832 ll
931 2782 954 2820 7
989 2775 1079 2820 duo
1111 2775 1182 2818 illi
1213 2790 1310 2832 par.
1342 2789 1368 2819 v
1400 2777 1415 2832 ΙΙ
1449 2779 1502 2818 10
1535 2774 1782 2818 carnaliter

93 2830 356 2887 RAParr.;
387 2835 594 2879 carnales
627 2835 700 2880 Fv
725 2838 740 2892 ΙΙ
763 2840 818 2879 22
850 2835 1152 2890 intellegatur
1182 2848 1207 2878 v
1231 2837 1246 2891 ss
1269 2834 1350 2891 qui
1381 2849 1406 2878 v
1430 2836 1446 2891 ΙΙ
1470 2839 1523 2878 31
1556 2831 1780 2877 tonitrum

96 2888 142 2933 R
172 2891 320 2944 (Neue
351 2893 387 2935 I
406 2907 457 2948 p.
492 2896 584 2938 360
614 2895 771 2950 med.);
801 2892 1058 2937 tonitruum
1088 2893 1211 2938 AFv
