2004 3140
515 167 582 199 DE
607 166 846 199 CIVITATE
871 167 960 200 DEI
985 167 1026 198 L.
1051 166 1194 198 xvm.
1220 167 1257 199 c.
1281 168 1334 199 32.
1359 168 1412 199 33.
1449 213 1453 215 λ
1685 157 1792 209 303

105 297 191 347 spe
243 281 534 346 gaudenteS‚
587 280 638 328 in
690 279 1005 328 tribulatione
1057 280 1313 344 patientes,
1400 281 1459 329 Ut
1505 283 1792 339 ascendam,

106 357 282 421 inquit,
323 357 375 403 in
408 357 648 417 populum
674 356 1108 416 pereyrinationis
1147 368 1301 414 meae,
1341 354 1580 403 recedens
1620 356 1791 419 utique

105 444 129 478 a
169 428 351 494 populo
398 427 610 491 maligno
652 427 863 475 carnalis
905 429 1209 491 cognationis
1250 443 1390 494 suae,
1436 443 1535 476 non
1573 430 1791 493 peregri-

103 510 248 551 nante
306 503 355 550 in
411 501 501 549 hac
557 509 689 550 terra
745 516 836 549 nec
900 516 1164 566 supernam
1227 503 1435 566 patriam
1492 504 1791 566 requirente.

114 578 357 636 Quoniam
387 578 533 635 sicus,
573 577 749 639 inquit,
790 590 887 624 non
922 575 1125 636 adferet
1157 574 1376 636 fruetus,
1418 583 1466 625 et
1504 590 1602 625 non
1643 583 1795 625 erunt
1825 586 1851 624 5

103 653 392 700 nativitates
453 652 502 698 in
559 652 745 706 uineis;
800 652 1069 699 mentietur
1123 663 1246 711 opus
1294 653 1477 709 olivae,
1534 657 1583 698 et
1628 653 1796 712 campi

103 738 202 773 non
253 723 452 785 facient
506 738 685 772 eseam.
766 723 1080 784 Defecerunt
1127 725 1190 771 ab
1239 738 1356 772 esea
1405 738 1539 783 oves,
1596 730 1644 772 et
1693 738 1790 772 non

100 804 373 860 supersunt
411 801 462 846 in
495 798 832 860 praesepibus
864 799 1021 846 boues.
1099 796 1229 846 Vidit
1269 812 1375 845 eam
1415 804 1626 862 gentem,
1669 812 1791 861 quae

104 871 354 920 Christum
395 871 555 919 suerat
596 874 846 936 occisura,
886 870 1162 920 ubertatem
1204 873 1456 935 copiarum
1498 870 1789 935 spiritalium

100 944 434 1011 perdituram,
488 960 607 1009 quas
655 961 744 1010 per
791 952 1040 994 terrenam
1088 944 1439 994 fecunditatem
1488 960 1625 993 more
1678 960 1789 1010 pro·
1825 953 1880 993 10

99 1019 296 1083 phetieo
330 1019 569 1083 figuravit.
631 1018 692 1068 Et
726 1020 837 1082 quia
877 1021 999 1067 iram
1034 1019 1120 1067 Dei
1160 1018 1305 1068 talem
1346 1026 1608 1083 propterea
1648 1033 1790 1083 passa

101 1099 176 1141 est
230 1093 309 1141 illa
365 1108 508 1158 gem,
563 1095 675 1156 quia
730 1094 963 1156 ignorans
1018 1092 1104 1141 Dei
1159 1094 1396 1141 iustitiam
1450 1107 1585 1141 suam
1638 1092 1791 1140 voluit

104 1168 423 1231 constituere,
462 1168 554 1215 iste
596 1168 852 1215 continuo:
900 1168 1008 1227 qu
1049 1172 1229 1226 autem,
1269 1168 1444 1230 inquit,
1487 1169 1537 1215 in
1578 1168 1790 1215 Domino

100 1242 358 1299 exultabo,
403 1242 636 1301 qaudebo
678 1244 726 1289 in
769 1241 874 1290 Deo
913 1243 1136 1289 salutari
1172 1254 1292 1289 meo.
1371 1241 1614 1289 Dominus
1654 1241 1790 1289 Deus

100 1328 238 1363 meus
270 1317 430 1363 virtus
462 1328 587 1374 mea,
627 1317 804 1363 statuit
838 1316 993 1377 pedes
1032 1328 1164 1363 meos
1197 1317 1248 1363 in
1290 1317 1763 1363 consummationem
1775 1331 1793 1371 ,·
1827 1320 1880 1360 15

99 1403 254 1450 super
293 1391 496 1437 excelsa
534 1391 711 1437 statuit
750 1402 840 1454 me,
880 1394 938 1437 ut
974 1390 1172 1438 vincam
1213 1391 1265 1437 in
1305 1391 1507 1438 cantico
1547 1391 1668 1447 eius,
1707 1387 1789 1436 illo

101 1461 288 1510 scilicet
321 1464 527 1527 cautim,
568 1462 627 1510 de
669 1477 766 1526 quo
807 1462 981 1510 similia
1022 1462 1259 1526 quaedam
1301 1462 1536 1511 dicuntur
1574 1464 1624 1510 in
1664 1461 1789 1526 psal-

100 1550 203 1584 mo:
243 1536 435 1584 Statuit
470 1551 625 1598 super
657 1543 859 1599 petram
900 1538 1058 1598 pedes
1096 1551 1229 1585 meos
1269 1542 1334 1585 et·
1356 1539 1548 1585 direxit
1583 1551 1790 1597 ,qressus

98 1623 250 1669 meos,
299 1617 349 1659 et
386 1611 575 1659 inmisit
619 1613 671 1659 in
719 1625 772 1659 os
811 1624 973 1660 meum
1013 1613 1267 1659 canticum
1308 1625 1507 1670 nouum,
1554 1611 1790 1672 hymnum

101 1684 206 1732 Deo
238 1690 425 1732 nostro.
503 1683 612 1748 lpse
654 1699 770 1748 ergo
811 1685 962 1732 vinc-it
1000 1686 1050 1732 in
1093 1687 1284 1732 cantico
1317 1683 1526 1749 Domini,
1566 1686 1651 1748 qui
1690 1683 1788 1748 pla·
1823 1694 1880 1734 20

101 1764 181 1806 eet
218 1759 269 1805 in
310 1759 416 1806 eius
455 1757 613 1823 laude,
653 1773 751 1806 non
793 1773 894 1822 sua,
934 1765 1012 1817 ut,
1052 1761 1141 1819 qui
1174 1761 1445 1819 qloriatur‚
1486 1760 1537 1806 in
1578 1759 1790 1810 Domino

96 1834 363 1892 qlorietur.
441 1831 615 1879 Melius
666 1838 830 1880 autem
886 1831 1004 1880 mihi
1057 1831 1288 1880 videntur
1342 1831 1538 1895 quidam
1594 1831 1790 1879 codices

97 1904 302 1954 habere:
348 1906 588 1954 Gaudebo
637 1908 687 1954 in
728 1907 834 1955 Deo
876 1906 992 1954 Iesu
1033 1920 1160 1966 mee,
1201 1920 1346 1969 quam
1386 1905 1460 1969 hi,
1502 1906 1586 1968 qui
1626 1904 1788 1952 volen-

101 1986 175 2027 tes
215 1977 263 2027 id
303 1977 475 2027 Latine
516 1994 726 2044 ponere,
766 1993 946 2028 nomen
986 1981 1149 2043 ipsum
1189 1994 1286 2027 non
1327 1985 1617 2043 posuerunt,
1658 1977 1787 2042 quod

99 2059 175 2100 est
213 2051 355 2100 nohis
395 2054 600 2101 amicius
641 2059 690 2102 et
729 2052 923 2102 dulcius
962 2055 1230 2101 nominare.
1822 2061 1878 2101 25

706 2165 896 2220 CAPUT
928 2165 1179 2219 XXXIII.

99 2259 175 2307 De
206 2259 402 2307 Christo
428 2264 476 2307 et
500 2261 762 2308 vocatione
789 2261 1014 2319 qentium
1047 2273 1179 2319 quae
1210 2259 1495 2308 Hieremias
1527 2264 1575 2307 et
1600 2259 1786 2320 Sopho·

402 2335 515 2381 nias
546 2334 845 2394 prophetico
885 2335 1067 2394 spiritu
1106 2335 1208 2381 sint
1240 2331 1482 2394 praefati.

245 2419 517 2469 Hieremias
564 2419 804 2485 propheta
856 2421 915 2470 de
964 2420 1232 2470 maioribus
1282 2427 1380 2486 est,
1437 2422 1564 2469 sicut
1602 2419 1786 2485 EsaiaS,

98 2508 195 2542 non
237 2493 297 2542 de
337 2493 637 2559 minorihUS,
678 2496 807 2542 sicut
846 2497 1022 2559 ceteri,
1071 2494 1131 2543 de
1173 2509 1383 2558 quorum
1425 2495 1624 2558 scriptis
1665 2508 1784 2541 non·
1819 2504 1876 2542 30

100 2648 131 2692 Ο
218 2593 261 2693 11)
293 2591 424 2695 {clun
468 2595 543 2646 12,
586 2596 652 2635 12.
721 2593 791 2647 16)
824 2591 966 2636 Abae.
1002 2597 1039 2635 3.
1107 2594 1180 2636 205
1213 2591 1286 2636 Ps.
1329 2596 1406 2645 39,
1447 2596 1472 2634 3
1507 2605 1571 2645 sq.
1636 2591 1710 2645 22)
1748 2595 1784 2635 1.

137 2663 200 2694 or.
265 2685 275 2705 ,
371 2687 377 2693 .

218 2787 272 2826 15
306 2781 469 2826 statuit
500 2781 665 2835 RAF;
698 2783 872 2826 statuet
902 2796 928 2826 v
967 2784 982 2838 H
1024 2788 1078 2826 16
1112 2782 1277 2827 statuit
1307 2782 1352 2825 R
1383 2786 1424 2826 et
1455 2783 1548 2827 cod.
1581 2782 1784 2827 Remens.

100 2842 226 2896 apud
257 2841 413 2885 Sabat.
448 2842 530 2894 II,
563 2845 678 2895 9703
720 2841 913 2897 inponet
944 2843 1015 2885 Av
1056 2844 1070 2897 ΙΙ
1112 2846 1165 2885 18
1199 2855 1335 2898 super
1365 2843 1545 2898 petram
1578 2842 1649 2894 Α,·
1680 2856 1784 2897 sup-

79 2901 280 2954 ¹petram
310 2900 385 2953 R,·
416 2914 556 2956 supra,
586 2915 631 2956 p.
663 2914 689 2943 v
