2004 3140
140 954 195 994 10

138 1322 191 1362 15

139 1690 195 1730 20

141 2057 197 2096 25

229 149 339 202 464
415 200 421 206 ,
901 161 935 194 S.
959 162 1234 198 mensum

228 285 337 328 tem.
415 274 616 344 Deinde,
657 279 773 343 quid
808 276 1018 329 audierit
1057 274 1115 328 ab
1154 278 1251 347 illo,
1291 295 1316 329 a
1350 296 1446 346 quo
1479 280 1538 330 de
1576 279 1804 330 omnibus
1834 279 1912 329 his

227 353 490 418 quaesivit,
538 359 785 417 tamquam
833 368 891 402 eo
941 353 1034 402 sibi
1081 361 1356 418 exponente
1401 356 1471 404 sic
1514 354 1755 419 loquitur:
1800 355 1914 404 Hac

227 428 416 476 bestiae
445 440 662 488 maynae
698 433 938 488 quattuor
962 433 1203 489 quattuor
1232 443 1394 490 reqna
1425 434 1635 490 suryent
1667 431 1719 478 in
1753 433 1913 488 terra,

227 515 358 561 quae
397 499 714 566 auferentur,
755 507 804 550 et
842 504 1097 563 accipient
1133 517 1346 563 reqnum
1382 506 1552 552 sancti
1587 503 1830 552 Altissimi
1867 507 1916 551 et

228 576 519 624 obtinebunt
550 577 678 624 illud
706 590 864 636 usque
896 577 947 623 in
987 579 1245 624 saeculum
1284 582 1333 625 et
1369 591 1525 638 usque
1564 578 1614 625 in
1653 578 1913 625 saeculum

226 651 558 698 saeculorum.
637 649 703 697 Et
740 650 1069 710 quaerebam,
1116 651 1298 715 inquit,
1345 652 1615 711 diliqenter
1654 652 1716 699 de
1755 650 1914 699 bestia

227 728 435 784 quarta,
483 737 615 784 quae
662 729 777 772 erat
822 723 1067 783 differens
1103 738 1233 785 prae
1271 727 1407 773 omni
1443 725 1623 790 bestia,
1669 723 1914 773 terribilis

228 798 441 859 amplius
470 823 532 830 -—
563 799 734 846 dentes
759 799 867 845 eius
894 795 1063 858 ferrei
1085 803 1134 846 et
1164 812 1360 858 unques
1385 801 1492 847 eius
1516 800 1670 857 aerei,
1702 798 1912 846 mandu-

227 885 351 920 cans
384 872 794 920 et‘comminuens
823 875 870 918 et
893 873 1092 932 reliqua
1109 872 1326 933 pedibus
1356 874 1460 920 suis
1492 874 1797 921 conculcans
1831 896 1913 929 —‚

228 952 277 996 et
307 947 368 994 de
400 945 640 994 cornibus
676 947 783 993 eius
823 945 1009 1005 decem,
1049 959 1182 1005 quae
1221 951 1371 994 erant
1409 948 1461 994 in
1500 947 1669 1007 capite
1707 947 1828 1004 eim,
1868 950 1915 994 et

228 1022 290 1068 de
329 1021 512 1078 altem,
561 1020 697 1079 quod
744 1019 975 1067 ascendit
1020 1023 1070 1067 et
1117 1021 1343 1067 excussit
1388 1021 1451 1068 de
1483 1019 1746 1081 prioribus
1785 1019 1888 1068 tria
1897 1035 1916 1074 ;

228 1107 390 1143 cornu
430 1094 557 1141 illud
602 1094 654 1140 in,
694 1105 791 1152 quo
831 1097 982 1140 erant
1019 1095 1157 1141 oculi
1193 1098 1242 1141 et
1279 1107 1332 1142 os
1372 1096 1579 1154 loquens
1618 1106 1827 1153 mayna,
1868 1097 1917 1141 et

225 1170 358 1216 visus
392 1168 500 1215 eius
531 1168 694 1214 maior
727 1168 924 1215 ceteris
1015 1165 1266 1226 Videbam,
1308 1172 1356 1215 et
1394 1181 1555 1229 cornu
1595 1167 1723 1215 illud
1752 1164 1914 1227 facie-

227 1242 314 1290 bat
353 1242 533 1289 bellum
572 1254 686 1288 cum
724 1242 937 1298 sancti8‚
994 1245 1044 1288 et
1075 1241 1410 1301 praevalebat
1447 1242 1519 1289 ad
1554 1242 1708 1301 ipSOS,
1755 1241 1916 1288 donec

226 1316 359 1364 venit
395 1319 616 1362 vetustus
656 1314 868 1379 dierum,
908 1318 957 1362 et
994 1327 1207 1374 reqnum
1248 1315 1387 1362 dedit
1423 1316 1614 1363 sanctis
1646 1313 1916 1369 fidissimi,-

226 1394 275 1437 et
313 1394 502 1450 tempus
536 1388 783 1448 pervenit,
823 1392 872 1435 et
910 1400 1123 1447 reynum
1163 1388 1492 1436 obtinuerunt
1526 1389 1705 1436 sancti.
1782 1384 1915 1434 Haec

226 1460 395 1509 Daniel
436 1461 686 1523 quaesisse
737 1474 788 1508 se
830 1459 964 1508 dixit.
1042 1459 1228 1508 Deinde
1270 1460 1387 1524 quid
1427 1460 1639 1510 audierit
1679 1461 1914 1508 continuo

227 1533 550 1598 subiungens:
592 1534 658 1581 Et
689 1535 833 1594 diaeit,
873 1534 1035 1597 inquit
1066 1527 1139 1599 (id
1172 1540 1248 1582 est
1278 1533 1374 1600 ille,
1415 1549 1441 1582 a
1481 1549 1579 1598 quo
1621 1534 1915 1598 quaesierat,

226 1606 482 1672 respondit
530 1613 579 1655 et
626 1601 795 1674 dixit):
842 1606 1014 1655 Bestia
1062 1613 1249 1667 quarta
1288 1614 1528 1669 quartum
1566 1620 1780 1669 reqnum
1819 1609 1919 1656 erit

227 1684 279 1730 in
320 1688 477 1742 terra,
517 1682 654 1742 quod
684 1682 1006 1742 praevalebit
1043 1683 1273 1731 omnibus
1312 1684 1512 1743 reynis;
1552 1687 1601 1731 et
1638 1682 1915 1730 manduca-

229 1757 301 1804 bit
338 1769 528 1803 omnem
576 1760 791 1814 terram,
838 1760 887 1802 et
933 1756 1257 1804 conculcabit
1294 1770 1405 1805 eam
1445 1761 1495 1804 et
1531 1756 1775 1804 concidet.
1853 1755 1919 1802 Et

230 1831 402 1878 decem
457 1842 653 1878 cornua
708 1830 816 1876 eius
871 1830 1042 1877 decem
1098 1844 1245 1890 reyes
1297 1835 1535 1890 surgen&
1586 1834 1636 1878 et
1674 1833 1789 1891 post
1835 1841 1918 1884 eos

228 1907 405 1963 suryet
451 1905 603 1962 alius,
652 1904 741 1963 qui
783 1903 1047 1963 superabit
1094 1905 1239 1952 malis
1287 1917 1474 1963 omneS,
1523 1905 1612 1964 qui
1649 1907 1767 1950 ante
1806 1915 1917 1950 eum

225 1975 465 2037 fuerunt;
504 1981 553 2024 et
584 1981 686 2024 tres
718 1989 864 2037 reyes
895 1977 1180 2024 humiliabit
1211 1982 1259 2025 et
1296 1977 1452 2026 verba
1492 1978 1736 2025 adversus
1767 1975 1914 2024 Altis-

229 2052 406 2098 simum
446 2052 677 2110 loquetur
729 2056 776 2098 et
820 2055 1022 2098 sanctos
1061 2050 1304 2099 Altissimi
1341 2055 1568 2099 conteret
1604 2054 1654 2099 et
1689 2050 1914 2111 suspica-

232 2124 370 2171 bitur
401 2128 599 2171 mutare
632 2128 857 2183 tempora
890 2129 938 2171 et
968 2125 1153 2183 leqem;
1193 2129 1241 2172 et
1280 2125 1487 2172 dabitur
1526 2125 1578 2172 in
1617 2137 1770 2172 manu
1810 2124 1918 2172 eius
2003 2134 2004 2138 ’

231 2210 388 2256 usque
443 2197 514 2243 ad
557 2201 747 2256 tempus
797 2200 846 2243 et
891 2201 1117 2256 tempora
1165 2203 1214 2245 et
1260 2198 1520 2246 dimidium
1572 2202 1776 2258 tempus
1852 2196 1920 2245 Et

234 2270 478 2317 iudicium
523 2269 737 2328 sedebit,
787 2275 834 2316 et
879 2271 1226 2331 principatum
1273 2271 1597 2319 removebunt
1641 2271 1714 2318 ad
1749 2273 1916 2318 exter-

233 2344 526 2391 minandum
572 2348 619 2391 et
659 2343 975 2403 perdendum
1022 2357 1179 2403 usque
1218 2345 1269 2391 in
1302 2346 1483 2402 linem;
1532 2348 1581 2392 et
1618 2356 1831 2403 reynum
1870 2347 1918 2391 et

147 2424 202 2464 30
227 2421 450 2478 potestas
497 2420 546 2464 et
590 2417 882 2476 maqnitudo
930 2430 1128 2476 reorum,
1175 2419 1264 2477 qui
1306 2418 1398 2466 sub
1438 2418 1573 2465 omni
1608 2418 1749 2465 caelo
1787 2421 1918 2480 sunt,

235 2491 357 2538 data
390 2495 464 2538 est
493 2491 682 2538 sanctis
714 2488 966 2538 Altissimi.
1044 2489 1111 2538 Et
1147 2505 1359 2551 reynum
1398 2493 1505 2540 eius
1544 2504 1756 2551 reqnum
1794 2503 1916 2538 sem·
1955 2522 1976 2527 -

229 2565 514 2623 piternum,·
562 2569 610 2611 et
661 2576 826 2611 omnes
867 2564 1191 2625 principatus
1246 2566 1343 2625 ipsi
1393 2565 1614 2613 servient
1667 2568 1715 2612 et
1763 2564 1915 2612 obau-

236 2637 384 2683 dient.
462 2636 571 2684 Hoc
617 2650 794 2697 usque,
840 2637 1022 2702 inquit,
1064 2639 1184 2695 sinis
1221 2639 1480 2687 sermonis,
1559 2637 1666 2697 qu
1707 2637 1918 2693 Daniel;

353 2838 378 2876 3
413 2834 612 2889 quatuor
642 2834 819 2879 bestiae
850 2849 1048 2892 magnae
1080 2849 1106 2879 v
1144 2837 1160 2892 ΙΙ
1191 2841 1245 2881 27
1278 2838 1460 2893 tempus
1490 2849 1579 2881 mss
1587 2851 1604 2889 ;
1633 2830 1857 2892 temporis
1887 2847 1913 2879 v

234 2893 359 2947 (465,
391 2896 474 2948 12)
496 2895 511 2948 ΙΙ
535 2898 590 2937 33
623 2893 711 2937 hoe
743 2893 834 2938 ΕΑ
867 2897 988 2949 (161,
1019 2896 1123 2950 10),·
1154 2895 1244 2939 huc
1275 2909 1300 2939 v
