2004 3140
574 168 640 200 DE
664 165 902 200 01V1TATE
926 167 1015 199 DEI
1037 167 1079 199 L.
1103 168 1205 200 xm.
1231 166 1269 200 c.
1294 169 1347 201 11.
1687 156 1794 209 513

106 281 182 330 vel
222 277 467 346 plagavit?
528 280 627 329 Iam
667 295 783 329 vero
825 280 1072 347 damnum,
1111 282 1392 346 ignominia,
1434 280 1650 347 exilium,
1691 297 1792 330 ser-

102 357 231 404 vitus
279 370 391 404 cum
440 354 734 419 plerumque
783 355 854 403 sic
903 355 1220 420 infliguntur,
1272 362 1326 404 ut
1366 354 1498 404 nulla
1539 357 1677 404 venia
1715 371 1792 405 re-

101 428 350 494 laxentur,
397 443 561 477 nonne
609 443 699 492 pro
747 427 895 477 huius
942 431 1069 477 vitae
1110 429 1253 478 modo
1295 429 1470 478 similia
1509 430 1682 494 poenis
1726 431 1792 478 vi-

101 503 282 552 dentur
321 499 572 551 aeternis}>
648 501 763 550 Ideo
814 504 994 567 quippe
1037 510 1235 552 aeterna
1275 518 1383 552 esse
1425 518 1526 551 non·
1563 510 1792 570 possunt,

99 578 215 640 quia
254 591 345 626 nec
377 578 483 641 ipsa
513 578 625 642 vita,
665 591 788 640 quae
828 576 904 624 his
942 577 1192 643 plectitur,
1229 579 1502 642 porrigitur
1540 579 1591 625 in
1632 584 1788 626 aeter·
1825 586 1850 626 5

99 665 240 716 num3
281 657 329 699 et
367 657 531 699 tamen
571 657 795 717 peccata,
837 665 960 714 quae
1001 650 1315 700 vindicantur
1355 651 1628 714 longissimi
1669 658 1790 699 tem-

98 725 234 788 poris
274 726 470 790 poenis,
517 723 808 773 brevissimo
851 730 1076 789 tempore
1116 731 1489 790 perpetrantur3
1532 739 1621 772 nec
1662 726 1792 788 quis-

98 812 246 862 quam
302 799 463 847 extitit
519 799 603 862 qui
658 804 889 846 censeret
946 805 1046 847 tam
1101 800 1197 848 cito
1249 800 1533 847 nocentium
1581 797 1795 847 finienda

100 886 211 920 esse
251 878 518 937 tormenta,
567 887 712 936 quam
769 874 865 921 cito
907 872 1090 921 factum
1132 880 1205 921 est
1245 872 1320 921 vel
1359 872 1678 921 homicidium
1718 872 1794 921 vel

99 944 397 994 adulterium
435 945 511 994 vel
553 945 868 1011 sacrilegium
910 946 986 995 vel
1027 946 1280 1010 quodlibet
1319 946 1450 995 aliud
1491 945 1652 995 scelus
1693 961 1792 994 non
1829 955 1884 994 10

98 1021 337 1084 temporis
385 1019 714 1085 longitudine,
767 1021 852 1069 sed
900 1022 1175 1084 iniquitatis
1215 1028 1265 1069 et
1303 1022 1570 1085 impietatis
1609 1021 1792 1084 magni-

99 1092 269 1141 tudine
318 1093 636 1142 metiendum.
720 1093 815 1151 Qui
863 1110 979 1143 vero
1029 1110 1118 1158 pro
1171 1094 1333 1159 aliquo
1374 1093 1547 1158 grandi
1587 1095 1792 1142 crimine

98 1172 258 1215 morte
298 1167 558 1233 multatur,
607 1167 845 1231 numquid
887 1183 1025 1216 mora
1067 1184 1162 1232 qua
1202 1168 1467 1232 occiditur,
1518 1183 1642 1232 quae
1682 1183 1791 1231 per-

98 1239 262 1289 brevis
302 1248 398 1307 est,
453 1244 560 1290 eius
610 1241 906 1306 supplicium
946 1242 1083 1306 leges
1123 1243 1382 1291 aestimant
1431 1248 1480 1291 et
1519 1257 1617 1290 non
1660 1241 1790 1305 quod

98 1328 212 1362 eum
267 1315 318 1362 in
374 1317 731 1380 sempiternum
788 1316 1021 1365 auferunt
1077 1316 1136 1365 de
1194 1318 1429 1365 societate
1490 1312 1794 1364 viventium?
1829 1323 1881 1362 15

98 1386 239 1444 Quod
282 1394 357 1437 est
389 1395 553 1437 autem
585 1389 645 1438 de
685 1391 778 1439 ista
811 1392 1006 1439 civitate
1049 1390 1244 1439 mortali
1282 1390 1509 1438 homines
1549 1389 1790 1454 supplicio

96 1462 283 1526 primae
324 1464 498 1511 mortis
510 1504 523 1530 ,
563 1463 657 1513 hoc
697 1471 774 1513 est
814 1464 874 1513 de
914 1463 995 1512 illa
1035 1466 1229 1514 civitate
1269 1463 1527 1513 inmortali
1566 1463 1791 1511 homines

97 1535 339 1600 supplicio
388 1537 633 1586 secundae
684 1539 859 1587 mortis
909 1538 1123 1587 auferre.
1203 1537 1343 1587 Sicut
1397 1539 1674 1587 enim·non
1726 1537 1792 1585 ef-

96 1609 269 1658 ficiunt
306 1609 440 1674 leges
478 1611 627 1660 huius
667 1613 903 1677 civitatiS,
946 1619 1001 1661 ut
1040 1614 1090 1660 in
1134 1627 1242 1661 eam
1282 1614 1491 1677 quisque
1532 1617 1794 1660 revocetur

96 1683 313 1732 occisus:
370 1686 440 1732 sic
488 1700 578 1733 nec
626 1684 780 1751 illius,
829 1692 884 1734 ut
931 1687 983 1734 in
1031 1687 1179 1735 vitam
1228 1692 1489 1735 revocetur
1543 1691 1794 1733 aeternam
1826 1693 1882 1732 20

98 1756 315 1805 secunda
369 1764 527 1807 morte
583 1758 859 1808 damnatus
932 1759 1048 1831 ‘Quo
1107 1759 1250 1808 modo
1304 1775 1420 1824 ergo
1475 1773 1647 1807 verum
1706 1764 1795 1823 est,

95 1830 344 1897 inquiunt,
383 1831 515 1895 quod
548 1834 614 1881 ait
649 1831 876 1882 Christus
910 1839 1099 1883 vester:
1141 1835 1202 1882 In
1234 1849 1335 1895 qua
1368 1848 1606 1882 mensura
1639 1835 1798 1881 mensi

91 1901 321 1970 fueritiS,
369 1907 421 1954 in
469 1921 530 1955 ea
577 1910 872 1956 remetietur
918 1908 1077 1968 vobis·‚
1126 1909 1167 1956 si
1215 1906 1483 1972 temporale
1533 1912 1792 1971 peccatum

100 1977 340 2042 supplicio
389 1981 596 2043 punitur
646 1977 885 2029 aeterno?
962 1980 1063 2030 Nec
1114 1981 1386 2031 adtendunt
1436 1996 1535 2029 non
1586 1986 1791 2045 propter

99 2051 302 2114 aequale
334 2055 573 2117 temporis
608 2055 836 2119 spatium,
876 2054 962 2103 sed
996 2061 1200 2119 propter
1231 2055 1623 2104 vicissitudinem
1664 2053 1792 2118 mali,
1825 2061 1879 2100 25

95 2123 145 2172 id
186 2131 262 2173 est
312 2131 366 2174 ut
406 2128 490 2190 qui
529 2127 653 2176 mala
692 2128 867 2176 fecerit
919 2128 1042 2176 mala
1082 2131 1318 2194 patiatur,
1366 2128 1571 2176 eandem
1612 2127 1792 2176 dictam

99 2198 251 2246 fuisse
300 2214 596 2249 mensuram.
676 2200 907 2259 Quamvis
955 2201 1049 2250 hoc
1096 2204 1147 2250 in
1196 2218 1251 2251 ea
1298 2218 1353 2251 re
1393 2203 1592 2266 proprie
1633 2202 1790 2265 possit

95 2273 278 2337 achpi,
326 2273 385 2321 de
434 2289 529 2337 qua
568 2274 805 2324 Dominus
855 2291 969 2324 cum
1016 2276 1111 2324 hoc
1152 2276 1339 2325 diceret
1379 2275 1700 2340 loquebatur,
1739 2273 1788 2322 id

94 2352 172 2394 est
211 2345 271 2393 de
312 2346 507 2396 iudiciis
548 2355 597 2396 et
636 2349 1142 2398 condemnationibus.
1221 2349 1433 2398 Proinde
1476 2350 1560 2413 qui
1599 2347 1788 2397 iudicat

95 2425 146 2467 et
185 2418 479 2469 condemnat
524 2423 727 2487 iniuste,
776 2425 815 2471 si
867 2423 1114 2472 iudicatur
1154 2430 1203 2472 et
1241 2423 1598 2472 condemnatur
1638 2423 1784 2486 iuste,
1819 2430 1876 2469 30

95 2492 147 2540 in
188 2492 358 2541 eadem
406 2509 635 2544 mensura
687 2497 884 2561 recipit,
934 2498 1155 2560 quamvis
1195 2512 1294 2545 non
1332 2496 1426 2544 hoc
1467 2494 1598 2559 quod
1639 2494 1787 2543 dedit.

98 2564 284 2613 Iudicio
318 2568 450 2615 enim
483 2568 613 2632 fecit,
653 2568 833 2618 iudicio
867 2572 1075 2635 patitur3
1117 2572 1336 2634 quamvis
1376 2570 1552 2617 fecerit
1592 2568 1787 2616 damna·

97 2639 231 2686 tione
288 2639 417 2702 quod
473 2642 698 2705 iniquum
753 2650 853 2708 est,
908 2645 1122 2706 patiatur
1169 2643 1480 2692 damnatione
1530 2641 1659 2706 quod
1717 2643 1790 2689 iu-

95 2717 229 2760 stum
270 2719 357 2761 est.

218 2842 291 2894 23)
329 2839 401 2883 Lo.
437 2845 478 2895 6,
513 2846 584 2884 38.

193 2986 288 3011 Auo.
312 2988 363 3011 nn
391 2987 468 3012 cxv.
493 2989 572 3014 nm.
604 2982 655 3014 ΙΙ.
1378 2979 1433 3018 33
