<?xml version="1.0" encoding="UTF-8"?>
<!DOCTYPE html PUBLIC "-//W3C//DTD XHTML 1.0 Transitional//EN"
    "http://www.w3.org/TR/xhtml1/DTD/xhtml1-transitional.dtd">
<html xmlns="http://www.w3.org/1999/xhtml" xml:lang="en" lang="en">
 <head>
  <title>
</title>
<meta http-equiv="Content-Type" content="text/html;charset=utf-8" />
  <meta name='ocr-system' content='tesseract 3.04.00' />
  <meta name='ocr-capabilities' content='ocr_page ocr_carea ocr_par ocr_line ocrx_word'/>
</head>
<body>
  <div class='ocr_page' id='page_1' title='image "./decivitatedeilib02auguuoft_0303.png"; bbox 0 0 2004 3140; ppageno 0'>
   <div class='ocr_carea' id='block_1_1' title="bbox 486 171 1777 224">
    <p class='ocr_par' dir='ltr' id='par_1_1' title="bbox 486 171 1777 224">
     <span class='ocr_line' id='line_1_1' title="bbox 486 171 1777 224; baseline 0.004 -13"><span class='ocrx_word' id='word_1_1' title='bbox 486 179 552 211; x_wconf 78' lang='lat' dir='ltr'>DE</span> <span class='ocrx_word' id='word_1_2' title='bbox 577 178 816 212; x_wconf 79' lang='lat' dir='ltr'>CIVITATE</span> <span class='ocrx_word' id='word_1_3' title='bbox 841 180 931 212; x_wconf 83' lang='lat' dir='ltr'>DEI</span> <span class='ocrx_word' id='word_1_4' title='bbox 955 181 997 212; x_wconf 79' lang='lat' dir='ltr'>L.</span> <span class='ocrx_word' id='word_1_5' title='bbox 1021 181 1166 214; x_wconf 85' lang='lat' dir='ltr'>XVIII.</span> <span class='ocrx_word' id='word_1_6' title='bbox 1190 181 1228 214; x_wconf 81' lang='lat' dir='ltr'>c,</span> <span class='ocrx_word' id='word_1_7' title='bbox 1252 183 1306 214; x_wconf 89' lang='lat'>31.</span> <span class='ocrx_word' id='word_1_8' title='bbox 1330 183 1384 215; x_wconf 79' lang='lat'>32.</span> <span class='ocrx_word' id='word_1_9' title='bbox 1669 171 1777 224; x_wconf 80' lang='grc'>299</span> 
     </span>
    </p>
   </div>
   <div class='ocr_carea' id='block_1_2' title="bbox 82 295 1864 1535">
    <p class='ocr_par' dir='ltr' id='par_1_2' title="bbox 84 295 1864 1096">
     <span class='ocr_line' id='line_1_2' title="bbox 88 295 1778 358; baseline 0.001 -15"><span class='ocrx_word' id='word_1_10' title='bbox 88 299 358 344; x_wconf 85' lang='lat' dir='ltr'><em>transeant</em></span> <span class='ocrx_word' id='word_1_11' title='bbox 388 296 438 342; x_wconf 91' lang='lat' dir='ltr'>in</span> <span class='ocrx_word' id='word_1_12' title='bbox 479 299 784 342; x_wconf 82' lang='lat' dir='ltr'><em>vetustatem.</em></span> <span class='ocrx_word' id='word_1_13' title='bbox 868 295 1269 344; x_wconf 85' lang='lat' dir='ltr'>Consummatum</span> <span class='ocrx_word' id='word_1_14' title='bbox 1308 300 1394 355; x_wconf 88' lang='lat' dir='ltr'>est,</span> <span class='ocrx_word' id='word_1_15' title='bbox 1435 302 1778 358; x_wconf 80' lang='lat' dir='ltr'>consumptum</span> 
     </span>
     <span class='ocr_line' id='line_1_3' title="bbox 89 367 1777 430; baseline 0.001 -12"><span class='ocrx_word' id='word_1_16' title='bbox 89 374 175 429; x_wconf 88' lang='lat' dir='ltr'><em>est,</em></span> <span class='ocrx_word' id='word_1_17' title='bbox 216 369 439 417; x_wconf 86' lang='lat' dir='ltr'><em>ablatum</em></span> <span class='ocrx_word' id='word_1_18' title='bbox 473 372 560 416; x_wconf 89' lang='lat' dir='ltr'>est.</span> <span class='ocrx_word' id='word_1_19' title='bbox 639 368 894 428; x_wconf 76' lang='lat' dir='ltr'><em>Ascendit,</em></span> <span class='ocrx_word' id='word_1_20' title='bbox 935 370 1024 428; x_wconf 84' lang='lat' dir='ltr'>qui</span> <span class='ocrx_word' id='word_1_21' title='bbox 1055 367 1286 429; x_wconf 76' lang='lat' dir='ltr'><em>insufflat</em></span> <span class='ocrx_word' id='word_1_22' title='bbox 1324 371 1375 417; x_wconf 93' lang='lat' dir='ltr'>in</span> <span class='ocrx_word' id='word_1_23' title='bbox 1402 368 1593 430; x_wconf 87' lang='lat' dir='ltr'>faciem</span> <span class='ocrx_word' id='word_1_24' title='bbox 1625 376 1777 429; x_wconf 84' lang='lat' dir='ltr'><em>tuam,</em></span> 
     </span>
     <span class='ocr_line' id='line_1_4' title="bbox 90 441 1779 504; baseline 0.001 -13"><span class='ocrx_word' id='word_1_25' title='bbox 90 444 311 504; x_wconf 82' lang='lat' dir='ltr'>eripiens</span> <span class='ocrx_word' id='word_1_26' title='bbox 343 447 390 490; x_wconf 92' lang='lat' dir='ltr'>te</span> <span class='ocrx_word' id='word_1_27' title='bbox 421 456 487 490; x_wconf 77' lang='lat' dir='ltr'>ea:</span> <span class='ocrx_word' id='word_1_28' title='bbox 519 442 859 490; x_wconf 69' lang='lat' dir='ltr'><em>tribulatione.</em></span> <span class='ocrx_word' id='word_1_29' title='bbox 939 441 1060 498; x_wconf 86' lang='lat' dir='ltr'>Quis</span> <span class='ocrx_word' id='word_1_30' title='bbox 1100 442 1378 491; x_wconf 86' lang='lat' dir='ltr'>ascenderit</span> <span class='ocrx_word' id='word_1_31' title='bbox 1417 441 1475 491; x_wconf 88' lang='lat' dir='ltr'>ab</span> <span class='ocrx_word' id='word_1_32' title='bbox 1514 443 1689 491; x_wconf 84' lang='lat' dir='ltr'>inferis</span> <span class='ocrx_word' id='word_1_33' title='bbox 1731 452 1779 493; x_wconf 90' lang='lat' dir='ltr'>et</span> 
     </span>
     <span class='ocr_line' id='line_1_5' title="bbox 90 514 1777 582; baseline 0.001 -18"><span class='ocrx_word' id='word_1_34' title='bbox 90 514 414 564; x_wconf 86' lang='lat' dir='ltr'>insufflaverit</span> <span class='ocrx_word' id='word_1_35' title='bbox 452 516 504 563; x_wconf 90' lang='lat' dir='ltr'>in</span> <span class='ocrx_word' id='word_1_36' title='bbox 545 514 720 563; x_wconf 87' lang='lat' dir='ltr'>faciem</span> <span class='ocrx_word' id='word_1_37' title='bbox 758 514 931 580; x_wconf 84' lang='lat' dir='ltr'>Iudae,</span> <span class='ocrx_word' id='word_1_38' title='bbox 982 515 1076 563; x_wconf 86' lang='lat' dir='ltr'>hoc</span> <span class='ocrx_word' id='word_1_39' title='bbox 1117 522 1192 565; x_wconf 87' lang='lat' dir='ltr'>est</span> <span class='ocrx_word' id='word_1_40' title='bbox 1230 515 1524 565; x_wconf 87' lang='lat' dir='ltr'>Iudaeorum</span> <span class='ocrx_word' id='word_1_41' title='bbox 1565 516 1777 582; x_wconf 87' lang='lat' dir='ltr'>discipu-</span> 
     </span>
     <span class='ocr_line' id='line_1_6' title="bbox 86 588 1836 656; baseline 0.001 -19"><span class='ocrx_word' id='word_1_42' title='bbox 86 588 263 656; x_wconf 85' lang='lat' dir='ltr'>lorum,</span> <span class='ocrx_word' id='word_1_43' title='bbox 305 588 545 653; x_wconf 85' lang='lat' dir='ltr'>Spiritum</span> <span class='ocrx_word' id='word_1_44' title='bbox 580 595 819 653; x_wconf 87' lang='lat' dir='ltr'>sanctum,</span> <span class='ocrx_word' id='word_1_45' title='bbox 859 589 1045 638; x_wconf 88' lang='lat' dir='ltr'>recolat</span> <span class='ocrx_word' id='word_1_46' title='bbox 1077 591 1161 653; x_wconf 92' lang='lat' dir='ltr'>qui</span> <span class='ocrx_word' id='word_1_47' title='bbox 1194 591 1417 638; x_wconf 84' lang='lat' dir='ltr'>meminit</span> <span class='ocrx_word' id='word_1_48' title='bbox 1456 590 1776 654; x_wconf 87' lang='lat' dir='ltr'>evangelium.</span> <span class='ocrx_word' id='word_1_49' title='bbox 1810 600 1836 638; x_wconf 85' lang='lat'>5</span> 
     </span>
     <span class='ocr_line' id='line_1_7' title="bbox 88 662 1778 729; baseline 0.001 -18"><span class='ocrx_word' id='word_1_50' title='bbox 88 662 160 711; x_wconf 87' lang='lat' dir='ltr'>Ad</span> <span class='ocrx_word' id='word_1_51' title='bbox 192 678 374 711; x_wconf 88' lang='lat' dir='ltr'>novum</span> <span class='ocrx_word' id='word_1_52' title='bbox 406 664 537 710; x_wconf 89' lang='lat' dir='ltr'>enim</span> <span class='ocrx_word' id='word_1_53' title='bbox 571 668 920 711; x_wconf 86' lang='lat' dir='ltr'>testamentum</span> <span class='ocrx_word' id='word_1_54' title='bbox 959 665 1226 729; x_wconf 80' lang='lat' dir='ltr'>pertinent,</span> <span class='ocrx_word' id='word_1_55' title='bbox 1266 679 1479 727; x_wconf 85' lang='lat' dir='ltr'>quorum</span> <span class='ocrx_word' id='word_1_56' title='bbox 1519 663 1623 712; x_wconf 89' lang='lat' dir='ltr'>dies</span> <span class='ocrx_word' id='word_1_57' title='bbox 1664 666 1778 713; x_wconf 82' lang='lat' dir='ltr'>festi</span> 
     </span>
     <span class='ocr_line' id='line_1_8' title="bbox 87 735 1778 802; baseline 0.001 -16"><span class='ocrx_word' id='word_1_58' title='bbox 87 739 155 786; x_wconf 89' lang='lat' dir='ltr'>ita</span> <span class='ocrx_word' id='word_1_59' title='bbox 202 735 489 801; x_wconf 86' lang='lat' dir='ltr'>spiritaliter</span> <span class='ocrx_word' id='word_1_60' title='bbox 540 738 859 802; x_wconf 83' lang='lat' dir='ltr'>innovantur,</span> <span class='ocrx_word' id='word_1_61' title='bbox 908 743 963 785; x_wconf 92' lang='lat' dir='ltr'>ut</span> <span class='ocrx_word' id='word_1_62' title='bbox 1001 738 1051 785; x_wconf 92' lang='lat' dir='ltr'>in</span> <span class='ocrx_word' id='word_1_63' title='bbox 1092 744 1386 786; x_wconf 87' lang='lat' dir='ltr'>vetustatem</span> <span class='ocrx_word' id='word_1_64' title='bbox 1425 739 1637 786; x_wconf 85' lang='lat' dir='ltr'>transire</span> <span class='ocrx_word' id='word_1_65' title='bbox 1680 753 1778 787; x_wconf 89' lang='lat' dir='ltr'>non</span> 
     </span>
     <span class='ocr_line' id='line_1_9' title="bbox 85 809 1778 875; baseline 0.001 -15"><span class='ocrx_word' id='word_1_66' title='bbox 85 812 291 875; x_wconf 84' lang='lat' dir='ltr'>possint.</span> <span class='ocrx_word' id='word_1_67' title='bbox 367 809 523 859; x_wconf 87' lang='lat' dir='ltr'>Porro</span> <span class='ocrx_word' id='word_1_68' title='bbox 571 825 661 874; x_wconf 89' lang='lat' dir='ltr'>per</span> <span class='ocrx_word' id='word_1_69' title='bbox 712 810 1015 875; x_wconf 83' lang='lat' dir='ltr'>evangelium</span> <span class='ocrx_word' id='word_1_70' title='bbox 1065 813 1387 860; x_wconf 86' lang='lat' dir='ltr'>exterminata</span> <span class='ocrx_word' id='word_1_71' title='bbox 1435 811 1677 875; x_wconf 85' lang='lat' dir='ltr'>sculptilia</span> <span class='ocrx_word' id='word_1_72' title='bbox 1729 820 1778 861; x_wconf 88' lang='lat' dir='ltr'>et</span> 
     </span>
     <span class='ocr_line' id='line_1_10' title="bbox 87 883 1774 950; baseline 0.001 -17"><span class='ocrx_word' id='word_1_73' title='bbox 87 883 366 950; x_wconf 81' lang='lat' dir='ltr'>conflatilia,</span> <span class='ocrx_word' id='word_1_74' title='bbox 405 883 454 932; x_wconf 91' lang='lat' dir='ltr'>id</span> <span class='ocrx_word' id='word_1_75' title='bbox 488 890 563 933; x_wconf 87' lang='lat' dir='ltr'>est</span> <span class='ocrx_word' id='word_1_76' title='bbox 594 883 722 932; x_wconf 90' lang='lat' dir='ltr'>idola</span> <span class='ocrx_word' id='word_1_77' title='bbox 754 884 963 933; x_wconf 89' lang='lat' dir='ltr'>deorum</span> <span class='ocrx_word' id='word_1_78' title='bbox 1002 884 1253 950; x_wconf 81' lang='lat' dir='ltr'>falsorum,</span> <span class='ocrx_word' id='word_1_79' title='bbox 1293 891 1342 934; x_wconf 91' lang='lat' dir='ltr'>et</span> <span class='ocrx_word' id='word_1_80' title='bbox 1382 884 1615 933; x_wconf 90' lang='lat' dir='ltr'>oblivioni</span> <span class='ocrx_word' id='word_1_81' title='bbox 1654 892 1774 934; x_wconf 84' lang='lat' dir='ltr'>tam-</span> 
     </span>
     <span class='ocr_line' id='line_1_11' title="bbox 84 957 1864 1022; baseline 0.001 -15"><span class='ocrx_word' id='word_1_82' title='bbox 84 973 232 1022; x_wconf 84' lang='lat' dir='ltr'>quam</span> <span class='ocrx_word' id='word_1_83' title='bbox 287 957 569 1022; x_wconf 85' lang='lat' dir='ltr'>sepulturae</span> <span class='ocrx_word' id='word_1_84' title='bbox 619 958 796 1007; x_wconf 86' lang='lat' dir='ltr'>tradita</span> <span class='ocrx_word' id='word_1_85' title='bbox 841 959 936 1007; x_wconf 88' lang='lat' dir='ltr'>iam</span> <span class='ocrx_word' id='word_1_86' title='bbox 993 958 1213 1008; x_wconf 87' lang='lat' dir='ltr'>videmus</span> <span class='ocrx_word' id='word_1_87' title='bbox 1265 965 1314 1007; x_wconf 92' lang='lat' dir='ltr'>et</span> <span class='ocrx_word' id='word_1_88' title='bbox 1363 958 1488 1007; x_wconf 89' lang='lat' dir='ltr'>hanc</span> <span class='ocrx_word' id='word_1_89' title='bbox 1537 960 1684 1008; x_wconf 90' lang='lat' dir='ltr'>etiam</span> <span class='ocrx_word' id='word_1_90' title='bbox 1722 961 1774 1008; x_wconf 89' lang='lat' dir='ltr'>in</span> <span class='ocrx_word' id='word_1_91' title='bbox 1810 968 1864 1008; x_wconf 90' lang='lat'>10</span> 
     </span>
     <span class='ocr_line' id='line_1_12' title="bbox 84 1031 1498 1096; baseline 0.001 -16"><span class='ocrx_word' id='word_1_92' title='bbox 84 1032 174 1081; x_wconf 88' lang='lat' dir='ltr'>hac</span> <span class='ocrx_word' id='word_1_93' title='bbox 214 1047 269 1080; x_wconf 87' lang='lat' dir='ltr'>re</span> <span class='ocrx_word' id='word_1_94' title='bbox 308 1031 616 1096; x_wconf 79' lang='lat' dir='ltr'>prophetiam</span> <span class='ocrx_word' id='word_1_95' title='bbox 657 1031 948 1096; x_wconf 81' lang='lat' dir='ltr'>completam</span> <span class='ocrx_word' id='word_1_96' title='bbox 989 1047 1098 1080; x_wconf 88' lang='lat' dir='ltr'>esse</span> <span class='ocrx_word' id='word_1_97' title='bbox 1140 1034 1498 1096; x_wconf 81' lang='lat' dir='ltr'>cognoscimus,</span> 
     </span>
    </p>

    <p class='ocr_par' dir='ltr' id='par_1_3' title="bbox 82 1104 1864 1535">
     <span class='ocr_line' id='line_1_13' title="bbox 232 1104 1778 1172; baseline 0.001 -19"><span class='ocrx_word' id='word_1_98' title='bbox 232 1104 434 1169; x_wconf 13' lang='lat' dir='ltr'>Abacuc*</span> <span class='ocrx_word' id='word_1_99' title='bbox 474 1105 534 1154; x_wconf 94' lang='lat' dir='ltr'>de</span> <span class='ocrx_word' id='word_1_100' title='bbox 583 1121 679 1170; x_wconf 90' lang='lat' dir='ltr'>quo</span> <span class='ocrx_word' id='word_1_101' title='bbox 727 1105 820 1154; x_wconf 89' lang='lat' dir='ltr'>alio</span> <span class='ocrx_word' id='word_1_102' title='bbox 869 1121 1015 1169; x_wconf 88' lang='lat' dir='ltr'>quam</span> <span class='ocrx_word' id='word_1_103' title='bbox 1063 1106 1122 1154; x_wconf 93' lang='lat' dir='ltr'>de</span> <span class='ocrx_word' id='word_1_104' title='bbox 1171 1105 1354 1155; x_wconf 84' lang='lat' dir='ltr'>Christi</span> <span class='ocrx_word' id='word_1_105' title='bbox 1408 1106 1642 1172; x_wconf 88' lang='lat' dir='ltr'>adventu,</span> <span class='ocrx_word' id='word_1_106' title='bbox 1691 1109 1778 1171; x_wconf 91' lang='lat' dir='ltr'>qui</span> 
     </span>
     <span class='ocr_line' id='line_1_14' title="bbox 85 1178 1776 1244; baseline 0.001 -16"><span class='ocrx_word' id='word_1_107' title='bbox 85 1179 284 1228; x_wconf 86' lang='lat' dir='ltr'>futurus</span> <span class='ocrx_word' id='word_1_108' title='bbox 324 1179 506 1244; x_wconf 86' lang='lat' dir='ltr'>fuerat,</span> <span class='ocrx_word' id='word_1_109' title='bbox 546 1178 850 1243; x_wconf 85' lang='lat' dir='ltr'>intellegitur</span> <span class='ocrx_word' id='word_1_110' title='bbox 890 1179 1078 1229; x_wconf 87' lang='lat' dir='ltr'>dicere:</span> <span class='ocrx_word' id='word_1_111' title='bbox 1129 1180 1198 1229; x_wconf 86' lang='lat' dir='ltr'>Et</span> <span class='ocrx_word' id='word_1_112' title='bbox 1234 1182 1496 1242; x_wconf 72' lang='lat' dir='ltr'>respondit</span> <span class='ocrx_word' id='word_1_113' title='bbox 1533 1181 1776 1230; x_wconf 75' lang='lat' dir='ltr'>Dominus</span> 
     </span>
     <span class='ocr_line' id='line_1_15' title="bbox 84 1253 1774 1315; baseline 0.001 -13"><span class='ocrx_word' id='word_1_114' title='bbox 84 1255 156 1302; x_wconf 88' lang='lat' dir='ltr'>ad</span> <span class='ocrx_word' id='word_1_115' title='bbox 191 1267 268 1302; x_wconf 88' lang='lat' dir='ltr'>me</span> <span class='ocrx_word' id='word_1_116' title='bbox 307 1258 354 1302; x_wconf 88' lang='lat' dir='ltr'>et</span> <span class='ocrx_word' id='word_1_117' title='bbox 394 1255 548 1302; x_wconf 79' lang='lat' dir='ltr'><em>dixit:</em></span> <span class='ocrx_word' id='word_1_118' title='bbox 603 1253 784 1303; x_wconf 87' lang='lat' dir='ltr'><em>Scribe</em></span> <span class='ocrx_word' id='word_1_119' title='bbox 823 1256 982 1302; x_wconf 80' lang='lat' dir='ltr'><em>visum</em></span> <span class='ocrx_word' id='word_1_120' title='bbox 1022 1260 1198 1315; x_wconf 80' lang='lat' dir='ltr'>aperte</span> <span class='ocrx_word' id='word_1_121' title='bbox 1237 1257 1290 1303; x_wconf 91' lang='lat' dir='ltr'>in</span> <span class='ocrx_word' id='word_1_122' title='bbox 1330 1255 1487 1313; x_wconf 57' lang='lat' dir='ltr'><em>buum,</em></span> <span class='ocrx_word' id='word_1_123' title='bbox 1535 1259 1594 1303; x_wconf 87' lang='lat' dir='ltr'>ut</span> <span class='ocrx_word' id='word_1_124' title='bbox 1630 1257 1774 1304; x_wconf 90' lang='lat' dir='ltr'><em>adse-</em></span> 
     </span>
     <span class='ocr_line' id='line_1_16' title="bbox 84 1328 1864 1390; baseline 0 -15"><span class='ocrx_word' id='word_1_125' title='bbox 84 1332 272 1387; x_wconf 82' lang='lat' dir='ltr'><em>quatur</em></span> <span class='ocrx_word' id='word_1_126' title='bbox 325 1328 416 1387; x_wconf 78' lang='lat' dir='ltr'>qui</span> <span class='ocrx_word' id='word_1_127' title='bbox 459 1329 581 1388; x_wconf 70' lang='lat' dir='ltr'><em>leqit</em></span> <span class='ocrx_word' id='word_1_128' title='bbox 632 1341 722 1384; x_wconf 90' lang='lat' dir='ltr'>ea,·</span> <span class='ocrx_word' id='word_1_129' title='bbox 776 1329 896 1388; x_wconf 82' lang='lat' dir='ltr'><em>quia</em></span> <span class='ocrx_word' id='word_1_130' title='bbox 952 1329 1124 1376; x_wconf 78' lang='lat' dir='ltr'><em>adbuc</em></span> <span class='ocrx_word' id='word_1_131' title='bbox 1171 1330 1294 1377; x_wconf 84' lang='lat' dir='ltr'><em>visio</em></span> <span class='ocrx_word' id='word_1_132' title='bbox 1343 1329 1414 1376; x_wconf 91' lang='lat' dir='ltr'>ad</span> <span class='ocrx_word' id='word_1_133' title='bbox 1459 1334 1671 1390; x_wconf 75' lang='lat' dir='ltr'>tempuS,</span> <span class='ocrx_word' id='word_1_134' title='bbox 1729 1334 1778 1378; x_wconf 83' lang='lat' dir='ltr'>et</span> <span class='ocrx_word' id='word_1_135' title='bbox 1810 1336 1864 1375; x_wconf 85' lang='lat'>15</span> 
     </span>
     <span class='ocr_line' id='line_1_17' title="bbox 84 1402 1777 1461; baseline 0.002 -12"><span class='ocrx_word' id='word_1_136' title='bbox 84 1402 279 1449; x_wconf 90' lang='lat' dir='ltr'><em>orietur</em></span> <span class='ocrx_word' id='word_1_137' title='bbox 319 1403 370 1449; x_wconf 86' lang='lat' dir='ltr'>in</span> <span class='ocrx_word' id='word_1_138' title='bbox 404 1403 510 1460; x_wconf 75' lang='lat' dir='ltr'><em>sine</em></span> <span class='ocrx_word' id='word_1_139' title='bbox 550 1406 599 1450; x_wconf 90' lang='lat' dir='ltr'>et</span> <span class='ocrx_word' id='word_1_140' title='bbox 636 1415 736 1449; x_wconf 94' lang='lat' dir='ltr'>non</span> <span class='ocrx_word' id='word_1_141' title='bbox 776 1403 828 1456; x_wconf 89' lang='lat' dir='ltr'>in</span> <span class='ocrx_word' id='word_1_142' title='bbox 869 1415 1118 1459; x_wconf 84' lang='lat' dir='ltr'><em>vacuum;</em></span> <span class='ocrx_word' id='word_1_143' title='bbox 1156 1404 1203 1450; x_wconf 88' lang='lat' dir='ltr'>si</span> <span class='ocrx_word' id='word_1_144' title='bbox 1239 1404 1547 1461; x_wconf 75' lang='lat' dir='ltr'><em>tardaverit,</em></span> <span class='ocrx_word' id='word_1_145' title='bbox 1587 1405 1777 1452; x_wconf 79' lang='lat' dir='ltr'>sustine</span> 
     </span>
     <span class='ocr_line' id='line_1_18' title="bbox 82 1472 1396 1535; baseline 0.001 -12"><span class='ocrx_word' id='word_1_146' title='bbox 82 1488 207 1534; x_wconf 88' lang='lat' dir='ltr'>eum,</span> <span class='ocrx_word' id='word_1_147' title='bbox 247 1477 368 1535; x_wconf 77' lang='lat' dir='ltr'><em>quia</em></span> <span class='ocrx_word' id='word_1_148' title='bbox 407 1477 610 1524; x_wconf 82' lang='lat' dir='ltr'><em>veniens</em></span> <span class='ocrx_word' id='word_1_149' title='bbox 650 1477 814 1524; x_wconf 83' lang='lat' dir='ltr'>veniet</span> <span class='ocrx_word' id='word_1_150' title='bbox 851 1480 901 1524; x_wconf 87' lang='lat' dir='ltr'>et</span> <span class='ocrx_word' id='word_1_151' title='bbox 938 1489 1037 1523; x_wconf 96' lang='lat' dir='ltr'>non</span> <span class='ocrx_word' id='word_1_152' title='bbox 1075 1472 1396 1525; x_wconf 82' lang='lat' dir='ltr'>morabitur?</span> 
     </span>
    </p>
   </div>
   <div class='ocr_carea' id='block_1_3' title="bbox 692 1675 1154 1729">
    <p class='ocr_par' dir='ltr' id='par_1_4' title="bbox 692 1675 1154 1729">
     <span class='ocr_line' id='line_1_19' title="bbox 692 1675 1154 1729; baseline 0.002 -1"><span class='ocrx_word' id='word_1_153' title='bbox 692 1675 890 1729; x_wconf 81' lang='lat' dir='ltr'>CAPUT</span> <span class='ocrx_word' id='word_1_154' title='bbox 930 1675 1154 1729; x_wconf 89' lang='lat' dir='ltr'>XXXII.</span> 
     </span>
    </p>
   </div>
   <div class='ocr_carea' id='block_1_4' title="bbox 83 1782 1863 1907">
    <p class='ocr_par' dir='ltr' id='par_1_5' title="bbox 83 1782 1863 1907">
     <span class='ocr_line' id='line_1_20' title="bbox 83 1782 1771 1847; baseline 0.003 -18"><span class='ocrx_word' id='word_1_155' title='bbox 83 1782 159 1831; x_wconf 86' lang='lat' dir='ltr'>De</span> <span class='ocrx_word' id='word_1_156' title='bbox 198 1784 469 1847; x_wconf 77' lang='lat' dir='ltr'>prophetia</span> <span class='ocrx_word' id='word_1_157' title='bbox 518 1797 650 1843; x_wconf 82' lang='lat' dir='ltr'><em>quae</em></span> <span class='ocrx_word' id='word_1_158' title='bbox 698 1785 750 1831; x_wconf 91' lang='lat' dir='ltr'>in</span> <span class='ocrx_word' id='word_1_159' title='bbox 796 1787 1028 1832; x_wconf 92' lang='lat' dir='ltr'><em>oratione</em></span> <span class='ocrx_word' id='word_1_160' title='bbox 1068 1785 1278 1833; x_wconf 81' lang='lat' dir='ltr'>Abacuc</span> <span class='ocrx_word' id='word_1_161' title='bbox 1326 1790 1375 1833; x_wconf 87' lang='lat' dir='ltr'>et</span> <span class='ocrx_word' id='word_1_162' title='bbox 1413 1788 1614 1834; x_wconf 87' lang='lat' dir='ltr'><em>cantico</em></span> <span class='ocrx_word' id='word_1_163' title='bbox 1655 1800 1771 1835; x_wconf 89' lang='lat' dir='ltr'><em>con-</em></span> 
     </span>
     <span class='ocr_line' id='line_1_21' title="bbox 824 1859 1863 1907; baseline 0.003 -3"><span class='ocrx_word' id='word_1_164' title='bbox 824 1859 1027 1906; x_wconf 88' lang='lat' dir='ltr'><em>tinetur.</em></span> <span class='ocrx_word' id='word_1_165' title='bbox 1808 1867 1863 1907; x_wconf 82' lang='lat'>20</span> 
     </span>
    </p>
   </div>
   <div class='ocr_carea' id='block_1_5' title="bbox 83 1957 1860 2537">
    <p class='ocr_par' dir='ltr' id='par_1_6' title="bbox 83 1957 1860 2537">
     <span class='ocr_line' id='line_1_22' title="bbox 232 1957 1772 2010; baseline 0.001 -4"><span class='ocrx_word' id='word_1_166' title='bbox 232 1957 287 2006; x_wconf 89' lang='lat' dir='ltr'>In</span> <span class='ocrx_word' id='word_1_167' title='bbox 328 1960 550 2007; x_wconf 87' lang='lat' dir='ltr'>oratione</span> <span class='ocrx_word' id='word_1_168' title='bbox 590 1966 754 2007; x_wconf 86' lang='lat' dir='ltr'>autem</span> <span class='ocrx_word' id='word_1_169' title='bbox 796 1974 883 2008; x_wconf 86' lang='lat' dir='ltr'>sua</span> <span class='ocrx_word' id='word_1_170' title='bbox 923 1975 1036 2009; x_wconf 91' lang='lat' dir='ltr'>cum</span> <span class='ocrx_word' id='word_1_171' title='bbox 1076 1961 1267 2008; x_wconf 88' lang='lat' dir='ltr'>cantico</span> <span class='ocrx_word' id='word_1_172' title='bbox 1309 1961 1389 2008; x_wconf 88' lang='lat' dir='ltr'>cui</span> <span class='ocrx_word' id='word_1_173' title='bbox 1429 1961 1526 2009; x_wconf 90' lang='lat' dir='ltr'>nisi</span> <span class='ocrx_word' id='word_1_174' title='bbox 1565 1960 1772 2010; x_wconf 89' lang='lat' dir='ltr'>Domino</span> 
     </span>
     <span class='ocr_line' id='line_1_23' title="bbox 88 2030 1776 2095; baseline 0.002 -16"><span class='ocrx_word' id='word_1_175' title='bbox 88 2030 282 2080; x_wconf 86' lang='lat' dir='ltr'>Christo</span> <span class='ocrx_word' id='word_1_176' title='bbox 323 2031 463 2081; x_wconf 88' lang='lat' dir='ltr'>dicit:</span> <span class='ocrx_word' id='word_1_177' title='bbox 503 2034 727 2095; x_wconf 86' lang='lat' dir='ltr'>Domine,</span> <span class='ocrx_word' id='word_1_178' title='bbox 767 2036 945 2082; x_wconf 84' lang='lat' dir='ltr'><em>audivi</em></span> <span class='ocrx_word' id='word_1_179' title='bbox 975 2035 1285 2082; x_wconf 79' lang='lat' dir='ltr'><em>auditionem</em></span> <span class='ocrx_word' id='word_1_180' title='bbox 1325 2040 1477 2094; x_wconf 87' lang='lat' dir='ltr'><em>tuam,</em></span> <span class='ocrx_word' id='word_1_181' title='bbox 1518 2040 1567 2083; x_wconf 92' lang='lat' dir='ltr'>et</span> <span class='ocrx_word' id='word_1_182' title='bbox 1605 2037 1776 2092; x_wconf 80' lang='lat' dir='ltr'>timui,-</span> 
     </span>
     <span class='ocr_line' id='line_1_24' title="bbox 86 2106 1776 2171; baseline 0.001 -17"><span class='ocrx_word' id='word_1_183' title='bbox 86 2106 326 2171; x_wconf 82' lang='lat' dir='ltr'>Domine,</span> <span class='ocrx_word' id='word_1_184' title='bbox 375 2108 699 2155; x_wconf 81' lang='lat' dir='ltr'>consideravi</span> <span class='ocrx_word' id='word_1_185' title='bbox 736 2121 893 2169; x_wconf 84' lang='lat' dir='ltr'>opera</span> <span class='ocrx_word' id='word_1_186' title='bbox 934 2115 1044 2167; x_wconf 91' lang='lat' dir='ltr'><em>tua,</em></span> <span class='ocrx_word' id='word_1_187' title='bbox 1094 2112 1142 2156; x_wconf 83' lang='lat' dir='ltr'>et</span> <span class='ocrx_word' id='word_1_188' title='bbox 1179 2109 1397 2169; x_wconf 76' lang='lat' dir='ltr'>expavi?</span> <span class='ocrx_word' id='word_1_189' title='bbox 1475 2107 1602 2164; x_wconf 85' lang='lat' dir='ltr'>Quid</span> <span class='ocrx_word' id='word_1_190' title='bbox 1643 2110 1776 2157; x_wconf 87' lang='lat' dir='ltr'>enim</span> 
     </span>
     <span class='ocr_line' id='line_1_25' title="bbox 83 2177 1772 2244; baseline 0.002 -17"><span class='ocrx_word' id='word_1_191' title='bbox 83 2177 176 2227; x_wconf 88' lang='lat' dir='ltr'>hoc</span> <span class='ocrx_word' id='word_1_192' title='bbox 217 2185 291 2228; x_wconf 89' lang='lat' dir='ltr'>est</span> <span class='ocrx_word' id='word_1_193' title='bbox 344 2181 436 2228; x_wconf 89' lang='lat' dir='ltr'>nisi</span> <span class='ocrx_word' id='word_1_194' title='bbox 475 2182 818 2244; x_wconf 82' lang='lat' dir='ltr'>praecognitae</span> <span class='ocrx_word' id='word_1_195' title='bbox 859 2196 1010 2229; x_wconf 88' lang='lat' dir='ltr'>novae</span> <span class='ocrx_word' id='word_1_196' title='bbox 1053 2196 1107 2229; x_wconf 88' lang='lat' dir='ltr'>ac</span> <span class='ocrx_word' id='word_1_197' title='bbox 1147 2183 1435 2244; x_wconf 85' lang='lat' dir='ltr'>repentinae</span> <span class='ocrx_word' id='word_1_198' title='bbox 1477 2181 1647 2230; x_wconf 85' lang='lat' dir='ltr'>salutis</span> <span class='ocrx_word' id='word_1_199' title='bbox 1687 2181 1772 2230; x_wconf 90' lang='lat' dir='ltr'>ho-</span> 
     </span>
     <span class='ocr_line' id='line_1_26' title="bbox 84 2251 1860 2311; baseline 0.002 -11"><span class='ocrx_word' id='word_1_200' title='bbox 84 2253 272 2301; x_wconf 88' lang='lat' dir='ltr'>minum</span> <span class='ocrx_word' id='word_1_201' title='bbox 317 2253 576 2302; x_wconf 84' lang='lat' dir='ltr'>ineffabilis</span> <span class='ocrx_word' id='word_1_202' title='bbox 627 2251 920 2311; x_wconf 80' lang='lat' dir='ltr'>admiratio?</span> <span class='ocrx_word' id='word_1_203' title='bbox 998 2256 1059 2304; x_wconf 94' lang='lat' dir='ltr'>In</span> <span class='ocrx_word' id='word_1_204' title='bbox 1107 2256 1268 2304; x_wconf 87' lang='lat' dir='ltr'><em>medio</em></span> <span class='ocrx_word' id='word_1_205' title='bbox 1319 2257 1534 2304; x_wconf 86' lang='lat' dir='ltr'><em>duorum</em></span> <span class='ocrx_word' id='word_1_206' title='bbox 1574 2258 1766 2304; x_wconf 87' lang='lat' dir='ltr'>anima·</span> <span class='ocrx_word' id='word_1_207' title='bbox 1805 2264 1860 2304; x_wconf 78' lang='lat'>25</span> 
     </span>
     <span class='ocr_line' id='line_1_27' title="bbox 85 2327 1771 2392; baseline 0.002 -18"><span class='ocrx_word' id='word_1_208' title='bbox 85 2327 205 2374; x_wconf 86' lang='lat' dir='ltr'>lium</span> <span class='ocrx_word' id='word_1_209' title='bbox 237 2330 557 2388; x_wconf 71' lang='lat' dir='ltr'><em>coynosceris</em></span> <span class='ocrx_word' id='word_1_210' title='bbox 590 2327 707 2392; x_wconf 88' lang='lat' dir='ltr'>quid</span> <span class='ocrx_word' id='word_1_211' title='bbox 741 2335 816 2376; x_wconf 89' lang='lat' dir='ltr'>est</span> <span class='ocrx_word' id='word_1_212' title='bbox 848 2330 944 2376; x_wconf 87' lang='lat' dir='ltr'>nisi</span> <span class='ocrx_word' id='word_1_213' title='bbox 977 2335 1061 2377; x_wconf 86' lang='lat' dir='ltr'>aut</span> <span class='ocrx_word' id='word_1_214' title='bbox 1092 2331 1143 2377; x_wconf 88' lang='lat' dir='ltr'>iu</span> <span class='ocrx_word' id='word_1_215' title='bbox 1177 2328 1338 2376; x_wconf 90' lang='lat' dir='ltr'>medio</span> <span class='ocrx_word' id='word_1_216' title='bbox 1372 2327 1584 2377; x_wconf 88' lang='lat' dir='ltr'>duorum</span> <span class='ocrx_word' id='word_1_217' title='bbox 1624 2336 1771 2377; x_wconf 86' lang='lat' dir='ltr'>testa·</span> 
     </span>
     <span class='ocr_line' id='line_1_28' title="bbox 85 2401 1771 2467; baseline 0.002 -20"><span class='ocrx_word' id='word_1_218' title='bbox 85 2406 389 2464; x_wconf 88' lang='lat' dir='ltr'>mentorum,</span> <span class='ocrx_word' id='word_1_219' title='bbox 429 2407 512 2449; x_wconf 87' lang='lat' dir='ltr'>aut</span> <span class='ocrx_word' id='word_1_220' title='bbox 551 2402 601 2449; x_wconf 88' lang='lat' dir='ltr'>in</span> <span class='ocrx_word' id='word_1_221' title='bbox 642 2401 802 2450; x_wconf 89' lang='lat' dir='ltr'>medio</span> <span class='ocrx_word' id='word_1_222' title='bbox 844 2401 1055 2451; x_wconf 88' lang='lat' dir='ltr'>duorum</span> <span class='ocrx_word' id='word_1_223' title='bbox 1095 2401 1356 2467; x_wconf 84' lang='lat' dir='ltr'>latronum,</span> <span class='ocrx_word' id='word_1_224' title='bbox 1397 2409 1481 2450; x_wconf 88' lang='lat' dir='ltr'>aut</span> <span class='ocrx_word' id='word_1_225' title='bbox 1518 2403 1570 2450; x_wconf 91' lang='lat' dir='ltr'>in</span> <span class='ocrx_word' id='word_1_226' title='bbox 1611 2401 1771 2450; x_wconf 89' lang='lat' dir='ltr'>medio</span> 
     </span>
     <span class='ocr_line' id='line_1_29' title="bbox 84 2470 1774 2537; baseline 0.002 -17"><span class='ocrx_word' id='word_1_227' title='bbox 84 2470 238 2537; x_wconf 79' lang='lat' dir='ltr'>Moysi</span> <span class='ocrx_word' id='word_1_228' title='bbox 277 2480 326 2522; x_wconf 88' lang='lat' dir='ltr'>et</span> <span class='ocrx_word' id='word_1_229' title='bbox 356 2473 522 2523; x_wconf 88' lang='lat' dir='ltr'>Heliae</span> <span class='ocrx_word' id='word_1_230' title='bbox 557 2489 669 2523; x_wconf 89' lang='lat' dir='ltr'>cum</span> <span class='ocrx_word' id='word_1_231' title='bbox 708 2474 790 2523; x_wconf 91' lang='lat' dir='ltr'>illo</span> <span class='ocrx_word' id='word_1_232' title='bbox 830 2477 881 2523; x_wconf 90' lang='lat' dir='ltr'>in</span> <span class='ocrx_word' id='word_1_233' title='bbox 921 2482 1087 2524; x_wconf 88' lang='lat' dir='ltr'>monte</span> <span class='ocrx_word' id='word_1_234' title='bbox 1129 2472 1604 2524; x_wconf 78' lang='lat' dir='ltr'>sermocinantium?</span> <span class='ocrx_word' id='word_1_235' title='bbox 1643 2476 1774 2524; x_wconf 84' lang='lat' dir='ltr'>Dum</span> 
     </span>
    </p>
   </div>
   <div class='ocr_carea' id='block_1_6' title="bbox 203 2592 1775 2844">
    <p class='ocr_par' dir='ltr' id='par_1_7' title="bbox 203 2592 1775 2844">
     <span class='ocr_line' id='line_1_30' title="bbox 203 2592 1703 2658; baseline 0.001 -15"><span class='ocrx_word' id='word_1_236' title='bbox 203 2601 248 2655; x_wconf 88' lang='lat'>3)</span> <span class='ocrx_word' id='word_1_237' title='bbox 279 2599 432 2644; x_wconf 81' lang='lat' dir='ltr'>Naum</span> <span class='ocrx_word' id='word_1_238' title='bbox 467 2605 504 2654; x_wconf 89' lang='lat'>1,</span> <span class='ocrx_word' id='word_1_239' title='bbox 541 2606 595 2644; x_wconf 86' lang='lat'>14</span> <span class='ocrx_word' id='word_1_240' title='bbox 627 2616 716 2657; x_wconf 82' lang='lat' dir='ltr'>sq.;</span> <span class='ocrx_word' id='word_1_241' title='bbox 750 2607 791 2657; x_wconf 80' lang='lat'>2,</span> <span class='ocrx_word' id='word_1_242' title='bbox 827 2607 863 2646; x_wconf 91' lang='lat'>1.</span> <span class='ocrx_word' id='word_1_243' title='bbox 931 2606 1001 2658; x_wconf 86' lang='lat'>17)</span> <span class='ocrx_word' id='word_1_244' title='bbox 1034 2592 1185 2646; x_wconf 63' lang='lat' dir='ltr'>Abaoj</span> <span class='ocrx_word' id='word_1_245' title='bbox 1209 2606 1249 2655; x_wconf 82' lang='lat'>2,</span> <span class='ocrx_word' id='word_1_246' title='bbox 1284 2606 1309 2644; x_wconf 81' lang='lat'><strong>2</strong></span> <span class='ocrx_word' id='word_1_247' title='bbox 1343 2616 1408 2655; x_wconf 79' lang='lat' dir='ltr'>sq.</span> <span class='ocrx_word' id='word_1_248' title='bbox 1474 2603 1546 2657; x_wconf 81' lang='lat'>21&gt;</span> <span class='ocrx_word' id='word_1_249' title='bbox 1581 2599 1627 2646; x_wconf 85' lang='lat' dir='ltr'>C.</span> <span class='ocrx_word' id='word_1_250' title='bbox 1662 2606 1703 2644; x_wconf 89' lang='lat'>3.</span> 
     </span>
     <span class='ocr_line' id='line_1_31' title="bbox 210 2791 1775 2844; baseline 0.001 -10"><span class='ocrx_word' id='word_1_251' title='bbox 210 2796 230 2834; x_wconf 89' lang='lat'>1</span> <span class='ocrx_word' id='word_1_252' title='bbox 277 2795 647 2836; x_wconf 75' lang='lat' dir='ltr'>consummatum</span> <span class='ocrx_word' id='word_1_253' title='bbox 691 2793 761 2835; x_wconf 71' lang='lat' dir='ltr'>est</span> <span class='ocrx_word' id='word_1_254' title='bbox 803 2806 884 2836; x_wconf 84' lang='lat' dir='ltr'>om.</span> <span class='ocrx_word' id='word_1_255' title='bbox 929 2791 1000 2844; x_wconf 82' lang='lat' dir='ltr'>R‚·</span> <span class='ocrx_word' id='word_1_256' title='bbox 1045 2793 1415 2835; x_wconf 74' lang='lat' dir='ltr'>consummatum</span> <span class='ocrx_word' id='word_1_257' title='bbox 1448 2794 1518 2835; x_wconf 77' lang='lat' dir='ltr'>est</span> <span class='ocrx_word' id='word_1_258' title='bbox 1564 2806 1775 2835; x_wconf 82' lang='lat' dir='ltr'>consum-</span> 
     </span>
    </p>
   </div>
   <div class='ocr_carea' id='block_1_7' title="bbox 89 2850 1777 2952">
    <p class='ocr_par' dir='ltr' id='par_1_8' title="bbox 89 2850 1777 2952">
     <span class='ocr_line' id='line_1_32' title="bbox 89 2850 1777 2908; baseline 0.002 -16"><span class='ocrx_word' id='word_1_259' title='bbox 89 2851 267 2893; x_wconf 77' lang='lat' dir='ltr'>matum</span> <span class='ocrx_word' id='word_1_260' title='bbox 298 2852 369 2894; x_wconf 76' lang='lat' dir='ltr'>est</span> <span class='ocrx_word' id='word_1_261' title='bbox 398 2851 443 2894; x_wconf 83' lang='lat' dir='ltr'><strong><em>A</em></strong></span> <span class='ocrx_word' id='word_1_262' title='bbox 467 2852 482 2907; x_wconf 86' lang='grc' dir='ltr'>ΙΙ</span> <span class='ocrx_word' id='word_1_263' title='bbox 510 2855 560 2894; x_wconf 87' lang='grc'>11</span> <span class='ocrx_word' id='word_1_264' title='bbox 596 2851 745 2908; x_wconf 64' lang='lat' dir='ltr'>cogn]</span> <span class='ocrx_word' id='word_1_265' title='bbox 778 2850 989 2894; x_wconf 87' lang='lat' dir='ltr'>uidemus</span> <span class='ocrx_word' id='word_1_266' title='bbox 1022 2851 1066 2894; x_wconf 89' lang='lat' dir='ltr'><strong><em>A</em></strong></span> <span class='ocrx_word' id='word_1_267' title='bbox 1090 2852 1104 2907; x_wconf 80' lang='grc' dir='ltr'>ΙΙ</span> <span class='ocrx_word' id='word_1_268' title='bbox 1132 2855 1183 2894; x_wconf 80' lang='grc'>12</span> <span class='ocrx_word' id='word_1_269' title='bbox 1217 2850 1462 2895; x_wconf 80' lang='lat' dir='ltr'>ambacum</span> <span class='ocrx_word' id='word_1_270' title='bbox 1492 2864 1519 2896; x_wconf 80' lang='lat' dir='ltr'><strong><em>v</em></strong></span> <span class='ocrx_word' id='word_1_271' title='bbox 1542 2853 1558 2907; x_wconf 79' lang='grc' dir='ltr'>ΙΙ</span> <span class='ocrx_word' id='word_1_272' title='bbox 1582 2855 1637 2895; x_wconf 83' lang='grc'>28</span> <span class='ocrx_word' id='word_1_273' title='bbox 1670 2865 1777 2895; x_wconf 88' lang='lat' dir='ltr'>cum</span> 
     </span>
     <span class='ocr_line' id='line_1_33' title="bbox 94 2919 204 2952; baseline 0.018 -2"><span class='ocrx_word' id='word_1_274' title='bbox 94 2919 148 2951; x_wconf 85' lang='lat' dir='ltr'>eo</span> <span class='ocrx_word' id='word_1_275' title='bbox 179 2922 204 2952; x_wconf 85' lang='lat' dir='ltr'><strong><em>v</em></strong></span> 
     </span>
    </p>
   </div>
  </div>
 </body>
</html>
