2004 3140
134 573 160 611 ὃ

195 144 303 198 536
868 155 902 188 s.
924 154 1200 190 Auensmm

194 271 458 318 multitudo
506 270 789 318 dulcedinis
829 274 968 329 tuae,
1009 269 1242 336 Domine,
1282 284 1431 331 quam
1471 256 1782 320 abscondisti
1819 274 1877 320 ti·

194 344 440 392 mentibus
480 347 540 403 te,
573 341 844 404 perfecisti
874 348 1040 392 autem
1078 345 1413 405 sperantibus,
1454 359 1551 392 non
1591 345 1642 392 in
1682 359 1751 410 se,
1790 345 1876 393 sed

196 419 246 465 in
287 418 361 466 te!
425 414 655 465 omnium
702 417 867 480 itaque
915 417 1180 465 miseretur
1228 431 1456 466 vasorum
1496 417 1877 468 misericordiae.

194 489 323 547 Quid
363 495 439 538 est.
485 486 740 539 omnium?
815 489 879 539 Et
930 505 1102 538 eorum
1143 490 1332 539 scilicet
1370 506 1494 555 quos
1534 507 1592 540 ex
1632 491 1880 557 gentib11S‚

194 571 245 612 et
284 578 456 612 eorum
497 579 621 628 qnos
662 579 721 612 ex
752 562 945 613 Iudaeis
983 563 1366 628 praedestinavit
1405 567 1606 631 vocavit,
1645 566 1875 614 iustifica-

192 638 262 686 vit
299 637 601 704 glorificavit,
641 653 740 686 non
778 637 1033 686 hominum
1073 639 1307 704 omnium,
1347 637 1433 687 sed
1471 640 1681 688 istorum
1721 641 1879 688 omni·

192 726 277 760 um
317 713 563 760 neminem
604 711 937 760 damnaturus.

836 913 1028 968 CAPUT
1066 912 1236 966 XXV.

190 1020 270 1069 An
308 1022 385 1080 lii,
439 1024 528 1082 qai
575 1024 707 1070 inter
745 1023 1031 1070 haereticos
1071 1022 1323 1084 baptizati
1357 1027 1476 1070 sant
1513 1027 1562 1071 et
1600 1024 1883 1072 deteriores

104 1104 158 1143 10
184 1099 362 1156 postea
401 1097 531 1144 male
570 1097 778 1144 vivendo
806 1093 941 1156 facti
976 1101 1107 1156 sunt,
1148 1098 1226 1144 vel
1261 1097 1327 1155 hi,
1367 1097 1456 1156 qai
1492 1098 1634 1158 apud
1669 1097 1879 1146 catholi-

102 1501 154 1540 15

97 1870 153 1910 20

96 2239 152 2278 25

192 1182 277 1217 cos
331 1171 502 1217 renati
550 1171 621 1218 ad
664 1171 902 1218 haereses
957 1174 1047 1218 aut
1094 1170 1369 1218 schismata
1417 1173 1755 1231 transierunt,
1803 1174 1885 1219 vel

190 1243 256 1303 hi,
297 1245 386 1303 qui
423 1257 455 1290 a
495 1244 759 1292 catholicis
799 1245 940 1305 apud
975 1257 1097 1303 quos
1136 1245 1309 1292 renati
1343 1249 1462 1292 sunt
1497 1258 1596 1292 non
1637 1247 1877 1294 receden-

190 1321 263 1365 tes
303 1318 573 1365 criminose
603 1319 772 1366 vivere
795 1319 1146 1380 perstiterunt,
1178 1319 1374 1378 possint
1398 1319 1667 1379 privileqio
1699 1333 1879 1367 sacra--

317 1396 594 1439 mentorum
634 1393 975 1439 remissionem
1016 1393 1216 1439 aeterni
1251 1405 1464 1452 sperare
1501 1394 1750 1453 supplicii.

338 1492 434 1541 Sed
482 1494 578 1541 iam
627 1493 1014 1557 respondeamus
1065 1494 1212 1541 etiam
1261 1492 1383 1558 illis,
1434 1494 1517 1557 qui
1565 1509 1663 1542 non
1716 1493 1876 1543 solum

188 1564 379 1614 diaholo
414 1573 463 1615 et
494 1566 678 1630 angelis
711 1568 832 1632 ei11S,
873 1568 1002 1615 sicut
1033 1581 1125 1615 nec
1156 1567 1253 1632 isti,
1293 1566 1381 1615 sed
1411 1582 1473 1615 ne
1513 1568 1634 1631 ipsis
1673 1568 1875 1633 quidem

188 1639 416 1688 omnibus
456 1639 738 1689 hominibus
784 1639 1126 1689 liberationem
1177 1639 1235 1688 ab
1277 1646 1478 1689 aeterno
1518 1643 1630 1705 igne
1669 1643 1872 1706 promit-

187 1719 320 1778 tunt,
372 1729 544 1762 verum
585 1715 655 1762 eis
695 1720 910 1780 tantum,
957 1715 1042 1778 qui
1083 1713 1267 1762 Christi
1304 1713 1595 1778 baptismate
1636 1714 1788 1764 abluti
1829 1722 1883 1764 et

187 1788 410 1851 corporis
451 1789 558 1836 eius
595 1795 645 1836 et
684 1789 936 1852 sanguinis
975 1789 1240 1852 participes
1281 1788 1398 1837 facti
1437 1795 1567 1854 sunt,
1607 1789 1877 1853 quomodo—

186 1859 306 1910 libet
337 1862 562 1927 vixerint,
602 1863 652 1910 in
686 1876 995 1925 quacumque
1035 1861 1229 1910 haeresi
1268 1861 1343 1910 vel
1382 1863 1632 1926 impietate
1673 1862 1877 1912 fuerint.

188 1933 284 1982 Sed
341 1934 633 1984 contradicit
695 1937 766 1984 eis
821 1934 1072 2000 apostolus
1128 1935 1320 1985 dicens:
1375 1934 1653 1997 Manifesta
1709 1943 1875 1986 autem

184 2014 303 2056 sunt
333 2023 489 2070 opera
521 2011 709 2071 carnis,
742 2024 873 2070 qaae
903 2015 1022 2058 sunt
1046 2008 1339 2070 fornicatiO,
1374 2012 1690 2070 inmunditia,
1723 2013 1870 2059 luxa-

186 2084 284 2143 ria,
325 2084 572 2131 idolorum
603 2085 833 2143 servitus,
874 2085 1132 2142 veneficia,
1166 2085 1477 2149 inimicitiae,
1516 2086 1876 2143 contentioneS,

186 2158 560 2216 aemulationes,
593 2158 949 2216 animositateS,
975 2158 1320 2216 dissensioneS,
1353 2158 1602 2217 haereses,
1637 2159 1877 2218 invidiae,

186 2229 468 2288 ebrietates,
508 2231 857 2278 comisationes
890 2231 1045 2278 ethis
1083 2231 1267 2278 similia
1276 2246 1296 2287 ,·
1333 2244 1466 2290 quae
1499 2232 1748 2292 praedico
1793 2246 1872 2280 vo-

185 2302 274 2361 bis,
312 2304 446 2351 sicut
470 2305 730 2363 praedixi,
770 2305 1006 2362 quoniam
1046 2305 1135 2362 qui
1172 2305 1296 2351 talia
1329 2309 1490 2363 ayant
1527 2318 1740 2364 reanum
1778 2305 1883 2353 Dei

183 2389 283 2424 non
323 2377 662 2437 possidebunt.
740 2375 871 2424 Haec
917 2375 1140 2439 profecto
1188 2376 1452 2440 apostolica
1501 2376 1621 2425 falsa
1675 2385 1870 2426 senten-

183 2450 248 2496 tia
290 2455 386 2514 est,
433 2450 474 2497 si
514 2448 634 2498 tales
673 2457 786 2514 post
825 2448 1126 2513 quantalibet
1164 2455 1387 2514 tempora
1425 2449 1620 2499 liberati
1661 2466 1872 2515 regnum

184 2521 272 2570 Dei
321 2521 658 2586 possidebunt.
738 2522 834 2571 Sed
887 2524 1116 2586 quoniam
1168 2522 1286 2571 falsa
1337 2538 1436 2572 non
1490 2530 1592 2590 est,
1648 2525 1875 2588 profecto

303 2651 376 2704 27)
410 2648 512 2693 Gal.
545 2653 587 2705 5,
623 2654 675 2693 19
710 2664 807 2705 sqq.

303 2831 324 2868 1
358 2825 669 2869 metuentibus
692 2826 736 2868 A
761 2827 776 2881 ΙΙ
801 2830 825 2869 6
859 2824 1064 2869 omnium
1094 2825 1337 2870 hominum
1361 2839 1387 2870 v
1410 2827 1426 2883 ΙΙ
1450 2830 1504 2870 25
1538 2814 1866 2870 comisationes

180 2882 248 2927 13¹
279 2887 342 2937 (5,
375 2888 491 2939 22ss
523 2887 740 2929 comesat.
773 2883 864 2939 1223
901 2887 1143 2928 comessat.
1177 2885 1250 2929 Av
