2004 3140
535 149 600 180 DE
626 145 862 181 οΙνΙΤΑΤΕ
893 146 984 179 :om
1029 145 1071 178 L.
1095 147 1198 179 XIX.
1223 146 1261 182 c.
1295 148 1347 180 23.
1680 134 1787 187 395

100 256 356 311 utuntur.“
447 259 632 309 Deinde
683 259 864 310 subicit
903 260 1036 310 velut
1077 259 1273 309 oracula
1313 260 1520 310 deorum
1561 261 1784 327 blasphe-

98 337 335 386 mantium
388 333 692 383 Christianos
745 341 794 384 et
843 342 955 400 post
1002 334 1144 384 haec:
1196 334 1308 401 „De
1362 335 1557 385 Christo
1606 342 1785 402 autem,

96 411 272 476 inquit,
309 408 731 473 interrogantibus
772 410 814 458 si
853 415 929 458 est
968 408 1122 475 DeuS,
1162 411 1229 457 ait
1268 409 1472 459 Hecate:
1511 410 1786 476 „Quoniam

100 484 296 548 quidem
336 482 610 532 inmortalis
650 484 810 532 anima
847 489 960 548 post
999 498 1179 548 corpus
1230 481 1330 546 [ut]
1371 484 1578 551 incedit,
1634 486 1785 550 nosti3

98 573 124 606 a
179 559 415 622 sapientia
478 564 642 607 autem
703 556 894 606 abscisa
957 572 1152 621 semper
1207 564 1353 606 errat.
1446 557 1548 607 Viri
1601 561 1782 623 pietate

95 633 506 697 praestantissimi
559 638 636 680 est
689 631 770 680 illa
821 633 1000 697 anima3
1056 631 1182 680 hanc
1235 631 1403 681 colunt
1454 632 1610 682 aliena
1657 649 1683 682 a
1731 647 1782 681 se

96 701 349 755 veritate.“
425 705 611 754 Deinde
643 710 757 770 post
788 705 939 755 verba
971 705 1118 755 huius
1152 707 1292 770 quasi
1324 706 1511 755 oraculi
1551 722 1639 756 sua
1677 709 1782 772 ipse

98 787 389 830 contexens:
427 780 744 847 „Piis'simum
782 781 935 844 igitur
974 781 1158 846 virum,
1196 781 1381 847 inquit,
1422 796 1535 830 eum
1575 781 1697 830 dixit
1736 787 1785 830 et

97 857 203 904 eius
250 857 486 920 animam,
539 855 667 903 sicut
719 860 767 903 et
807 854 1013 903 aliorum
1053 855 1272 918 piorum,
1326 861 1439 919 post
1478 854 1668 904 obitum
1711 857 1783 904 in-

96 929 390 978 mortalitate
431 929 676 993 dignatam
728 934 777 977 et
821 928 948 977 hanc
1005 927 1167 977 colere
1210 928 1515 985 Christianos
1554 930 1782 993 ignoran-

97 997 218 1052 tes,“
290 1002 748 1068 „Interrogantibus
788 1007 967 1068 autem,
1006 1003 1188 1066 inquit:
1230 1001 1329 1051 Cur
1370 1018 1486 1067 ergo
1528 1003 1784 1053 damnatus

98 1074 208 1125 est?
248 1077 446 1126 oraculo
486 1076 742 1141 respondit
782 1076 893 1126 dea:
942 1075 1133 1140 Corpus
1174 1075 1374 1140 quidem
1414 1076 1785 1127 debilitantibus

95 1153 356 1200 tormentis
412 1165 608 1215 semper
663 1152 945 1215 oppositum
999 1157 1094 1216 est3
1155 1152 1315 1198 anima
1370 1157 1535 1199 autem
1588 1152 1786 1215 piorum

97 1225 295 1274 caelesti
335 1224 440 1274 sedi
470 1225 666 1273 insidet.
742 1224 826 1272 Illa
866 1239 982 1273 vero
1023 1225 1183 1272 anima
1223 1224 1329 1272 aliis
1370 1223 1626 1274 animabus
1666 1225 1784 1274 fata-

92 1298 207 1348 liter
246 1298 401 1364 dedit,
450 1297 630 1363 quibus
678 1297 774 1347 fata
826 1313 925 1347 non
965 1297 1246 1347 adnuerunt
1285 1298 1493 1348 deorum
1534 1298 1661 1347 dona
1700 1298 1784 1347 ob-

92 1374 251 1422 tinere
303 1388 464 1437 neque
516 1371 698 1421 habere
747 1371 874 1421 [ovis
924 1372 1198 1421 inmortalis
1238 1374 1564 1437 agnitionem,
1617 1388 1786 1423 errore

92 1446 348 1512 implicari.
424 1446 695 1511 Propterea
749 1461 865 1510 ergo
921 1446 1014 1495 diis
1066 1447 1228 1513 exosi,
1282 1449 1415 1513 quia,
1468 1447 1648 1511 quibus
1688 1447 1786 1496 fato

94 1536 194 1570 non
233 1521 326 1570 fuit
365 1536 510 1570 nosse
543 1520 702 1570 Deum
741 1536 833 1569 nec
874 1520 1001 1569 dona
1041 1519 1099 1569 ab
1140 1521 1233 1569 diis
1273 1522 1514 1587 accipere,
1552 1521 1629 1570 his
1670 1521 1788 1570 fata-

95 1595 208 1643 liter
262 1594 397 1644 dedit
449 1596 544 1644 iste
600 1610 771 1643 errore
819 1594 1075 1659 implicari.
1152 1594 1261 1659 Ipse
1309 1609 1426 1643 vero
1474 1597 1586 1660 pius
1636 1602 1685 1644 et
1735 1597 1787 1644 in

97 1668 307 1735 caelum,
363 1670 492 1718 sicut
539 1670 634 1734 pii,
690 1670 950 1718 concessit.
1035 1668 1204 1732 Itaque
1251 1668 1384 1718 hunc
1436 1669 1636 1733 quidem
1686 1684 1785 1718 non

96 1741 479 1808 blasphemabiS,
519 1741 835 1791 misereberis
876 1747 1041 1791 autem
1080 1742 1336 1791 hominum
1377 1742 1689 1808 dementiam,
1727 1758 1787 1791 ex

97 1832 154 1865 eo
182 1818 244 1864 in
285 1818 355 1865 eis
395 1815 535 1864 facile
575 1831 912 1880 praecepsque
953 1811 1284 1880 periculum.“

247 1889 368 1947 Quis
399 1891 466 1938 ita
499 1889 679 1939 stultus
713 1895 802 1955 est,
841 1896 898 1939 ut
937 1904 1035 1938 non
1075 1889 1327 1954 intellegat
1367 1896 1450 1939 aut
1490 1889 1549 1938 ab
1589 1890 1786 1939 homine

83 1963 270 2013 *callido
322 1979 479 2028 eoque
520 1963 810 2012 Christianis
858 1965 1197 2012 inimicissimo
1236 1963 1358 2013 haec
1398 1963 1596 2012 oracula
1635 1964 1786 2013 fuisse

98 2038 304 2087 conficta
371 2043 455 2086 aut
509 2037 713 2086 consilio
779 2037 926 2086 simili
980 2037 1038 2086 ab
1100 2039 1292 2102 inpuris
1347 2037 1667 2087 daemonibus
1721 2039 1788 2086 ita

98 2112 249 2161 fuisse
302 2126 562 2177 responsa,
615 2118 670 2160 ut
725 2111 943 2178 scilicet,
991 2113 1223 2175 quoniam
1272 2111 1472 2160 laudant
1510 2110 1787 2178 Christum,

96 2191 360 2250 propterea
392 2185 658 2234 credantur
697 2187 939 2234 veraciter
980 2179 1261 2250 vituperare
1294 2184 1599 2234 Christianos
1640 2191 1786 2249 atque

97 2261 179 2325 ita,
218 2261 259 2308 si
297 2260 510 2325 possint,
549 2258 883 2308 intercludant
922 2261 1049 2307 viam
1090 2259 1260 2308 salutis
1301 2265 1552 2326 aeternae,
1600 2260 1651 2307 in
1692 2274 1788 2323 qua

97 2332 152 2380 fit
206 2334 414 2396 quisque
463 2329 811 2382 Christianus?
890 2332 1016 2381 Suae
1075 2335 1255 2398 quippe
1312 2333 1524 2382 nocendi
1579 2334 1786 2382 astutiae

97 2405 377 2454 milleformi
424 2408 645 2455 sentiunt
691 2406 790 2454 non
839 2421 947 2455 esse
989 2408 1315 2472 contrarium,
1363 2408 1405 2455 si
1445 2406 1677 2455 credatur
1716 2407 1786 2454 eis

100 2477 410 2527 laudantibus
451 2478 724 2544 Christum,
775 2478 893 2528 dum
931 2486 1096 2528 tamen
1138 2479 1369 2528 credatur
1410 2481 1556 2528 etiam
1596 2480 1783 2543 vitupe-

218 2605 292 2658 22)
325 2604 390 2648 Cf.
424 2605 592 2650 Euseb.
628 2573 875 2650 demonstr.
911 2619 1074 2662 evang.
1106 2606 1137 2648 1.
1172 2610 1212 2648 3.
1246 2619 1283 2648 c.
1319 2610 1357 2648 7.

218 2770 246 2808 4
275 2767 329 2810 ut
358 2768 490 2811 uncis
519 2768 688 2812 inclusi
717 2766 992 2812 sec-Graec.
1033 2767 1048 2823 ΙΙ
1081 2770 1106 2810 5
1138 2765 1319 2810 abscisa
1350 2765 1541 2810 RParr.
1571 2765 1782 2820 (Graecez

100 2823 421 2880 τετμημένος);
455 2826 656 2871 abscissa
686 2827 758 2871 Av
798 2828 813 2883 ΙΙ
854 2830 908 2870 10
941 2825 1181 2882 dignatam
1211 2837 1323 2879 mss,·
1355 2825 1578 2870 donatam
1607 2839 1633 2870 v
1673 2827 1688 2881 ΙΙ
1731 2829 1785 2869 14

102 2882 207 2927 sede
237 2883 283 2928 R
305 2885 321 2941 ΙΙ
346 2888 399 2928 18
432 2898 460 2928 a
490 2899 516 2929 v
540 2887 556 2943 Η
579 2890 634 2929 25
667 2884 736 2929 ita
766 2885 884 2940 RA‚·
915 2884 1005 2929 ista
1035 2898 1061 2929 v

1818 937 1872 977 10

1820 1304 1873 1345 15

1820 1675 1875 1714 20

1821 2042 1875 2082 25

1819 2412 1875 2452 30
