2004 3140
610 128 676 160 DE
701 126 939 160 cIVI'rAtrE
963 128 1050 160 DEI
1074 128 1116 160 L.
1141 128 1222 160 xx.
1248 128 1286 162 c.
1313 130 1344 161 9.
1694 118 1801 170 431

119 243 266 292 etiam
313 247 504 290 ceteros
551 246 774 297 mortuos
821 239 1150 305 intellegimus
1197 242 1504 306 pertinentes
1549 240 1608 289 ad
1650 241 1802 290 eoele-

119 318 255 383 siam,
296 314 425 380 quod
466 321 541 363 est
580 330 787 379 regnum
828 313 1025 364 Christi.

268 388 406 446 Quod
450 403 563 437 vero
598 390 845 452 sequitur:
886 389 953 438 Et
988 391 1036 438 si
1072 392 1161 451 qui
1198 404 1295 439 non
1337 391 1685 438 adoraverunt
1724 391 1804 438 be-

117 467 263 513 stiam
295 478 390 512 nee
422 465 689 523 imuqinem
723 466 844 523 eiuS,
876 479 1045 529 >neque
1078 470 1388 526 aeceperunt
1427 466 1803 525 inscriptionem

118 540 169 586 in
210 536 384 599 fronte
430 542 520 586 aut
566 539 615 585 in
665 551 815 586 manu
862 530 978 597 Sua,
1031 536 1177 586 simul
1224 537 1283 585 de
1331 538 1450 585 vivis
1498 552 1552 585 ac
1593 538 1802 586 mortuis

116 609 353 659 debemus
399 612 636 675 accipere.
715 610 849 668 Quae
898 613 961 660 sit
1006 626 1155 676 porro
1204 612 1296 660 ista
1344 610 1527 676 bestia,
1583 613 1802 675 quamvis

116 685 179 733 sit
229 684 512 749 diligentius
560 684 941 751 requirendum,
992 700 1090 733 non
1137 691 1300 734 tamen
1349 683 1582 733 abhorret
1631 700 1656 732 a
1708 684 1801 732 side

115 765 264 825 recta,
303 765 359 808 ut
397 760 502 823 ipsa
541 760 689 824 impia
730 760 899 808 civitas
938 757 1252 823 intellegatur
1292 765 1341 807 et
1379 757 1592 824 populus
1631 758 1800 806 infide-

115 832 235 882 lium
276 834 554 881 oontrarius
594 832 774 898 populo
824 832 954 882 fideli
994 839 1043 882 et
1082 834 1265 882 civitati
1304 832 1405 882 Dei.
1482 831 1645 897 Imago
1685 847 1801 880 vero

115 908 221 955 eius
262 906 505 955 simulatio
554 909 660 956 eius
708 907 827 955 mihi
867 907 1081 973 videtur,
1127 908 1177 955 in
1219 908 1289 955 eis
1328 906 1555 955 videlieet
1594 906 1801 954 homini-

115 979 223 1046 biis,
265 982 349 1045 qui
390 980 521 1029 velut
551 981 698 1030 fidem
729 981 1026 1045 profitentur
1060 987 1108 1029 et
1139 980 1402 1030 infideliter
1444 982 1626 1029 vivunt.
1689 980 1800 1028 Fin-

114 1061 236 1119 gunt
269 1056 399 1103 enim
432 1070 483 1103 se
518 1070 626 1104 esse
660 1055 790 1119 quod
824 1070 922 1103 non
955 1061 1086 1120 sunt,
1124 1062 1461 1119 vocanturque
1502 1070 1600 1102 non
1640 1055 1803 1103 veraci

115 1128 300 1194 effigie,
347 1127 434 1176 sed
481 1128 639 1178 fallaci
685 1130 894 1193 imagine
937 1128 1216 1178 Christiani.
1294 1128 1370 1193 Ad⁴
1415 1128 1620 1176 eandem
1668 1143 1800 1176 nam-

116 1218 210 1267 que
250 1201 459 1251 bestiam
508 1204 761 1267 pertinent
809 1218 906 1251 non
955 1202 1112 1251 solum
1154 1208 1322 1267 aperte
1364 1203 1550 1250 inimici
1589 1203 1801 1250 nominis

115 1275 297 1325 Christi
337 1282 386 1325 et
435 1277 541 1325 eius
589 1276 968 1341 gloriosissimae
1010 1278 1243 1342 civitatis,
1292 1275 1378 1325 sed
1420 1278 1566 1324 etiam
1605 1276 1800 1341 zizania,

113 1365 238 1416 quae
271 1350 331 1398 de
366 1365 516 1414 regno
552 1352 672 1411 eiuS,
714 1351 843 1415 quod
878 1358 953 1399 est
992 1350 1214 1416 eeclesia,
1253 1352 1305 1398 in
1344 1350 1439 1398 fine
1482 1349 1665 1398 saeculi
1705 1349 1801 1398 col-

113 1423 306 1488 ligenda
346 1430 475 1473 sunt.
559 1423 623 1473 Et
672 1426 757 1489 qui
798 1431 914 1473 sunt
954 1426 1039 1489 qui
1079 1439 1177 1472 non
1218 1424 1422 1472 adorant
1462 1422 1669 1472 bestiam
1710 1438 1802 1471 neo

111 1499 373 1563 imaginem
423 1500 551 1558 ei11S‚
601 1500 696 1547 nisi
745 1500 830 1563 qui
876 1499 1062 1547 faciunt
1109 1497 1240 1562 quod
1290 1499 1355 1547 ait
1401 1497 1673 1562 apostolus:
1729 1499 1803 1546 Ne

111 1574 219 1622 sitis
275 1575 446 1634 iuqum
501 1574 740 1622 ducentes
795 1588 908 1622 eum
964 1569 1284 1633 infidelibus?
1359 1571 1506 1638 „Non
1558 1566 1804 1620 adorant“

113 1647 243 1695 enim
292 1653 367 1694 est
414 1661 513 1694 non
560 1648 904 1713 consentiunt,
959 1661 1058 1695 non
1107 1645 1442 1711 subiciuntur3
1482 1660 1682 1711 „neque
1724 1660 1799 1694 ac-

113 1721 302 1784 cipiunt
334 1715 756 1786 inscriptionen1,“
794 1727 960 1768 notam
994 1719 1181 1768 seilicet
1213 1721 1448 1785 eriminiS,
1486 1720 1568 1785 „in
1608 1713 1804 1768 fronte“

110 1799 317 1858 propter
370 1793 752 1860 professionem,
805 1795 898 1859 „in
953 1788 1140 1842 manu“
1194 1800 1396 1857 propter
1452 1794 1801 1856 operationem.

112 1866 183 1915 Ab
239 1866 315 1915 his
370 1868 522 1931 igitur
578 1866 715 1916 malis
772 1867 939 1933 alieni,
996 1869 1095 1916 sive
1152 1866 1309 1915 adhue
1365 1868 1416 1914 in
1463 1868 1557 1915 ista
1609 1865 1802 1914 mortali

114 1955 260 1989 earne
316 1942 533 1989 viventes
590 1942 690 1989 sive
743 1941 988 2007 defuncti,
1043 1947 1251 2004 regnant
1299 1955 1411 1988 cum
1459 1938 1653 1988 Christo
1705 1941 1802 1988 iam

113 2029 245 2064 nuno
287 2013 430 2062 modo
465 2014 676 2078 quodam
716 2014 830 2063 huic
869 2016 1082 2079 tempori
1121 2029 1340 2078 congruo
1380 2029 1470 2078 per
1511 2019 1668 2062 totum
1708 2013 1800 2061 hoe

113 2087 437 2154 intervallum,
478 2087 609 2152 quod
650 2103 856 2138 numero
898 2088 1026 2137 mille
1069 2089 1372 2153 significatur
1411 2102 1666 2136 annorum.

263 2162 469 2223 Reliqui
520 2177 717 2224 eorum,
771 2164 954 2227 inquit,
1009 2177 1108 2211 non
1157 2158 1406 2212 aixerunt.
1484 2161 1629 2210 IIora
1669 2161 1801 2209 enim

111 2251 247 2284 nune
305 2241 398 2296 est,
454 2251 567 2285 eum
614 2239 803 2286 mortui
847 2238 1065 2286 audiunt
1115 2251 1281 2286 vocem
1326 2238 1427 2295 filii
1463 2235 1579 2295 Dei,
1629 2239 1675 2283 el
1715 2236 1803 2295 qui

113 2311 374 2359 audierint
420 2312 609 2367 vivent;
659 2309 838 2374 reliqui
888 2325 1004 2374 ergo
1053 2325 1224 2358 eorum
1266 2325 1362 2357 non
1402 2310 1578 2357 vivent.
1658 2307 1799 2365 Quod

110 2398 226 2431 vero
267 2383 505 2432 subdidit:
555 2385 726 2433 Donec
761 2386 1014 2444 finiantur
1052 2387 1185 2433 mille
1225 2386 1371 2442 anni,
1412 2381 1796 2444 intellegendum

112 2463 202 2523 est,
242 2458 371 2521 quod
406 2472 463 2506 eo
496 2463 718 2522 tempore
751 2472 850 2506 non
882 2459 1127 2522 vixerunt,
1167 2472 1264 2521 quo
1299 2458 1460 2504 vivere
1502 2454 1796 2519 debuerunt,

111 2529 168 2578 ad
202 2532 350 2580 vitam
384 2530 571 2580 scilieet
602 2531 661 2579 de
695 2538 853 2580 morte
896 2531 1211 2580 transeundo,
1287 2529 1349 2578 Et
1388 2528 1497 2577 ideo
1539 2543 1652 2577 eum
1692 2527 1796 2575 dies

231 2644 302 2696 19)
336 2648 375 2686 2.
411 2642 511 2688 Cor.
547 2649 587 2697 6,
623 2648 690 2687 14.
753 2644 829 2699 29)
860 2642 924 2687 Io.
960 2647 1000 2698 5,
1035 2647 1104 2686 25.

231 2809 253 2847 7
286 2804 612 2861 inquirendum
642 2819 668 2849 v
707 2806 722 2862 ΙΙ
762 2809 818 2848 20
852 2804 939 2862 est]
973 2803 1021 2847 id
1054 2805 1124 2848 est
1156 2817 1179 2847 υ
1214 2805 1229 2860 11
1265 2808 1321 2847 28
1355 2801 1549 2847 audiunt
1579 2800 1791 2854 RParr.;

110 2863 300 2907 audient
330 2865 402 2907 Av
425 2866 440 2921 ΙΙ
464 2869 519 2908 29
553 2878 662 2921 ergo
695 2864 813 2917 RA‚·
844 2877 953 2908 vero
984 2877 1010 2907 v

1833 547 1861 587 5

1837 917 1891 956 10

1836 1285 1889 1326 15

1833 1655 1890 1694 20

1833 2021 1890 2062 25

1829 2390 1886 2429 30
