2054 3152
163 977 217 1017 10

166 1344 218 1385 15

164 1714 220 1754 20

166 2084 221 2124 25

162 2453 221 2492 30

251 181 355 233 100
925 192 958 225 S.
984 190 1259 226 AUGUS'HM

247 308 379 355 enim
434 305 526 353 hoc
579 304 789 369 bonum,
843 306 939 353 nisi
990 320 1102 354 cum
1150 305 1203 354 fit
1253 305 1528 355 secundum
1567 305 1713 354 fidem
1754 307 1933 355 summi

247 379 385 446 boni,
438 381 523 443 qui
563 378 693 427 Deus
743 384 830 427 est.
907 377 1012 427 Hoc
1051 386 1214 428 tamen
1254 395 1397 428 nemo
1439 379 1614 429 fecisse
1657 385 1767 428 ante
1808 378 1931 428 dilu-

246 455 381 502 vium
427 454 698 518 reperitur,
748 452 940 516 quando
989 452 1186 517 quidem
1234 455 1380 502 etiam
1427 455 1531 519 ipse
1573 453 1743 502 Enoch
1784 454 1931 518 septi-

248 542 357 576 mus
398 526 456 575 ab
497 526 662 587 Adam,
703 527 788 590 qui
829 526 1092 576 translatus
1132 528 1349 576 refertur
1390 542 1514 593 esse,
1554 542 1651 576 non
1692 533 1932 591 mortUuS,

249 602 419 665 genuit
467 600 591 649 filios
640 607 689 649 et
737 599 858 648 filias
914 607 1174 665 antequam
1223 601 1600 666 transferretur3
1652 602 1703 649 in
1753 599 1932 664 quibus

249 676 342 724 fuit
379 673 723 739 Mathusalam,
774 689 863 739 per
904 689 1051 739 quem
1090 676 1466 738 generationum
1506 675 1934 724 memorandarum

249 748 370 797 ordo
411 750 723 798 transcurrit.

398 821 496 872 Cur
545 837 661 887 ergo
712 828 843 871 tanta
890 824 1108 887 paucitas
1165 824 1536 872 successionum
1585 836 1934 871 commemora-

250 903 331 946 tur
370 898 421 945 in
461 895 861 961 generationibus
910 911 968 944 ex
1009 894 1148 962 Cain,
1201 898 1242 944 si
1283 891 1363 945 eas
1403 911 1560 960 usque
1602 896 1657 944 ad
1701 894 1937 945 diluvium

250 968 794 1035 perduci‘oportebat,
850 985 940 1018 nec
996 976 1101 1018 erat
1147 969 1380 1019 diuturna
1435 977 1566 1019 aetas
1614 971 1936 1035 praeveniens

250 1043 586 1109 pubertatem,
642 1059 765 1107 quae
822 1049 1020 1092 centum
1074 1043 1150 1092 vel
1205 1043 1412 1108 amplius
1467 1059 1620 1092 annos
1667 1049 1861 1092 vacaret
1908 1057 1934 1090 a

250 1114 467 1166 fetibus?
543 1117 664 1166 Nam
715 1119 756 1166 si
803 1132 902 1166 non
947 1117 1233 1167 intendebat
1279 1125 1451 1167 auctor
1498 1117 1610 1167 libri
1658 1117 1805 1166 huius
1855 1115 1935 1164 ali-

251 1207 419 1258 quem,
468 1190 526 1239 ad
576 1207 722 1255 quem
773 1192 1051 1240 necessario
1101 1191 1398 1256 perduceret
1446 1192 1627 1240 seriem
1665 1191 1937 1255 generatio-

251 1280 392 1331 num,
433 1267 561 1314 sicut
600 1266 650 1313 in
690 1264 807 1330 illis,
859 1280 983 1329 quae
1024 1267 1231 1314 veniunt
1271 1265 1330 1314 de
1372 1267 1557 1314 semine
1600 1263 1741 1329 Seth,
1780 1265 1937 1313 inten-

253 1338 399 1388 debat
444 1340 703 1403 pervenire
752 1338 810 1387 ad
851 1338 976 1405 Noe,
1027 1354 1053 1386 a
1100 1354 1197 1403 quo
1246 1354 1421 1388 rursus
1469 1338 1588 1387 ordo
1629 1339 1939 1387 necessarius

252 1419 566 1477 sequeretur:
623 1412 740 1476 quid
788 1427 912 1477 opus
975 1419 1080 1461 erat
1134 1414 1530 1478 praetermittere
1586 1413 1940 1477 primogenitos

252 1486 398 1553 filios,
446 1492 501 1535 ut
554 1487 899 1550 perveniretur
947 1485 1005 1534 ad
1052 1485 1286 1553 Lamech,
1333 1488 1383 1535 in
1435 1488 1576 1535 cuius
1617 1485 1728 1534 filiis
1769 1486 1939 1534 finitur

251 1559 330 1608 illa
371 1561 643 1625 contextio,
683 1566 851 1608 octava
894 1562 1211 1624 generatione
1252 1560 1440 1609 scilicet
1479 1575 1538 1609 ex
1578 1560 1749 1619 Adam,
1791 1559 1939 1623 septi-

251 1649 328 1682 ma
376 1649 434 1682 ex
475 1631 614 1698 Cain,
663 1635 803 1698 quasi
851 1640 983 1683 esset
1024 1633 1138 1683 inde
1179 1634 1361 1699 aliquid
1403 1634 1636 1698 deinceps
1677 1639 1937 1682 conecten-

253 1707 391 1772 dum,
440 1707 569 1756 unde
616 1708 962 1772 perveniretur
1012 1707 1087 1756 vel
1128 1708 1186 1756 ad
1226 1707 1547 1757 Israeliticum
1588 1706 1849 1772 populum,
1889 1707 1938 1754 in

254 1796 350 1846 quo
407 1780 607 1830 caelesti
669 1782 856 1830 civitati
925 1784 1073 1831 etiam
1127 1789 1326 1831 terrena
1379 1781 1686 1831 Hierusalem
1737 1781 1943 1845 figuram

253 1855 591 1920 propheticam
624 1854 867 1922 praebuit,
908 1855 983 1904 vel
1024 1855 1084 1905 ad
1117 1854 1367 1905 Christum
1405 1857 1680 1906 seeundum
1720 1868 1941 1914 carn-em,

254 1932 343 1990 qui
379 1936 452 1979 est
488 1944 641 1992 super
680 1932 847 1978 omnia
888 1930 1023 1979 Deus
1064 1931 1360 1979 benedictus
1401 1932 1453 1978 in
1491 1932 1720 1988 saecula,
1770 1942 1941 1992 super-

256 2017 345 2051 nae
384 2001 693 2051 Hierusalem
741 2001 1006 2052 sabricator
1053 2010 1198 2067 atque
1239 2009 1495 2069 regnator,
1536 2017 1650 2051 cum
1690 2007 1792 2051 tota
1829 2016 1939 2066 pro-

255 2078 423 2140 genies
478 2075 594 2124 Cain
650 2075 831 2124 diluvio
887 2077 950 2125 sit
1003 2076 1194 2125 deleta?
1269 2075 1408 2125 Unde
1463 2075 1619 2125 videri
1674 2082 1836 2141 potest
1890 2075 1941 2122 in

255 2149 426 2198 eodem
475 2149 646 2197 ordine
695 2150 1068 2213 generationum
1123 2151 1479 2215 primogenitos
1529 2149 1680 2198 fuisse
1730 2163 1940 2198 comme·

253 2228 481 2271 moratos
560 2221 659 2270 Cur
706 2237 823 2287 ergo
871 2231 968 2272 tam
1023 2225 1166 2287 pauci
1223 2220 1378 2272 sunt?
1438 2223 1547 2272 Non
1600 2225 1730 2272 enim
1781 2236 1940 2286 usque

252 2295 311 2344 ad
351 2294 587 2344 diluvium
629 2301 701 2344 tot
741 2311 848 2345 esse
888 2303 1174 2363 potuerunt,
1214 2312 1312 2346 non
1355 2295 1639 2346 vacantibus
1679 2311 1837 2361 usque
1883 2295 1942 2344 ad

253 2370 586 2418 centenariam
631 2368 943 2434 pubertatem
988 2369 1211 2435 patribus
1251 2370 1309 2419 ab
1350 2371 1510 2420 officio
1551 2369 1839 2435 generandi,
1900 2369 1942 2417 si

254 2458 354 2492 non
400 2449 505 2492 erat
553 2449 671 2492 tunc
722 2445 1039 2508 proportione
1085 2443 1423 2509 longaevitatis
1471 2443 1602 2494 illius
1643 2445 1792 2494 etiam
1833 2457 1943 2492 sera

253 2516 500 2582 pubertas.
593 2515 656 2565 Ut
703 2517 832 2566 enim
887 2532 1132 2582 peraeque
1184 2519 1384 2582 triginta
1438 2533 1678 2568 annorum
1734 2517 1932 2580 fuerint,

255 2606 369 2639 cum
422 2589 546 2639 filios
595 2605 832 2654 generare
881 2598 1181 2658 coeperunt,
1229 2594 1417 2641 octiens
1468 2593 1646 2641 triceni
1687 2585 1941 2657 (quoniam

253 2670 365 2712 octo
400 2670 515 2712 sunt
547 2666 889 2728 generationes
923 2679 1035 2713 cum
1067 2664 1219 2714 Adam
1252 2672 1300 2714 et
1341 2681 1452 2715 cum
1493 2667 1563 2714 eis
1606 2679 1728 2730 quos
1768 2664 1938 2728 genuit

374 2777 447 2831 23)
479 2776 610 2821 Rom.
646 2781 686 2830 9,
721 2782 758 2821 5.

379 2927 398 2965 1
435 2921 557 2965 enim
589 2933 671 2968 cm.
715 2923 791 2978 ΓΗ
815 2928 840 2967 8
874 2925 1155 2968 memoratur
1196 2923 1239 2967 V
