2044 3146
175 577 202 619 5

147 945 204 987 10

149 1314 205 1355 15

148 1683 204 1725 20

150 2169 206 2211 25

234 150 340 202 180
910 159 943 193 S.
968 158 1246 194 Aueusmm1

233 281 397 325 autem
439 275 698 323 Abraham
737 286 926 322 omnem
966 286 1170 322 censum
1209 286 1352 322 suum
1393 273 1545 322 Isaac
1580 275 1688 332 filio
1726 287 1831 335 suo,
1872 279 1922 324 et

227 351 350 409 filiis
390 349 792 398 concubinarum
837 360 1046 396 suarum
1096 348 1235 395 aedit
1287 346 1547 395 Abraham
1598 349 1826 397 dationes
1872 353 1922 397 et

232 424 424 472 dimisit
470 436 552 472 eos
601 422 663 470 ab
706 422 858 471 Isaac
901 423 1008 480 filio
1055 431 1146 469 suo
1187 421 1356 470 adhuc
1405 435 1460 470 se
1498 423 1605 470 vivo
1647 423 1718 470 ad
1754 423 1918 472 orien-

234 502 351 555 tem,
401 499 451 545 in
499 501 690 545 terram
739 497 961 544 orientis.
1041 493 1233 542 Habent
1284 508 1400 558 ergo
1441 494 1673 543 nonnulla
1715 510 1920 544 munera

234 569 321 619 filii
372 569 789 634 concubinarum,
839 568 924 618 sed
970 583 1067 617 non
1116 569 1411 632 perveniunt
1460 567 1518 616 ad
1558 583 1767 633 regnum
1805 584 1917 632 pro-

232 646 463 709 missum,
516 659 606 692 nec
646 642 904 708 haeretiei,
952 657 1042 691 nec
1082 641 1250 690 Iudaei
1289 640 1530 706 carnaleS,
1572 643 1684 705 quia
1722 643 1920 706 praeter

233 717 367 766 Isaac
416 717 580 766 nullus
630 724 705 766 est
750 715 920 780 heres,
975 724 1023 764 et
1071 730 1170 765 non
1219 717 1309 775 qui
1346 717 1447 773 filie·
1484 717 1681 775 carnis,
1736 718 1793 764 Izi
1823 719 1924 775 fila·

233 792 352 852 Dei,
392 793 483 840 sed
515 794 616 850 filii
646 791 994 853 promissionis
1034 791 1343 852 deputantur
1384 791 1435 837 in
1474 791 1680 850 semine,
1721 789 1780 838 de
1822 805 1919 854 quo

234 865 422 914 dictum
462 872 557 914 est:
599 865 659 914 In
700 865 852 913 Isaac
891 864 1156 912 vocabitur
1196 863 1288 910 cibe·
1322 876 1501 911 semen.
1579 861 1748 926 Neque
1789 865 1922 912 enim

235 939 399 1003 vide0,
451 953 541 987 cur
581 939 727 987 etiam
769 936 971 986 Cettura
1008 942 1120 1001 post
1159 937 1327 984 uxoris
1371 941 1578 984 mortem
1619 934 1787 1002 ducta,
1827 938 1922 986 nisi

234 1019 439 1078 propter
486 1011 578 1061 hoc
627 1013 938 1076 mysterium,
985 1011 1114 1060 dieta
1163 1011 1225 1058 sit
1273 1007 1560 1058 concubina.
1639 1009 1736 1059 Sed
1789 1012 1920 1074 quis-

237 1088 348 1150 quis
387 1085 508 1134 haec
550 1101 648 1134 non
691 1084 791 1134 vult
823 1087 874 1134 in
914 1086 1022 1134 istis
1062 1082 1504 1149 significationibus
1543 1085 1784 1149 accipere,
1822 1099 1923 1133 non

237 1160 566 1209 calumnietur
598 1158 836 1208 Abrahae.
913 1157 1042 1215 Quid
1083 1160 1125 1208 si
1165 1159 1296 1206 enim
1337 1164 1384 1205 et
1425 1157 1517 1206 hoo
1556 1159 1807 1221 provisum
1847 1163 1923 1207 est

237 1240 409 1283 contra
448 1233 725 1283 haereticos
772 1233 967 1282 futuros
1016 1231 1344 1281 secundarum
1386 1230 1691 1281 adversarios
1731 1233 1920 1296 nuptia-

237 1323 371 1372 rum,
427 1314 481 1356 ut
534 1309 585 1356 in
639 1309 746 1372 ipso
801 1313 940 1372 patre
997 1305 1263 1355 multarum
1310 1306 1531 1368 gentium
1575 1311 1688 1369 post
1734 1304 1923 1355 obitum

237 1382 461 1446 coniugis
507 1383 690 1431 iterum
738 1381 992 1444 coniugari
1037 1379 1462 1429 demonstraretur
1508 1393 1608 1427 non
1654 1394 1762 1428 esse
1810 1394 1922 1444 peo-

237 1451 438 1504 catum‘?
507 1454 570 1504 Et
618 1462 842 1504 mortuus
892 1460 967 1503 est
1022 1452 1288 1518 Abraham,
1344 1466 1455 1500 cum
1503 1459 1636 1502 esset
1683 1467 1925 1503 annorum

237 1536 437 1578 centum
493 1530 801 1594 septuaginta
856 1524 1158 1592 (quinque).
1246 1526 1500 1574 Annorum
1555 1540 1673 1591 ergo
1729 1533 1921 1592 septua-

236 1604 369 1668 ginta
409 1598 704 1668 (quinque>
737 1601 870 1651 Isaac
909 1601 1063 1651 filium
1104 1599 1382 1665 dereliquit,
1422 1613 1569 1663 quem
1609 1602 1923 1651 centenarius

236 1677 420 1742 genuit.

858 1803 1053 1859 CAPUT
1080 1802 1300 1856 XXXV.

289 1914 365 1963 Be
401 1915 615 1974 qeminis
655 1913 826 1962 adhuc
867 1914 918 1961 in
957 1917 1102 1962 utero
1143 1912 1408 1962 Rebeccae
1447 1913 1626 1961 matris
1665 1914 1874 1960 inclusis

590 1988 715 2047 quid
754 1987 1062 2035 indicaverit
1100 1988 1272 2035 divina
1311 1988 1582 2048 responsio,

386 2087 486 2138 Iam
527 2104 586 2137 ex
625 2087 744 2153 hoo,
785 2103 933 2151 quem
972 2088 1032 2136 ad
1071 2087 1272 2137 modum
1310 2103 1399 2153 per
1437 2095 1664 2153 posteros
1703 2085 1925 2137 Abrahae

241 2163 449 2211 civitatis
490 2161 577 2210 Dei
617 2166 1190 2227 procurrant-tempora,
1230 2161 1492 2211 videamus,
1562 2161 1601 2209 A
1639 2163 1798 2226 primo
1838 2163 1924 2226 igi-

238 2241 323 2285 tur
361 2250 488 2284 anno
520 2237 648 2284 vitae
682 2233 813 2283 Isaac
854 2249 1011 2299 usque
1053 2235 1112 2283 ad
1153 2236 1560 2301 sexagensimum,
1602 2250 1697 2299 quo
1740 2237 1786 2283 ei
1826 2236 1927 2284 nati

239 2315 356 2358 sunt
395 2308 495 2369 filii,
536 2308 655 2357 illud
696 2307 1009 2357 memorabile
1051 2317 1151 2373 est,
1199 2309 1351 2373 quod,
1392 2324 1502 2358 cum
1543 2308 1613 2358 illi
1652 2307 1807 2358 Deum
1847 2323 1923 2356 ro-

238 2384 373 2448 ganti
405 2388 460 2431 ut
490 2389 689 2447 pareret
722 2397 846 2430 uxor
886 2383 1008 2447 eiuS,
1049 2397 1173 2446 quae
1215 2382 1396 2431 sterilis
1437 2389 1555 2448 erat,
1596 2383 1926 2431 'concessisset

238 2455 477 2506 Dominus
517 2454 649 2520 quod
689 2454 907 2521 petebat,
947 2462 1091 2520 atque
1133 2454 1338 2505 haberet
1375 2455 1455 2505 illa
1496 2461 1804 2521 conceptum,
1843 2470 1922 2519 ge-

239 2641 279 2688 G
357 2582 549 2686 4)2rGe7n.
582 2587 651 2639 25,
687 2587 731 2637 13
766 2586 789 2626 5
825 2597 890 2638 sq.
954 2584 998 2638 8)
1031 2583 1160 2627 Rom.
1196 2587 1244 2638 9,
1278 2588 1317 2627 8.
1382 2584 1428 2638 9)
1461 2581 1572 2626 Gen.
1606 2587 1683 2638 21,
1720 2587 1787 2627 12.
1851 2582 1923 2638 18)

283 2656 352 2687 en.
417 2660 457 2697 o,
522 2677 529 2685 .

359 2837 384 2876 8
431 2831 480 2875 in
533 2831 707 2876 semine
747 2845 834 2876 mss
879 2844 930 2885 v;
976 2832 1053 2876 sed
1107 2832 1163 2887 cf.
1211 2835 1327 2886 176,
1373 2835 1431 2876 19
1468 2833 1484 2888 ΙΙ
1525 2836 1578 2876 18
1618 2844 1678 2887 sq.
1722 2830 1924 2887 quinque

240 2903 323 2937 om.
355 2904 443 2935 mss
1858 2901 1862 2905 ·
