2004 3140
213 139 325 193 344
888 149 925 183 s.
949 148 1223 185 Anousnm

217 266 313 312 iam
353 263 646 312 maleficium
692 262 811 311 illud
859 263 1045 311 fecerat
1082 261 1284 329 Petrus,
1332 278 1390 312 ex
1436 265 1544 328 ipso
1583 278 1712 313 anno
1753 280 1903 328 quae-

218 337 429 386 rendum
476 344 573 402 est,
621 335 815 400 quando
863 337 1074 385 trecenti
1120 338 1370 400 sexaginta
1410 339 1628 401 quinque
1668 339 1902 403 completi

217 412 329 460 sint.
406 410 631 459 Mortuus
671 417 748 459 est
786 425 903 474 ergo
938 409 1163 459 Christus
1203 409 1396 459 duobus
1429 410 1647 460 Geminis
1688 413 1900 462 consuli-

217 483 311 533 bus
360 491 586 533 octavum
625 483 866 533 Kalendas
897 483 1091 548 Aprilis,
1151 483 1443 534 Resurrexit
1481 486 1628 534 tertio
1671 484 1764 551 die,
1805 487 1898 535 sic-

107 619 112 624 .
159 566 186 607 5
219 565 275 607 ut
336 557 543 623 apostoli
606 560 707 607 suis
766 559 914 607 etiam
977 556 1205 606 sensibus
1258 557 1605 622 probaverunt.
1712 558 1905 609 Deinde·

218 639 331 697 post
385 631 706 696 quadraginta
761 631 865 680 dies
919 631 1139 680 ascendit
1192 632 1243 679 in
1299 631 1508 697 caelun13
1563 640 1676 696 post
1729 633 1903 682 decem

217 705 339 771 dieS,
377 705 427 754 id
460 713 536 754 est
568 706 1010 770 quinquagensimo
1042 711 1155 769 post
1186 719 1324 754 suam
1355 707 1775 755 resurrectionem
1807 706 1905 772 die,

217 780 351 828 misit
400 779 640 844 Spiritum
687 786 925 828 sanctum.
1003 778 1143 827 Tunc
1190 779 1284 827 tria
1322 778 1454 827 milia
1494 779 1749 828 hominum
1788 794 1903 844 apo·

217 853 357 902 stolis
391 868 504 922 eum
535 851 935 918 praedicantibus
968 851 1300 901 crediderunt.
1379 852 1517 901 Tunc
1547 853 1713 917 itaque
1746 855 1905 902 nomi·

129 935 184 975 10
216 928 293 976 nis
333 925 465 975 illius
506 926 669 976 cultus
708 941 915 975 exorsus
955 933 1051 992 est,
1103 927 1232 975 sicut
1271 941 1360 974 nos
1401 926 1648 975 credimus
1689 933 1738 976 et
1775 928 1902 976 veri·

214 1007 289 1049 tas
342 999 516 1067 habet,
577 1001 794 1049 efficacia
849 999 1064 1064 Spiritus
1119 1001 1297 1064 sancti3
1359 1001 1488 1049 sicut
1541 1007 1707 1049 autem
1761 1000 1906 1049 finxit

213 1075 400 1123 vanitas
454 1075 602 1139 impia
656 1074 731 1123 vel
777 1075 986 1140 putavit,
1041 1075 1242 1138 magicis
1295 1072 1483 1122 artibus
1521 1073 1672 1123 Petri.
1747 1073 1904 1123 Paulo

214 1155 327 1212 post
367 1149 513 1197 etiam
554 1150 692 1212 signo
732 1147 943 1196 mirabili
982 1147 1126 1213 fact0,
1166 1146 1360 1211 quando
1401 1146 1460 1195 ad
1500 1146 1705 1196 verbum
1744 1149 1907 1212 ipsius

212 1221 350 1271 Petri
396 1221 595 1286 quidam
642 1221 898 1270 mendicus
945 1220 1005 1270 ab
1054 1227 1196 1270 utero
1243 1222 1414 1270 matris
1463 1222 1531 1270 ita
1571 1221 1798 1287 claudUS,
1847 1227 1902 1270 ut

129 1304 181 1345 15
215 1294 276 1344 ab
317 1295 423 1344 aliis
462 1304 746 1360 portaretur
779 1302 828 1344 et
866 1294 926 1343 ad
964 1301 1158 1359 portam
1197 1294 1383 1360 templi,
1422 1293 1507 1343 ubi
1547 1296 1727 1359 stipem
1766 1301 1902 1359 pete-

212 1376 305 1435 ret,
343 1377 629 1435 poneretur,
667 1371 718 1417 in
751 1371 947 1417 nomine
980 1368 1092 1417 Iesu
1126 1367 1309 1416 Christi
1340 1368 1501 1417 salvus
1534 1367 1720 1432 exiluit,
1759 1370 1904 1432 quin·

214 1457 311 1507 que
365 1442 622 1491 hominum
677 1442 806 1491 milia
861 1442 1202 1507 crediderunt3
1257 1457 1312 1490 ac
1367 1442 1543 1490 deinde
1593 1441 1700 1490 aliis
1751 1449 1900 1506 atque

214 1516 322 1564 aliis
376 1515 658 1565 accessibus
709 1515 1020 1580 credentium
1067 1517 1221 1565 crevit
1271 1514 1491 1564 ecclesia.
1567 1515 1637 1564 Ac
1674 1530 1765 1580 per
1803 1515 1899 1565 hoc

215 1589 464 1654 colligitur
504 1592 650 1638 etiam
689 1589 817 1656 dieS,
856 1605 915 1638 ex
956 1605 1052 1653 quo
1094 1604 1251 1638 annus
1290 1591 1396 1654 ipse
1437 1590 1647 1653 sumpsit
1685 1590 1902 1650 initium,

125 1674 183 1714 20
215 1663 405 1712 scilicet
450 1664 644 1727 quando
692 1665 873 1712 missus
921 1671 997 1712 est
1043 1662 1258 1727 Spiritus
1313 1669 1538 1728 sanctus,
1591 1661 1641 1711 id
1689 1670 1764 1712 est
1810 1677 1903 1727 per

213 1736 329 1786 Idus
368 1736 531 1786 Maias
608 1736 892 1786 Numeratis
937 1737 1143 1801 proinde
1185 1736 1471 1786 consulibus
1511 1738 1724 1786 trecenti
1764 1751 1900 1786 sexa-

213 1813 345 1875 ginta
394 1812 614 1875 quinque
662 1812 777 1860 anni
822 1812 1143 1875 reperiuntur
1191 1810 1379 1875 impleti
1418 1825 1508 1875 per
1547 1810 1744 1859 easdem
1783 1809 1903 1859 Idus

214 1883 473 1933 consulatu
519 1884 726 1933 Honorii
776 1892 826 1934 et
876 1883 1183 1949 Eutychiani.
1268 1883 1424 1932 Porro
1476 1885 1706 1948 sequenti
1758 1898 1902 1949 anno,

213 1957 415 2007 consule
454 1957 597 2007 Malio
638 1957 914 2024 TheodorO,
953 1958 1147 2022 quando
1187 1959 1284 2006 iam
1323 1957 1595 2006 secundum
1634 1956 1754 2006 illud
1794 1972 1900 2005 ora-

125 2040 182 2082 25
215 2031 381 2080 culum
444 2031 738 2080 daemonum
799 2039 884 2081 aut
944 2032 1232 2096 figmentum
1294 2031 1549 2080 hominum
1602 2030 1736 2079 nulla
1791 2045 1906 2079 esse

216 2103 388 2154 debuit
433 2104 605 2168 religio
654 2103 957 2171 Christiana,
1007 2105 1124 2169 quid
1164 2120 1253 2169 per
1293 2105 1409 2153 alias
1449 2111 1693 2153 terrarum
1733 2110 1905 2168 partes-

215 2178 423 2227 sorsitan
463 2178 646 2227 factum
686 2180 772 2242 sit,
818 2193 917 2227 non
958 2179 1050 2227 fuit
1089 2193 1292 2227 necesse
1332 2179 1644 2242 perquirere3
1684 2178 1905 2243 interim,

216 2251 347 2315 quod
388 2252 594 2317 scimuS,
640 2253 691 2300 in
739 2253 933 2300 civitate
974 2253 1230 2301 notissima
1270 2258 1319 2300 et
1357 2252 1743 2300 eminentissima
1783 2249 1897 2299 Car-

216 2324 413 2388 thagine
453 2325 644 2373 Africae
693 2324 996 2373 Gaudentius
1043 2331 1092 2374 et
1140 2324 1302 2373 Iovius
1342 2326 1547 2373 comites
1586 2325 1899 2389 imperatoris

125 2408 185 2448 30
214 2397 422 2447 Honorii
472 2405 647 2462 quarto
688 2398 877 2447 decimo
917 2397 1157 2447 Kalendas
1197 2397 1377 2463 Aprilis
1417 2397 1652 2447 falsorum
1692 2397 1900 2446 deorum

212 2471 393 2537 templa
433 2479 718 2522 everterunt
756 2479 805 2521 et
844 2472 1103 2521 simulacra
1143 2473 1412 2537 fregerunt.
1488 2470 1562 2519 Ex
1602 2486 1700 2535 quo
1739 2486 1903 2534 usque

333 2599 406 2654 17)
438 2598 537 2643 Act.
573 2603 614 2643 3.

333 2765 361 2803 4
388 2761 606 2804 octauum
630 2760 675 2804 R
698 2760 937 2817 (Draeyer,
962 2766 1078 2818 synt.
1095 2761 1251 2805 histor.
1269 2761 1302 2818 §
1328 2765 1463 2817 1719),-
1496 2762 1659 2805 oetavo
1690 2773 1715 2803 v
1739 2762 1754 2815 ΙΙ
1778 2759 1898 2816 apri-

214 2819 282 2862 les
313 2818 381 2862 122
405 2820 419 2874 ΙΙ
442 2819 581 2863 tertio
613 2819 704 2862 ΒΑ
718 2836 734 2873 ,·
773 2820 912 2864 tertia
941 2834 966 2864 v
990 2822 1005 2875 ll
1033 2825 1085 2864 16
1119 2819 1290 2864 Christi
1321 2833 1403 2864 om.
1436 2819 1481 2863 R
1504 2823 1519 2883 fl
1544 2818 1722 2863 exilivit
1750 2832 1776 2863 v
1800 2821 1815 2876 ll
1839 2823 1896 2862 24

215 2876 359 2921 malio
391 2891 502 2931 mss5
533 2877 694 2922 Mallio
726 2892 751 2922 v
1348 2916 1353 2921 «
