2004 3140
524 136 591 168 DE
616 133 855 168 CIVITATE
879 134 969 167 DEI
992 135 1036 168 L.
1063 135 1166 167 XXI.
1191 135 1228 168 c.
1253 137 1284 168 4.
1310 137 1341 169 5.
1665 125 1775 177 495

85 248 370 314 rapiebatur
409 263 436 296 a
474 247 648 313 lapide.
726 246 836 295 Dixi
874 247 1006 310 quod
1047 250 1153 312 ipse
1193 250 1451 314 conspexi,
1503 249 1604 298 dixi
1644 250 1776 314 quod

88 323 147 372 ab
188 323 271 372 illo
319 322 505 388 audivi,
552 323 634 371 cui
679 327 928 384 tamquam
974 323 1079 386 ipse
1121 321 1327 371 viderim
1368 322 1569 372 credidi.
1648 323 1777 382 Quid

91 399 239 447 etiam
270 396 330 445 de
361 397 456 444 isto
489 402 713 460 magnete
747 394 950 459 legerim
991 395 1164 445 dicam.
1242 395 1448 454 Quando
1489 399 1624 447 iuxta
1665 413 1779 447 eum

84 473 288 536 ponitur
327 469 579 530 adamanS,
635 484 734 518 non
782 470 910 534 rapit
956 469 1171 536 ferrum,
1225 476 1275 519 et
1315 472 1357 518 si
1394 472 1489 519 iam
1530 478 1778 539 rapuerat,

86 551 142 594 ut
195 545 242 593 ei
295 543 784 608 adpropinquaverit,
839 558 951 591 mox
1004 545 1227 592 remittit.
1303 543 1439 592 India
1487 546 1638 594 mittit
1686 545 1776 594 hos
1809 551 1835 592 5

89 617 305 684 lapides;
347 617 432 666 sed
473 619 515 666 si
554 633 640 666 eos
679 632 771 665 nos
812 618 1034 681 cognitos
1074 618 1170 666 iam
1209 616 1494 667 desistimus
1534 618 1780 680 admirari,

89 698 277 756 quanto
342 693 495 755 magis
550 691 646 757 illi,
700 706 727 739 a
781 690 960 754 quihus
1013 692 1234 757 veniunt,
1289 693 1330 740 si
1385 706 1470 740 eos
1524 692 1780 742 facillimos

85 765 296 831 habent,
348 766 419 814 sic
466 766 674 814 forsitan
711 763 916 830 habent,
970 771 1027 813 ut
1075 779 1166 813 nos
1207 764 1412 826 calcem,
1470 781 1615 829 quam
1653 768 1778 825 miro

22 878 29 880 a
87 839 238 888 modo
272 853 396 903 aqua
429 839 803 903 fervescentem,
844 853 936 902 qua
979 837 1104 887 solet
1140 840 1268 903 ignis
1308 841 1544 905 extingui,
1584 847 1633 889 et
1671 840 1779 889 oleo

88 928 191 962 non
231 913 607 978 fervescentem,
647 928 744 977 quo
785 912 910 961 solet
948 914 1076 977 ignis
1116 912 1332 978 accendi,
1372 915 1484 977 quia
1523 916 1573 963 in
1614 929 1777 979 prom·
1812 924 1867 964 10

85 994 178 1052 ptu
217 986 360 1035 nobis
401 992 497 1052 est,
536 1001 636 1035 non
676 988 927 1035 miramur.

783 1157 976 1212 CAPUT
1017 1159 1083 1212 V.

127 1267 331 1326 Quanta
369 1269 491 1334 sint„
524 1281 738 1328 quorum
777 1269 914 1316 ratio
953 1273 1172 1327 nequeat
1211 1269 1443 1328 aquoso-i,
1483 1273 1533 1317 et
1571 1274 1738 1318 tamen

253 1351 263 1359 ·
398 1343 572 1390 eadem
613 1355 736 1390 vera
776 1356 883 1390 esse
920 1355 1021 1390 non
1059 1343 1126 1389 sit
1164 1343 1469 1402 ambz‘quum.

231 1443 413 1493 Verum
452 1450 618 1493 tamen
653 1443 878 1493 homines
917 1443 1163 1509 infideleS,
1204 1445 1302 1508 qui,
1343 1459 1457 1493 cum
1497 1444 1658 1493 divina
1699 1444 1774 1493 vel
1809 1454 1862 1494 15

82 1519 351 1583 praeterita
390 1517 467 1566 vel
506 1518 672 1567 futura
712 1517 947 1567 miracula
986 1517 1352 1583 praedicamuS,
1393 1533 1518 1582 quae
1558 1518 1653 1568 illis
1695 1533 1774 1567 ex-

82 1591 320 1656 perienda
359 1606 459 1640 non
497 1591 715 1640 valemus
755 1591 1034 1657 ostendere,
1074 1593 1316 1641 rationem
1356 1607 1383 1640 a
1422 1591 1565 1640 nobis
1605 1607 1775 1641 earum

83 1665 304 1729 flagitant
353 1680 550 1732 rerum,
605 1680 751 1730 quam
810 1667 1042 1728 quoniam
1099 1680 1198 1713 non
1247 1681 1514 1730 possumus
1564 1666 1774 1715 reddere

85 1732 359 1806 (excedunt
405 1740 537 1788 enim
583 1741 714 1788 vires
753 1740 934 1788 mentis
979 1734 1268 1805 humanae),
1325 1740 1606 1787 existimant
1656 1739 1775 1787 salsa

85 1827 194 1861 esse
229 1827 353 1876 quae
387 1812 612 1879 dicimUS,
651 1813 747 1877 ipsi
778 1812 838 1861 de
872 1819 946 1861 tot
982 1811 1290 1861 mirabilibus
1329 1811 1496 1879 rebUS,
1537 1828 1658 1876 quas
1697 1811 1774 1861 vel
1806 1823 1861 1862 20

82 1886 252 1935 videre
298 1899 565 1951 possumus
610 1886 688 1935 vel
733 1885 980 1952 videmuS,
1031 1885 1213 1935 debent
1258 1886 1468 1935 reddere
1517 1888 1772 1935 rationem.

86 1959 230 2018 Quod
271 1961 312 2008 si
350 1960 460 2009 fieri
499 1959 558 2009 ab
597 1960 796 2008 homine
837 1975 936 2008 non
974 1975 1120 2024 posse
1159 1960 1481 2027 perviderint,
1520 1960 1774 2009 fatendum

85 2040 161 2082 est
201 2035 273 2098 eis
305 2049 404 2082 non
436 2033 548 2083 ideo
581 2033 762 2098 aliquid
797 2049 896 2082 non
936 2034 1090 2082 fuisse
1128 2033 1206 2082 vel
1244 2049 1344 2082 non
1383 2034 1607 2082 futurum
1648 2048 1773 2098 esse,

85 2108 199 2171 quia
252 2109 376 2156 ratio
427 2107 541 2156 inde
589 2122 688 2156 non
734 2114 898 2172 potest
944 2107 1114 2174 reddi,
1162 2107 1357 2172 quando
1407 2107 1606 2171 quidem
1657 2114 1773 2156 sunt

82 2182 199 2247 ista,
249 2180 308 2230 de
358 2180 537 2245 quibus
585 2180 812 2230 similiter
858 2196 957 2229 non
1003 2187 1181 2246 potest.
1257 2181 1367 2229 Non
1413 2183 1579 2245 itaque
1618 2195 1771 2246 pergo
1805 2190 1860 2230 25

85 2269 178 2320 per
216 2254 453 2321 plurima,
493 2269 618 2319 quae
657 2254 884 2304 mandata
923 2261 1040 2304 sunt
1078 2255 1271 2318 litteris,
1310 2270 1409 2303 non
1449 2262 1585 2319 gesta
1624 2260 1772 2318 atque

84 2334 353 2394 transacta,
402 2328 489 2377 sed
527 2330 578 2377 in
617 2328 738 2378 locis
779 2327 1059 2392 quibusque
1099 2330 1368 2394 manentia3
1420 2343 1518 2392 quo
1558 2330 1600 2377 si
1641 2329 1771 2392 quis·

85 2415 231 2465 quam
262 2403 335 2450 ire
366 2401 578 2451 voluerit
609 2409 659 2452 et
688 2403 921 2467 potuerit,
959 2409 1129 2451 utrum
1168 2417 1281 2451 vera
1322 2404 1436 2467 sint,
1475 2400 1774 2466 explorabit3

85 2473 171 2522 sed
202 2489 358 2538 pauca
398 2490 744 2524 commemora
820 2475 1196 2540 Agrigentinum
1237 2475 1430 2524 Siciliae
1471 2475 1619 2523 salem
1659 2489 1770 2538 per-

83 2545 271 2613 hibent,
312 2563 424 2597 cum
463 2549 615 2598 fuerit
654 2549 878 2598 admotus
917 2550 1042 2615 igni,
1080 2548 1215 2597 velut
1252 2550 1303 2596 in
1342 2563 1468 2612 aqua
1505 2547 1769 2613 fluescere3
1801 2557 1859 2598 30

86 2635 200 2669 cum
238 2635 354 2669 vero
386 2623 482 2686 ipsi
513 2637 682 2688 aquae,
719 2621 854 2671 velut
883 2624 935 2670 in
967 2624 1079 2686 igne
1121 2623 1378 2686 crepitare.
1441 2620 1581 2685 Apud
1623 2620 1767 2670 Gara-

87 2699 275 2742 mantas
317 2694 560 2757 quendam
600 2696 786 2744 fontem
825 2701 925 2743 tam
965 2694 1197 2759 frigidum
1238 2694 1427 2760 diebus,
1465 2700 1522 2744 ut
1560 2710 1659 2744 non
1698 2693 1769 2744 bi-

206 2869 260 2908 22
293 2864 495 2909 uiderint
525 2864 571 2908 R
