2054 3152
638 184 704 216 m:
728 182 968 216 01v1'rA'rE
993 183 1081 216 DEI
1103 183 1146 216 L.
1170 183 1273 217 xlv.
1297 185 1334 218 c,
1359 186 1390 218 9.
1793 171 1865 224 25

180 299 390 348 dictum:
452 297 617 346 Timor
667 297 872 345 Domini
927 302 1097 345 castus
1143 311 1452 358 permanens
1503 300 1554 346 in
1607 299 1866 347 saeculum

181 373 404 432 saeculi,
459 385 607 434 quem
661 370 721 418 ad
776 368 977 418 modum
1032 369 1218 418 dictum
1273 377 1370 419 est:
1431 371 1687 420 Patientia
1735 386 1864 433 pau-

175 459 357 508 perum
409 459 510 494 non
559 445 751 506 peribit
800 445 852 491 in
907 449 1182 492 aeternum.
1259 443 1430 507 Neque
1483 446 1612 493 enim
1664 451 1867 492 aeterna

182 521 278 568 crit
315 520 421 584 ipsa
453 519 704 584 patientia,
744 531 868 581 quae
901 518 1179 565 necessaria
1212 532 1311 564 non
1351 524 1446 583 est,
1487 518 1582 566 nisi
1621 516 1706 566 ubi
1746 517 1864 566 tole-

182 591 333 641 randa
373 599 488 641 sunt
534 590 679 657 mala3
727 589 814 640 sed
854 595 1111 639 aeternum
1151 591 1267 656 erit,
1315 605 1412 654 quo
1451 606 1542 655 per
1580 592 1866 655 patientiam

182 667 483 730 pervenitur.
561 665 632 714 Ita
664 665 872 714 fortasse
905 665 1053 712 timor
1094 670 1259 712 castus
1298 665 1350 712 in
1390 663 1643 713 saeculum
1684 663 1868 713 saeculi

183 740 344 788 dictus
378 746 454 788 est
484 754 792 805 permanere,
832 739 945 801 quia
983 737 1032 786 id
1071 737 1395 805 permanebit,
1436 753 1533 802 quo
1574 739 1722 786 timor
1759 739 1865 802 ipse

181 813 423 878 perducit.

333 887 467 945 Quae
509 901 620 935 cum
660 888 726 935 ita
767 887 886 948 sint,
934 886 1164 949 quoniam
1204 891 1339 934 recta
1378 887 1475 934 vita
1515 884 1739 934 ducenda
1778 892 1868 950 est,

182 976 279 1025 qua
311 960 699 1025 perveniendum
731 961 794 1008 sit
825 959 884 1007 ad
917 958 1124 1025 beatam,
1164 974 1334 1008 omnes
1367 960 1572 1008 affectus
1610 961 1733 1008 istos
1771 960 1869 1007 vita

185 1042 319 1083 recta
352 1040 516 1082 rectos
548 1033 709 1099 habet,
747 1047 980 1098 perversa
1011 1048 1285 1097 perversos,
1346 1032 1494 1082 Beata
1528 1048 1643 1081 vero
1677 1032 1867 1081 eadem-

185 1123 280 1172 que
337 1114 536 1156 aeterna
590 1122 807 1155 amorem
857 1105 1058 1155 habebit
1097 1113 1146 1155 et
1184 1106 1415 1170 gaudium
1456 1121 1554 1155 non
1595 1105 1752 1154 solum
1792 1121 1868 1154 re-

185 1189 342 1247 ctum,
396 1195 567 1229 verum
615 1182 764 1228 etiam
804 1186 1020 1244 certum3
1060 1181 1290 1228 timorem
1329 1187 1493 1228 autem
1540 1194 1596 1227 ac
1648 1179 1869 1228 dolorem

183 1254 387 1304 nullum.
465 1253 602 1302 Unde
628 1255 724 1302 iam
757 1259 958 1318 apparet
989 1259 1275 1319 utcumque,
1315 1252 1484 1317 quales
1517 1267 1625 1301 esse
1659 1251 1870 1301 debeant

183 1331 234 1377 in
274 1328 364 1377 hac
411 1329 808 1393 peregrinatione
857 1329 989 1376 cives
1029 1328 1239 1375 civitatis
1278 1325 1388 1392 Dei,
1435 1328 1653 1375 viventes
1694 1341 1868 1375 secun-

185 1402 302 1451 dum
342 1403 596 1468 spiritum,
634 1416 734 1450 non
775 1400 1048 1450 secundum
1089 1415 1311 1466 carnem,
1348 1400 1442 1449 hoc
1483 1407 1560 1449 est
1598 1399 1870 1449 secundum

185 1475 366 1541 Deum,
420 1491 520 1524 non
568 1474 842 1524 secundum
887 1474 1164 1539 hominem,
1220 1481 1270 1523 et
1317 1474 1485 1538 quales
1524 1475 1575 1522 in
1614 1473 1717 1540 illa,
1772 1489 1870 1537 quo

186 1549 419 1615 tendunt,
473 1548 822 1598 inmortalitate
872 1549 1028 1597 futuri
1076 1549 1188 1597 sint..
1267 1547 1447 1597 Civitas
1486 1562 1658 1613 porr0,
1704 1547 1754 1596 id
1796 1554 1872 1595 est

186 1625 419 1690 societas,
464 1624 730 1687 impiorum
777 1637 876 1670 non
925 1621 1198 1670 secundum
1238 1621 1416 1688 Deum,
1471 1621 1558 1670 sed
1598 1621 1871 1670 secundum

184 1697 434 1745 hominem
471 1698 740 1744 viventium
787 1702 835 1744 et
882 1698 934 1744 in
973 1697 1080 1760 ipso
1121 1695 1258 1744 cultu
1297 1695 1444 1744 salsae
1486 1701 1869 1760 contemptuque

188 1784 330 1818 verae
379 1770 645 1818 divinitatis
692 1768 942 1817 doctrinas
993 1769 1247 1817 hominum
1287 1769 1639 1817 daemonumve
1681 1774 1869 1816 sectan-

189 1845 310 1892 tium
357 1843 434 1891 his
482 1841 738 1891 affectibus
783 1843 947 1906 pravis
994 1848 1243 1906 tamquam
1291 1841 1476 1890 morbis
1525 1847 1574 1890 et
1613 1840 1870 1906 perturba-

188 1915 404 1965 tionibus
444 1917 678 1980 quatitur.
754 1914 818 1964 Et
868 1917 910 1963 si
950 1930 1075 1979 quos
1115 1917 1245 1964 cives
1283 1914 1453 1979 habet,
1501 1916 1586 1978 qui
1625 1914 1871 1963 moderari

185 1989 364 2039 talibus
396 1989 611 2038 motibus
651 1995 701 2038 et
740 2004 825 2037 eos
865 1989 1005 2052 quasi
1043 1995 1320 2053 temperare
1359 1988 1633 2053 videantur,
1674 1989 1743 2036 sic
1782 1989 1870 2035 im-

187 2065 370 2127 pietate
403 2061 605 2128 superbi
637 2070 687 2111 et
718 2062 828 2110 elati
863 2068 993 2128 sunt,
1031 2068 1088 2111 ut
1118 2061 1213 2110 hoc
1243 2063 1350 2127 ipso
1384 2063 1483 2110 sint
1521 2063 1571 2110 in
1612 2063 1683 2110 eis
1723 2062 1869 2109 maio-

190 2152 271 2185 res
310 2144 553 2203 tumores‚
601 2151 698 2200 quo
747 2137 965 2184 minores
1005 2135 1214 2184 dolores.
1290 2135 1354 2184 Et
1393 2137 1434 2183 si
1473 2134 1697 2183 nonnulli
1734 2141 1870 2183 tanto

190 2212 486 2276 inmanium,
534 2215 717 2273 quanto
763 2210 974 2270 rariore,
1022 2210 1233 2258 vanitate
1279 2209 1373 2257 hoc
1418 2211 1470 2256 in
1525 2223 1576 2257 se
1631 2209 1751 2272 ipsis
1790 2207 1870 2256 ad-

132 2288 141 2295 *
189 2284 472 2349 amaverint,
516 2290 573 2332 ut
610 2281 744 2331 nullo
776 2297 983 2346 prorsus
1014 2284 1268 2346 erigantur
1300 2289 1350 2331 et
1388 2283 1687 2347 excitentur,
1731 2280 1870 2334 ‚nullo

189 2357 452 2406 flectantur
507 2362 652 2420 atque
707 2355 1009 2405 inclinentur
1063 2357 1262 2405 affectu:
1316 2355 1667 2404 humanitatem
1721 2361 1871 2403 totam

186 2432 352 2495 potius
392 2431 646 2495 amittunt,
685 2443 831 2493 quam
871 2444 1035 2479 veram
1076 2429 1416 2493 adsequuntur
1453 2427 1871 2492 tranquillitatem.

188 2503 296 2551 Non
330 2505 460 2552 enim
493 2505 607 2567 quia
639 2503 817 2551 durum
852 2501 1049 2569 aliquid,
1087 2503 1198 2551 ideo
1239 2509 1454 2569 rectum,
1493 2509 1577 2551 aut
1616 2502 1728 2566 quia
1769 2507 1869 2549 stu-

187 2575 358 2640 pidum
397 2583 488 2643 est,
526 2577 636 2625 ideo
678 2590 864 2626 sanum.

306 2719 351 2772 3)
383 2717 455 2763 Ps.
488 2722 528 2772 9,
564 2722 631 2761 19.
693 2720 767 2774 26)
799 2718 872 2762 Ps.
908 2722 977 2772 18,
1014 2721 1079 2761 10.

307 2882 363 2921 30
396 2878 710 2934 adsequuntur
742 2893 851 2932 mss;
883 2880 1188 2933 assequantur
1218 2892 1244 2922 v

1901 970 1956 1010 10

1904 1336 1956 1376 15

1903 1705 1959 1744 20

1903 2071 1961 2110 25

1904 2438 1962 2477 30
