2004 3140
99 1025 152 1064 10

99 1394 152 1433 15

99 1764 156 1803 20

99 2131 155 2171 25

100 2500 157 2540 30

186 123 294 175 566
863 133 897 166 s,
922 133 1196 167 Aueusrnu

843 285 1036 340 CAPUT
1069 287 1218 340 VIII.

185 397 260 444 De
291 397 566 453 miraculis7
600 409 730 454 quae
762 399 818 443 ut
849 397 1064 443 mundus
1097 397 1147 443 in
1179 395 1429 444 Christum
1461 397 1698 445 crederet
1722 394 1869 457 facta

381 473 499 516 sunt
537 474 584 516 et
618 470 741 527 fieri
777 470 963 517 mundo
1005 470 1243 534 credente
1281 483 1380 518 non
1421 471 1668 519 desinunt.

333 571 453 635 Cur,
500 573 751 635 inquiunt,
801 587 933 620 nunc
983 571 1063 620 illa
1103 571 1362 637 miracula,
1414 587 1538 636 quae
1577 572 1870 636 praedicatis

188 647 313 695 facta
353 661 487 705 esse,
529 661 627 694 non
667 642 830 695 fiunt‘?
905 646 1109 694 Possem
1149 645 1348 710 quidem
1388 645 1554 694 dicere
1593 647 1871 694 necessaria

186 721 361 785 fuisse,
407 721 697 784 priusquam
747 719 975 769 crederet
1025 719 1266 784 mundUS,
1321 719 1380 768 ad
1420 719 1513 768 hoc
1552 726 1608 768 ut
1647 718 1872 769 crederet

186 793 413 842 mundus.
492 792 726 856 Quisquis
759 793 917 842 adhuc
949 793 1170 858 prodigia
1210 800 1264 842 ut
1305 793 1472 842 credat
1510 794 1731 859 inquirit,
1772 807 1869 841 ma-

186 883 340 932 gnum
389 873 464 915 est
509 868 615 930 ipse
653 867 955 933 prodigium,
1004 869 1090 931 qui
1129 867 1312 916 mundo
1354 866 1588 915 credente
1627 882 1726 915 non
1766 882 1870 915 cre-

187 942 271 990 dit.
349 940 530 989 Verum
576 940 671 989 hoc
716 941 827 990 ideo
876 941 1067 1006 dicunt,
1114 947 1169 990 ut
1215 957 1307 990 nec
1358 948 1477 990 tunc
1516 940 1596 989 illa
1635 940 1869 990 miracula

184 1016 309 1064 facta
364 1015 516 1063 fuisse
573 1014 851 1064 credantur.
937 1014 1077 1063 Unde
1133 1030 1250 1079 ergo
1307 1021 1440 1064 tanta
1494 1014 1588 1063 fide
1645 1014 1870 1063 Christus

183 1103 540 1153 usquequaque
595 1095 820 1138 cantatur
882 1091 932 1137 in
995 1088 1186 1138 caelum
1239 1103 1351 1138 cum
1407 1103 1553 1137 carne
1611 1085 1908 1137 sublatus?>

185 1163 323 1212 Unde
363 1162 669 1227 temporibus
716 1163 923 1211 eruditis
972 1169 1021 1211 et
1060 1178 1205 1211 omne
1246 1162 1379 1226 quod
1418 1163 1527 1211 fieri
1566 1177 1663 1210 non
1703 1169 1868 1226 potest

184 1236 533 1302 respuentibus
582 1238 687 1285 sine
743 1237 855 1285 ullis
907 1236 1156 1285 miraculis
1207 1238 1412 1285 nimium
1458 1235 1750 1289 mirabiliter
1797 1238 1869 1284 in-

186 1310 438 1360 credibilia
478 1310 687 1359 credidit
727 1307 978 1375 mundus?
1053 1310 1128 1358 An
1167 1310 1295 1358 forte
1335 1309 1588 1359 credibilia
1627 1310 1778 1358 fuisse
1820 1317 1870 1359 et

185 1385 295 1434 ideo
345 1384 530 1433 credita
578 1399 686 1433 esse
735 1384 915 1433 dicturi
965 1380 1115 1432 sunt?
1192 1383 1293 1432 Cur
1333 1398 1450 1447 ergo
1490 1385 1585 1447 ipsi
1624 1399 1723 1431 non
1763 1398 1868 1432 cre-

185 1455 343 1508 dunt?
418 1457 589 1506 Brevis
639 1464 715 1506 est
760 1458 912 1521 igitur
959 1464 1127 1506 nostra
1177 1457 1474 1521 complexio:
1525 1457 1622 1506 Aut
1660 1457 1870 1506 incredi-

184 1532 296 1581 bilis
329 1533 416 1597 rei,
457 1546 580 1595 quae
612 1546 712 1579 non
745 1531 1014 1597 videbatur,
1053 1531 1144 1579 alia
1182 1530 1502 1597 incredibilia,
1543 1546 1666 1595 quae
1707 1538 1871 1580 tamen

186 1606 367 1655 fiebant
414 1612 462 1654 et
508 1604 826 1670 videbantur,
874 1606 1101 1654 fecerunt
1146 1604 1314 1670 fidem3
1363 1612 1447 1653 aut
1493 1612 1628 1654 certe
1676 1620 1757 1654 res
1805 1606 1871 1654 ita

187 1679 459 1743 credibiliS,
515 1685 569 1727 ut
623 1678 770 1727 nullis
827 1678 1006 1743 quibus
1059 1678 1444 1743 persuaderetur
1499 1678 1750 1728 miraculis
1800 1681 1872 1727 in-

189 1754 401 1818 digeret,
448 1755 657 1802 istorum
706 1754 905 1801 nimiam
953 1752 1206 1816 redarguit
1243 1752 1593 1801 infidelitatem.
1670 1752 1774 1801 Hoc
1815 1752 1873 1800 ad

189 1827 485 1876 refellendos
539 1828 829 1875 vanissimos
882 1826 1106 1875 dixerim.
1197 1825 1320 1874 Nam
1374 1826 1502 1874 facta
1556 1841 1664 1875 esse
1722 1825 1873 1875 multa

186 1901 442 1966 miracula,
498 1915 621 1964 quae
683 1900 1047 1949 adtestarentur
1097 1899 1167 1948 illi
1222 1901 1308 1948 uni
1362 1899 1535 1964 grandi
1589 1899 1871 1963 salubrique

188 1974 446 2040 miracuIO,
497 1989 594 2038 quo
635 1973 861 2023 Christus
912 1976 962 2022 in
1003 1973 1192 2022 caelum
1233 1989 1346 2022 cum
1385 1989 1531 2022 carne
1571 1976 1621 2022 in
1663 1989 1757 2038 qua
1797 1989 1872 2021 re-

187 2050 403 2098 surrexit
435 2047 669 2112 ascendit,
702 2063 881 2112 negare
914 2063 1013 2096 non
1044 2062 1322 2111 possumus
1383 2047 1440 2096 In
1472 2047 1657 2096 eisdem
1691 2049 1871 2111 quippe

188 2123 515 2171 veracissimis
561 2120 699 2170 libris
751 2128 928 2170 cuncta
976 2123 1255 2185 conscripta
1303 2128 1444 2187 sunt,
1494 2128 1543 2169 et
1582 2137 1705 2185 quae
1746 2120 1870 2169 facta

189 2203 331 2261 sunt,
383 2202 431 2243 et
475 2201 680 2259 propter
720 2194 850 2258 quod
891 2194 1197 2243 eredendum
1236 2195 1362 2243 facta
1403 2202 1531 2243 sunt.
1608 2194 1766 2259 Haec,
1819 2201 1872 2242 ut

187 2269 334 2317 fidem
380 2269 624 2332 facerent,
662 2269 1013 2332 innotuerunt,
1052 2267 1173 2315 haec
1212 2282 1302 2331 per
1339 2267 1508 2333 fidem,
1559 2283 1705 2331 quam
1745 2268 1871 2316 fece-

187 2349 321 2408 runt,
359 2341 512 2390 multo
554 2341 733 2390 clarius
771 2343 1103 2389 innotescunt.
1179 2339 1436 2404 Leguntur
1475 2343 1656 2405 quippe
1696 2343 1747 2390 in
1786 2355 1871 2405 po-

186 2416 347 2480 puliS,
403 2422 457 2464 ut
511 2415 797 2479 credantur,
845 2429 936 2463 nec
983 2416 1034 2462 in
1085 2413 1280 2478 populis
1327 2421 1491 2463 tamen
1538 2417 1633 2463 nisi
1685 2414 1871 2463 credita

188 2489 485 2553 legerentur.
561 2488 682 2537 Nam
731 2489 878 2536 etiam
923 2503 1054 2536 nunc
1101 2487 1226 2536 fiunt
1271 2487 1504 2537 miracula
1543 2490 1594 2537 in
1636 2489 1742 2536 eius
1783 2503 1866 2536 no-

188 2565 346 2628 mine,
402 2564 501 2610 sive
548 2577 638 2626 per
686 2567 989 2610 sacramenta
1037 2562 1143 2609 eius
1209 2563 1308 2609 sive
1357 2577 1447 2625 per
1494 2563 1741 2611 orationes
1796 2560 1871 2609 vel

187 2638 450 2684 memorias
506 2642 788 2684 sanctorum
844 2637 972 2700 eius3
1027 2633 1113 2683 sed
1164 2649 1262 2682 non
1315 2635 1484 2683 eadem
1532 2635 1750 2684 claritate
1799 2636 1870 2682 in·

189 2709 476 2773 lustrantur,
516 2715 571 2757 ut
610 2715 742 2757 tanta
782 2716 962 2772 quanta
1000 2708 1079 2756 illa
1119 2707 1271 2772 gloria
1311 2708 1636 2758 diffamentur.
1705 2707 1870 2756 Canon

194 2785 376 2847 quippe
417 2797 666 2831 sacrarum
705 2782 1006 2847 litterarum,
1046 2796 1193 2845 quem
1233 2781 1488 2830 definitum
1527 2796 1636 2830 esse
1676 2788 1869 2845 oporte-

101 2865 159 2904 35
191 2854 288 2921 bat,
327 2855 407 2904 illa
446 2855 560 2904 facit
610 2854 793 2919 ubique
835 2856 1036 2904 recitari
1075 2860 1124 2903 et
1162 2856 1425 2903 memoriae
1467 2861 1760 2904 cunctorum
1799 2855 1870 2902 in-
