2044 3146
547 177 615 208 DE
638 173 877 209 crwtrA'rE
899 175 990 209 nm
1013 175 1056 209 L.
1079 175 1204 209 xv11.
1230 175 1267 211 c.
1292 177 1324 211 5.
1667 147 1778 217 213

93 291 217 340 duos
249 290 383 350 filios
422 289 532 339 'tuos
569 291 681 355 hos',
728 289 894 353 Ophni
931 294 980 339 et
1018 289 1260 339 Phineos:
1298 303 1403 339 una
1443 289 1525 355 die
1562 290 1776 340 morien-

92 371 176 413 tur
231 363 388 413 ambo.
477 363 545 412 Et
591 360 846 422 suscitabo
893 364 1019 412 mihi
1060 360 1376 414 sacerdotem
1415 364 1638 425 fidelem,
1692 365 1782 426 qui

91 439 274 499 omnia,
313 436 445 499 quae
475 438 528 487 in
562 436 718 487 corde
748 451 855 487 meo
895 443 943 487 et
974 451 1105 499 quae
1137 438 1188 487 in
1221 438 1392 486 anima
1422 435 1549 499 med,
1583 436 1780 500 faciat,-

91 517 140 562 et
169 510 454 571 aedificabo
485 511 536 561 ei
565 513 761 561 domum
780 508 996 572 fidelem,
1028 517 1078 561 et
1108 512 1348 561 transibit
1378 525 1552 561 coram
1583 512 1781 563 Christo
1823 576 1826 579 .

91 599 198 636 meo
246 585 475 649 omnibus
522 586 709 636 diebus.
787 585 856 634 Et
894 588 1014 652 erit³
1060 587 1150 646 qui
1185 587 1507 648 superaverit
1545 588 1596 634 in
1637 583 1781 653 domo
1813 593 1839 636 5

93 661 203 722 tua,
251 660 416 710 veniet
461 659 686 709 adorare
726 662 774 708 ez·
825 661 966 709 obolo
1015 661 1221 720 arqentz·
1266 660 1465 709 dicens:
1519 660 1666 709 Iacca
1706 673 1783 710 mo

94 735 146 783 'in
185 747 337 783 unam
370 739 573 796 partem
611 735 892 784 sacerdotii
927 735 1005 782 tui
1040 734 1358 783 manducare
1389 747 1590 795 panem.

242 806 351 870 Non
393 813 467 856 est
505 813 560 856 ut
601 807 794 856 dicatur
832 808 926 856 ista
964 805 1238 873 prophetia,
1276 806 1362 856 uhi
1402 804 1665 857 Sacerdotii
1703 822 1782 870 ve-

95 883 218 931 teris
249 887 382 930 tanta
415 881 810 930 manifestatione
849 881 1192 946 praenuntiata
1232 881 1437 930 mutatio
1478 888 1569 947 est,
1607 883 1658 929 in
1700 880 1783 930 Sa-

97 955 259 1004 muele
311 955 463 1004 fuisse
517 954 772 1020 completa.
850 950 1182 1021 (Quamquam
1223 956 1355 1004 enim
1396 969 1495 1004 non
1537 962 1670 1004 esset
1721 954 1781 1004 dte
1816 965 1871 1005 10

98 1028 187 1077 alia
229 1027 359 1078 tribu
395 1027 607 1095 Samuel,
647 1043 791 1092 quam
834 1043 956 1093 quae
998 1029 1264 1078 constituta
1303 1027 1466 1078 fuerat
1504 1044 1530 1077 a
1561 1026 1784 1096 Domino,

95 1109 151 1152 ut
189 1103 398 1151 serviret
444 1102 607 1169 altari,
658 1108 821 1152 tamen
869 1118 969 1151 non
1010 1108 1115 1151 erat
1154 1101 1213 1151 de
1254 1101 1367 1151 filiis
1407 1102 1592 1169 Aaron,
1641 1104 1784 1152 euius

92 1177 356 1242 progenies
389 1177 551 1225 suerat
582 1176 827 1240 deputata,
867 1176 998 1225 unde
1038 1177 1215 1225 fierent
1255 1175 1560 1242 sacerdotes3
1599 1189 1654 1226 ae
1693 1191 1784 1241 per

93 1250 187 1299 hoc
218 1251 269 1298 in
303 1264 358 1298 ea
392 1265 589 1314 quoque
621 1265 675 1298 re
716 1258 853 1314 gesta
893 1249 1063 1299 eadem
1102 1251 1309 1299 mutatio
1351 1264 1476 1315 quae
1515 1265 1607 1316 per
1646 1249 1782 1299 Chri-
1826 1312 1859 1315 .,

93 1330 225 1373 stum
263 1322 428 1372 Iesum
467 1324 634 1373 futura
673 1323 849 1390 suerat,
889 1323 1175 1374 adumbrata
1216 1330 1306 1391 est,
1345 1331 1395 1372 et
1434 1323 1493 1373 ad
1531 1330 1673 1374 vetus
1712 1330 1781 1374 te·
1817 1334 1871 1374 15

94 1403 392 1447 stamentum
445 1399 674 1464 proprie,
728 1398 935 1463 figurate
991 1413 1107 1447 vero
1157 1397 1440 1463 pertinebat
1491 1397 1549 1447 ad
1600 1413 1785 1448 novum

91 1470 350 1538 prophetia
391 1471 507 1521 sacti
546 1472 693 1520 etiam
731 1473 852 1539 ipsa,
891 1488 991 1521 non
1030 1471 1194 1538 verbi,
1232 1471 1281 1520 id
1323 1471 1513 1521 seilicet
1551 1472 1679 1521 sacto
1721 1473 1782 1522 si-

95 1545 355 1612 gnifieanS,
395 1545 526 1610 quod
566 1545 716 1594 verbo
758 1545 815 1594 ad
856 1545 966 1595 Heli
1006 1546 1313 1595 sacerdotem
1353 1545 1540 1596 dictum
1579 1552 1656 1595 est
1694 1561 1784 1611 per

93 1613 426 1686 prophetam.)
515 1618 637 1668 Nam
685 1620 888 1669 fuerunt
932 1626 1104 1685 postea
1150 1619 1432 1670 sacerdotes
1486 1634 1546 1669 ex
1600 1635 1782 1686 genere

95 1692 284 1759 Aaron,
339 1694 468 1742 sieut
507 1692 664 1742 Sadoc
714 1699 763 1742 et
800 1693 1058 1759 Abiathar,
1105 1699 1342 1758 regnante
1382 1693 1558 1760 David,
1606 1701 1656 1744 et
1702 1693 1782 1743 alii
1813 1704 1870 1745 20

99 1766 355 1833 deincepS,
410 1773 671 1831 antequam
725 1774 921 1832 tempus
976 1768 1193 1832 veniret,
1242 1782 1338 1831 quo
1385 1769 1501 1834 ista,
1548 1783 1672 1832 quae
1721 1767 1782 1817 de

98 1839 374 1889 sacerdotio
424 1839 660 1889 mutando
708 1846 843 1889 tanto
892 1847 1003 1890 ante
1051 1840 1301 1906 praedicta
1341 1847 1478 1902 sunt,
1527 1842 1656 1890 effici
1693 1856 1784 1907 per

99 1912 349 1963 Christum
398 1913 668 1979 oportebat.
747 1913 868 1972 Quis
916 1914 1078 1964 autem
1127 1929 1260 1964 nune
1299 1914 1430 1963 fideli
1480 1915 1623 1964 oculo
1662 1915 1784 1965 haec

96 1988 296 2036 intuens
335 2003 435 2036 non
481 1987 643 2037 videat
692 2003 799 2037 esse
838 1985 1116 2054 completa?
1193 1987 1399 2046 Quando
1440 1988 1639 2053 quidem
1676 1988 1785 2038 nul·

97 2059 201 2110 lum
232 2060 621 2127 tabernaculum,
653 2061 843 2111 nullum
875 2062 1128 2129 templum,
1167 2062 1358 2112 nullum
1390 2062 1555 2125 altare,
1595 2062 1787 2112 nullum
1819 2072 1874 2114 25

100 2135 394 2184 sacrificium
442 2142 493 2184 et
537 2135 647 2184 ideo
695 2151 787 2184 nee
835 2135 965 2186 ullus
1017 2137 1248 2186 sacerdos
1295 2138 1532 2186 remansit
1577 2135 1786 2202 Iudaeis,

98 2207 307 2275 quihuS,
360 2215 417 2258 ut
463 2209 524 2258 de
572 2211 758 2259 semine
798 2209 959 2259 Aaron
1008 2210 1344 2276 ordinaretur,
1397 2212 1449 2259 in
1488 2210 1576 2260 Dei
1623 2211 1788 2261 fuerat

100 2281 206 2347 lege
239 2283 533 2332 mandatum.
612 2282 754 2340 Quod
796 2290 844 2333 et
881 2284 960 2333 hie
1001 2286 1438 2334 hommemoratum
1478 2292 1553 2334 est
1591 2284 1674 2333 illo
1714 2282 1783 2333 di-

100 2362 241 2406 cente
292 2356 554 2422 propheta:
601 2358 745 2406 Haec
786 2361 912 2408 dicit
949 2359 1193 2408 Dominus
1231 2359 1369 2407 Deus
1409 2359 1597 2408 Israel:
1637 2359 1785 2408 Dixi:
1824 2422 1826 2425 v

99 2430 285 2479 Domus
339 2436 429 2480 tua
484 2437 533 2480 et
585 2432 759 2480 domus
804 2435 973 2495 patris
1026 2435 1103 2481 ἰαί
1147 2433 1439 2482 transibunt
1484 2446 1659 2482 coram
1709 2447 1785 2482 me
1817 2424 1874 2482 36

97 2517 255 2564 usque
287 2505 337 2554 in
370 2506 645 2555 aeternum.
709 2505 775 2554 Et
804 2521 941 2555 nunc
974 2508 1102 2556 dic-lt
1132 2507 1399 2555 Dominus:
1438 2507 1782 2568 Nequaquam,

217 2631 260 2686 7)
292 2635 330 2677 1.
365 2631 486 2678 Sam.
519 2637 561 2690 2,
593 2637 647 2678 27
680 2646 778 2688 sqq.
843 2635 916 2689 20)
949 2637 989 2678 2.
1023 2632 1144 2678 Sam.
1182 2637 1250 2688 15,
1284 2637 1353 2677 24.

223 2796 277 2836 10
315 2806 408 2836 non
446 2794 587 2852 esset]
629 2793 690 2837 sit
729 2795 773 2837 A
816 2795 914 2850 (om.
947 2796 1056 2850 non)
1104 2796 1120 2852 ΙΙ
1168 2799 1218 2838 11
1255 2793 1412 2851 quam]
1444 2808 1538 2838 non
1571 2793 1627 2838 de
1657 2793 1783 2836 tribu

76 2847 196 2892 ·leui
232 2850 278 2893 A
322 2851 339 2907 ΙΙ
386 2857 438 2895 12
476 2853 635 2897 tamen
673 2867 766 2897 non
806 2853 927 2913 erat]
968 2855 1016 2898 et
1052 2853 1158 2898 ideo
1197 2866 1283 2897 nec
1322 2854 1367 2897 A
1398 2854 1495 2908 (aed
1528 2853 1583 2907 cf.
1616 2853 1700 2898 vol.
1734 2852 1783 2908 I,

98 2911 148 2964 2,
177 2912 255 2965 11)
277 2909 293 2967 u
319 2913 370 2953 13
405 2923 457 2954 ae
488 2923 570 2968 per
599 2912 708 2970 hoe]
740 2912 901 2999 ‘ca-men
931 2915 975 2956 A
999 2914 1015 2970 ΙΙ
1037 2917 1095 2958 20
1127 2912 1310 2957 Sadoch
1341 2925 1369 2956 v

747 3001 766 3056 ,ἕ
