2044 3146
231 139 338 191 248
911 151 944 184 s.
976 151 1253 184 AUGUS'HNI

232 266 623 313 contrariorum.
740 265 1046 313 Contumelia
1120 270 1169 313 et
1238 270 1482 315 tormento
1554 268 1922 327 interroqemus

235 340 392 397 illum,
443 339 748 387 'eutseiamus
787 340 1124 386 reverentiam
1165 340 1298 388 illius
1337 344 1387 388 et
1418 340 1688 401 probemus
1720 342 1920 402 patien-

231 413 352 459 tiam
429 413 520 460 ius.
599 411 767 460 Morte
833 414 1122 474 turpissima
1177 414 1559 462 condemnemus
1606 416 1741 462 illum
1751 430 1770 471 ;
1823 416 1925 463 erit

232 487 362 533 enim
419 487 468 533 ei
519 491 778 547 respectus
833 500 897 534 ex
949 487 1263 535 sermonibus
1311 489 1456 536 illius
1535 487 1678 536 Haee
1729 489 1921 548 eoyita-

174 567 198 604 5
236 565 416 607 verunt
469 565 518 607 et
570 566 912 616 erraverunt;
986 562 1286 608 excaecavit
1348 563 1479 609 enim
1547 563 1654 610 illos
1724 563 1923 610 malitia

233 635 468 694 ipsorum.
552 632 607 681 In
633 632 967 681 ecclesiastico
1000 634 1165 681 autem
1197 633 1318 681 fides
1343 635 1563 697 gentium
1589 635 1755 683 futura
1780 649 1919 699 prae-

232 705 414 754 dicitur
452 707 547 754 isto
587 706 755 755 modo:
802 707 1052 756 Miserere
1090 710 1275 767 nostri,
1317 709 1603 756 dominator
1644 709 1782 756 Deus
1821 722 1920 757 om-

230 782 390 841 nium,
430 786 480 828 et
515 783 709 829 inmitte
748 783 973 830 timorem
1013 787 1151 829 tuum
1188 796 1344 842 super
1383 794 1549 830 omnes
1586 787 1793 842 qentes,·
1834 797 1920 831 ex-

233 856 347 902 tolle
379 868 581 903 manum
614 859 751 903 tuam
789 869 943 916 super
978 860 1153 915 yentes
1193 857 1387 903 alienas
1425 860 1473 903 et
1511 857 1716 904 videant
1746 861 1923 918 poten-

147 936 200 974 10
236 929 356 975 tiam
407 933 557 976 tuam.
636 929 783 976 Sicut
828 942 1002 977 eoram
1049 931 1146 977 illis
1195 931 1544 988 sanctificatus
1585 944 1636 977 es
1675 931 1727 977 in
1767 931 1925 990 nobis,

235 1002 306 1048 ita
347 1015 521 1050 coram
554 1002 696 1051 nobis
727 1004 1072 1063 maynifieeris
1113 1004 1164 1050 in
1205 1005 1315 1062 illis,
1356 1008 1405 1051 et
1442 1008 1724 1064 aquoso-ant
1762 1009 1809 1051 te
1847 1017 1922 1052 se-

231 1076 450 1123 eundum
500 1077 637 1136 quod
688 1082 737 1124 et
781 1090 871 1124 iios
919 1078 1213 1136 agnovimus
1251 1083 1319 1136 te,
1367 1078 1488 1137 quia
1526 1090 1626 1125 non
1667 1082 1741 1126 est
1785 1076 1925 1125 Deus

225 1154 438 1208 praeter
493 1155 564 1211 te,
619 1150 843 1198 Domine.
928 1148 1065 1197 Hanc
1118 1149 1318 1214 optandi
1369 1156 1418 1198 et
1468 1150 1706 1214 precandi
1757 1151 1923 1215 specie

230 1221 540 1286 prophetiam
586 1238 676 1287 per
715 1223 877 1271 [esum
919 1222 1171 1272 Christum
1219 1223 1441 1272 videmus
1482 1223 1745 1288 impletam.
1825 1222 1923 1271 Sed

146 1303 199 1342 15
238 1294 474 1344 adversus
526 1295 916 1345 contradictores
969 1312 1067 1345 non
1119 1303 1254 1345 tanta
1306 1297 1534 1345 firmitate
1584 1297 1926 1363 proferuntur,

235 1383 358 1431 quae
400 1371 582 1434 scripta
622 1385 720 1418 non
761 1377 877 1419 sunt
915 1371 964 1418 in
1007 1385 1192 1419 canone
1233 1370 1541 1419 ludaeorum.

387 1442 443 1491 In
484 1443 644 1492 tribus
694 1458 810 1492 vero
850 1443 966 1509 illis,
1015 1459 1138 1507 quos
1180 1443 1453 1492 Salomonis
1493 1459 1602 1493 esse
1643 1450 1836 1492 constat
1875 1451 1924 1492 et

234 1515 400 1564 Iudaei
454 1519 720 1565 canonicos
774 1516 982 1582 habent,
1035 1524 1088 1566 ut
1139 1518 1428 1566 ostendatur
1476 1517 1535 1565 ad
1576 1516 1828 1566 Christum
1875 1525 1924 1566 et

235 1589 493 1638 ecclesiam
559 1592 811 1655 pertinere
875 1591 1004 1654 quod
1066 1593 1118 1639 in
1180 1593 1252 1640 eis
1314 1593 1421 1640 eius
1473 1590 1604 1639 modi
1659 1593 1924 1656 reperitur,

146 1673 443 1727 Qoloperosa
495 1664 759 1729 disputatio
811 1666 1089 1713 necessaria
1137 1672 1237 1731 est,
1287 1680 1413 1729 quae
1460 1680 1551 1713 nos
1597 1664 1726 1714 ultra
1777 1679 1923 1728 quam

235 1744 456 1803 oportet,
512 1739 553 1786 si
609 1753 740 1786 nunc
788 1737 1075 1804 adhibetur,
1129 1739 1361 1787 extendit.
1450 1738 1634 1787 Tamen
1687 1738 1817 1802 quod
1872 1739 1925 1786 in

232 1810 507 1874 proverbiis
555 1811 757 1877 legitur,
805 1813 937 1860 viros
983 1813 1160 1877 impios
1209 1813 1396 1862 dicere:
1452 1813 1832 1862 Abscondamus
1873 1814 1925 1860 in

234 1892 378 1934 terra
418 1887 582 1933 virum
623 1888 805 1935 iustum
846 1888 1050 1946 iniuste,
1091 1887 1450 1935 absorbeamus
1489 1900 1608 1935 vero
1648 1900 1758 1935 eum
1801 1892 1922 1934 tam-

234 1973 383 2019 quam
416 1958 649 2020 infernus
681 1962 921 2008 viventem
961 1966 1011 2008 et
1048 1959 1343 2021 auferamus
1383 1963 1491 2009 eius
1529 1962 1822 2008 memoriam
1862 1961 1927 2008 de

146 2041 200 2078 25
237 2038 407 2092 terra,
454 2035 815 2094 possessionem
855 2035 964 2082 eius
996 2036 1273 2095 pretiosam
1313 2035 1773 2095 adprehendamus,
1824 2047 1923 2080 non

236 2106 305 2152 ita
351 2104 621 2154 obscurum
668 2113 768 2171 est,
819 2112 873 2154 ut
921 2105 979 2154 de
1022 2105 1217 2154 Christo
1258 2113 1307 2154 et
1344 2107 1657 2170 possessione
1698 2107 1804 2154 eius
1846 2121 1923 2154 ec·

241 2177 388 2226 clesia
421 2180 527 2226 sine
561 2178 803 2226 laboriosa
835 2180 1140 2243 expositione
1182 2194 1279 2227 non
1319 2181 1476 2244 possit
1514 2178 1744 2243 intellegi.
1806 2178 1923 2227 Tale

241 2252 423 2315 quippe
463 2251 645 2315 aliquid
689 2253 834 2300 etiam
866 2251 1102 2302 Dominus
1142 2253 1247 2317 ipse
1288 2252 1426 2302 Iesus
1465 2267 1555 2318 per
1595 2252 1926 2317 evangelicam

238 2323 518 2389 parabolam
566 2325 781 2374 ostendit
827 2325 1007 2374 dixisse
1049 2325 1201 2374 malos
1242 2326 1463 2376 colonos:
1513 2327 1611 2375 Hie
1652 2333 1726 2376 est
1762 2328 1924 2386 lieres,

148 2408 204 2448 30
241 2401 424 2459 venite,
475 2401 766 2448 occidamus
817 2414 950 2465 eum,
997 2406 1046 2448 et
1080 2405 1255 2449 nostra
1294 2403 1394 2449 erit
1428 2402 1702 2450 hereditas.
1778 2399 1923 2448 Item-

238 2487 333 2535 que
379 2471 499 2521 illud
547 2473 596 2520 in
645 2471 817 2521 eodem
869 2472 1017 2538 libro,
1067 2473 1197 2536 quod
1238 2475 1334 2522 iam
1374 2480 1485 2523 ante
1526 2474 1925 2538 perstrinximuS,

236 2560 349 2594 cum
397 2560 655 2609 ageremus
703 2545 762 2594 de
805 2546 981 2612 sterili,
1031 2561 1153 2610 quae
1194 2549 1389 2611 peperit
1428 2555 1640 2612 septem,
1688 2561 1787 2594 nou
1827 2547 1923 2594 nisi

354 2659 398 2710 6)
433 2657 538 2713 Sap.
582 2664 627 2712 2,
679 2663 733 2702 12
775 2673 871 2714 sqq.
947 2660 1021 2715 13)
1059 2658 1201 2703 Eccli.
1245 2664 1322 2714 36,
1364 2664 1386 2702 1
1430 2673 1527 2714 sqq.
1592 2662 1665 2714 25)
1705 2658 1838 2702 Prov.
1882 2663 1925 2713 1,

238 2720 288 2759 11
325 2730 421 2771 sqq.
486 2719 558 2772 30)
590 2718 672 2763 Mt.
706 2723 778 2773 21,
812 2721 881 2762 38.
945 2720 1020 2773 31)
1055 2717 1101 2761 C.
1136 2723 1177 2762 4.

351 2884 377 2922 3
412 2878 508 2922 eius
540 2879 609 2934 Ε,-
639 2879 785 2936 ipsius
816 2893 842 2925 v
