2004 3140
129 939 183 978 10

130 1308 181 1346 15

129 2044 182 2084 25

125 2559 180 2598 30

221 139 326 190 558
907 150 941 183 s,
965 151 1239 186 AUGUs'nm

219 278 339 311 rena
387 263 609 312 animalia
657 265 961 312 nesciremus
1012 263 1252 329 nobisque
1304 265 1527 315 futurum
1567 281 1676 315 esse
1717 266 1911 315 dicere--

218 344 327 401 tur,
382 344 438 386 ut
491 339 702 386 terrenis
758 336 1051 402 corporibus
1110 338 1381 388 animandis
1441 339 1652 404 quodam
1705 339 1901 389 vinculo

218 410 430 459 mirabili
461 418 796 460 necteremur:
837 426 1000 459 nonne
1033 411 1187 460 multo
1229 412 1405 462 fortius
1445 421 1910 478 argumentaremur

218 483 267 532 id
308 484 512 534 credere
553 491 842 534 recusantes
882 491 932 534 et
972 485 1250 535 diceremus
1289 493 1514 536 naturam
1554 503 1653 536 non
1692 490 1808 555 pati,
1846 493 1904 535 ut

218 573 299 606 res
339 560 631 623 incorporea
670 558 933 623 ligamento
974 574 1214 624 corporeo
1254 558 1562 610 vinciretur?
1640 561 1700 610 Et
1740 569 1903 610 tamen

215 631 358 696 plena
401 639 475 681 est
513 639 646 681 terra
685 632 1027 697 vegetantibus
1059 635 1233 682 animis
1273 634 1393 682 haec
1433 634 1652 684 membra
1692 643 1909 701 terrena,

216 707 342 754 miro
395 706 487 755 sibi
538 707 681 755 modo
734 722 918 755 conexa
969 713 1018 755 et
1068 707 1319 772 implicita.
1409 707 1508 757 Cur
1559 724 1676 773 ergo
1730 708 1903 757 eodem

216 779 409 829 volente
457 780 580 846 Dec,
628 782 712 845 qui
753 781 870 829 fecit
908 780 1001 829 hoc
1042 781 1239 847 animal,
1288 795 1386 830 non
1425 783 1608 846 poterit
1646 790 1905 831 terrenum

218 868 399 918 corpus
428 855 488 902 -in
529 854 739 903 caeleste
781 869 961 919 corpus
1002 854 1176 921 attolli,
1233 857 1274 904 si
1315 857 1506 904 animus
1546 858 1679 905 omni
1719 871 1774 905 ac
1812 871 1910 920 per

215 927 308 976 hoc
355 929 498 976 etiam
549 928 747 977 caelesti
804 942 1010 993 corpore
1059 928 1403 993 praestabilior
1448 937 1648 979 terreno
1705 931 1903 994 corpori

214 1003 376 1066 potuit
422 999 651 1066 inligari?
727 1003 800 1050 An
847 1009 1045 1051 terrena
1092 1003 1331 1067 particula
1379 1010 1476 1052 tam
1528 1006 1703 1068 exigua
1740 1004 1904 1069 potuit

214 1075 396 1140 aliquid
431 1076 630 1126 caelesti
662 1091 869 1141 corpore
903 1076 1079 1125 melius
1118 1077 1247 1141 apud
1287 1092 1340 1126 se
1378 1084 1566 1144 tenere,
1606 1085 1662 1127 ut
1700 1092 1901 1127 sensum

215 1149 420 1200 haberet
460 1157 509 1198 et
547 1152 716 1216 vitam,
768 1157 818 1199 et
864 1164 972 1199 eam
1011 1152 1309 1200 sentientem
1349 1158 1495 1216 atque
1534 1153 1779 1201 viventem
1819 1151 1903 1199 de-

217 1223 497 1288 dignabitur
553 1224 741 1273 caelum
791 1225 1045 1289 suscipere
1100 1231 1184 1274 aut
1241 1232 1519 1290 susceptam
1571 1241 1669 1274 non
1720 1227 1908 1291 poterit

217 1300 488 1364 sustinere,
536 1314 647 1346 cum
689 1298 747 1346 de
791 1313 844 1347 re
886 1300 1065 1347 sentiat
1105 1305 1154 1347 et
1192 1300 1320 1348 vivat
1358 1301 1451 1348 ista
1490 1299 1716 1365 meliore,
1757 1314 1902 1364 quam

216 1379 292 1420 est
331 1387 511 1436 corpus
552 1387 696 1420 omne
746 1369 993 1421 caeleste?
1071 1371 1168 1420 Sed
1207 1372 1317 1421 ideo
1359 1388 1491 1422 nunc
1531 1389 1630 1422 non
1670 1374 1749 1440 fit,
1789 1374 1903 1437 quia

215 1445 435 1494 noudum
468 1452 543 1494 est
574 1452 770 1510 tempus
811 1461 908 1510 quo
948 1445 997 1494 id
1037 1446 1145 1494 fieri
1186 1445 1351 1512 voluit,
1391 1448 1476 1511 qui
1515 1446 1623 1513 hoc,
1664 1447 1795 1512 quod
1834 1447 1902 1494 vi-

215 1518 375 1568 dendo
422 1521 518 1567 iam
564 1519 723 1585 viluit,
771 1519 926 1568 multo
973 1518 1246 1568 mirabilius
1295 1535 1440 1584 quam
1479 1520 1621 1588 illud,
1670 1520 1801 1586 quod
1842 1519 1901 1568 ab

214 1594 323 1641 istis
363 1608 462 1641 non
503 1593 745 1659 creditur,
785 1593 916 1642 fecit.
994 1593 1093 1642 Cur
1133 1594 1264 1641 enim
1303 1609 1403 1642 non
1443 1594 1783 1644 vehementius
1822 1593 1903 1643 ad—

128 1685 138 1703 ·
215 1668 451 1716 miramur
508 1669 828 1731 incorporeos
887 1669 1075 1716 animos
1087 1707 1101 1734 7
1152 1667 1351 1716 caelesti
1406 1683 1613 1733 corpore
1664 1670 1898 1734 potioreS,

220 1742 431 1789 terrenis
482 1740 675 1805 inligari
735 1740 1027 1806 corporibus
1079 1755 1224 1805 quam
1280 1756 1487 1806 corpora
1537 1742 1654 1792 licet
1705 1750 1903 1792 terrena

217 1813 417 1863 sedibus
473 1816 692 1879 quamvis
747 1814 1063 1881 caelestibus,
1114 1823 1278 1864 tamen
1329 1818 1582 1880 corporeis
1635 1817 1902 1882 sublimari,

218 1889 311 1936 nisi
363 1889 476 1952 quia
526 1888 619 1937 hoc
670 1888 836 1937 videre
893 1890 1238 1938 consuevimus
1290 1896 1340 1938 et
1385 1889 1479 1938 hoc
1531 1906 1727 1957 sunum,
1781 1891 1900 1939 illud

218 1977 332 2009 vero
373 1962 592 2011 nondum
633 1977 804 2011 sumus
844 1978 936 2011 nec
976 1962 1235 2027 aliquando
1277 1961 1434 2012 adhuc
1474 1962 1718 2014 vidimus?
1779 1965 1900 2014 Nam

215 2035 440 2119 profecto
490 2035 651 2084 sobria
700 2038 889 2085 ratione
941 2036 1165 2085 consulta
1222 2036 1538 2086 mirabilioris
1590 2054 1698 2087 esse
1750 2039 1901 2088 divini

217 2110 380 2172 opelis
429 2112 676 2174 reperitur
724 2109 1117 2174 incorporalibus
1169 2110 1442 2174 corporalia
1493 2113 1703 2175 quodam
1754 2112 1899 2161 modo

215 2189 433 2230 attexere
482 2198 627 2246 quam
674 2183 789 2232 licet
836 2184 1049 2249 diversa,
1097 2185 1211 2247 quia
1249 2183 1329 2232 illa
1369 2184 1618 2252 caelestia,
1670 2188 1762 2235 ista
1802 2193 1898 2235 ter-

215 2256 407 2320 restria,
447 2262 608 2304 tamen
650 2271 857 2321 corpora
897 2263 945 2305 et
984 2271 1190 2321 corpora
1233 2257 1476 2321 copulare.

905 2442 1099 2497 CAPUT
1130 2443 1196 2497 V.

215 2551 290 2599 De
330 2553 707 2600 resurrectione
754 2554 942 2611 carnale,
992 2566 1142 2612 quam
1184 2553 1388 2612 quidam
1432 2555 1616 2603 mundo
1659 2556 1898 2605 credente

870 2640 968 2675 non
1009 2627 1237 2674 credunt.

363 2726 459 2775 Sed
498 2726 591 2776 hoc
622 2727 909 2776 incredibile
942 2728 1091 2777 fuerit
1126 2727 1408 2792 aliquando:
1448 2744 1562 2778 ecce
1601 2732 1697 2778 iam
1737 2731 1893 2781 credi-

214 2798 284 2847 dit
323 2800 536 2849 mundus
577 2799 822 2849 sublatum
862 2807 1117 2850 terrenum
1150 2801 1332 2850 Christi
1371 2817 1551 2867 corpus
1590 2805 1642 2852 in
1682 2804 1894 2870 caelum3

215 2876 633 2922 resurrectionem
681 2875 842 2923 carnis
890 2880 940 2922 et
989 2877 1328 2924 ascensionem
1367 2877 1417 2924 in
1458 2891 1695 2941 supernas
1735 2877 1893 2944 sedeS,
