2054 3152
621 155 688 187 DE
713 152 953 187 GWITATE
976 154 1065 186 Dm
1088 154 1133 187 L.
1158 155 1240 188 xv.
1266 155 1302 188 c.
1329 157 1380 189 15.
1776 143 1845 196 89

163 268 223 316 de
263 267 367 334 illo,
416 281 564 331 quem
611 268 781 331 genuit
819 266 972 316 Adam
1017 269 1068 316 in
1116 269 1223 317 eius
1263 269 1651 334 successionem,
1700 283 1845 332 quem

163 341 316 390 frater
356 340 557 407 occidit,
606 347 656 389 et
694 340 953 405 appellavit
991 356 1172 390 nomen
1211 341 1342 390 illius
1383 341 1503 390 Seth
1554 341 1746 408 dicens,
1791 347 1848 391 ut

162 417 402 480 scriptum
434 421 530 464 est:
570 415 847 464 Suscitavit
878 418 1008 464 enim
1039 417 1163 464 mihi
1192 417 1329 465 Deus
1365 430 1532 465 semen
1573 417 1718 465 aliud
1748 429 1846 479 pro

160 490 305 549 Abel,
352 502 496 550 quem
543 490 733 538 occidit
777 488 915 538 Cain.
995 487 1118 538 Cum
1157 491 1322 553 itaque
1362 490 1484 538 istae
1525 489 1650 538 duae
1690 490 1846 538 series

161 563 558 628 generationum,
597 577 694 610 una
734 561 793 610 de
836 561 978 628 Seth,
1018 562 1169 611 altera
1209 563 1267 611 de
1309 562 1443 629 Cain,
1480 563 1568 611 has
1608 562 1745 629 duaS,
1785 562 1844 611 de

163 635 344 699 quibus
406 637 619 701 agimuS,
678 635 924 685 distinctis
979 636 1235 685 ordinibus
1298 638 1551 686 insinuent
1609 638 1846 701 civitateS,

161 724 308 758 unam
342 709 602 758 caelestem
633 711 684 757 in
717 712 865 758 terris
903 712 1318 776 peregrinantem,
1357 710 1560 759 alteram
1598 717 1848 759 terrenam

162 785 374 831 terrenis
421 789 670 847 tamquam
717 783 819 832 sola
869 785 969 832 sint
1014 783 1204 849 gaudiis
1250 783 1521 833 inhiantem
1567 783 1643 832 vel
1682 783 1846 832 inhae-

162 862 375 906 rentem:
429 856 593 905 nullus
652 857 710 905 de
770 859 1006 922 progenie
1059 857 1203 921 Cain,
1260 873 1373 907 cum
1425 858 1734 907 dinumerata
1784 858 1848 906 sit

161 936 513 979 connumerato
554 930 707 979 Adam
746 945 903 995 usque
944 931 1004 980 ad
1045 938 1264 980 octavam
1302 934 1686 998 generationem,
1726 937 1847 996 quot

162 1019 403 1053 annorum
450 1004 626 1054 fuisset
673 1020 938 1069 expressus
979 1012 1076 1072 est,
1125 1005 1319 1070 quando
1369 1007 1540 1070 genuit
1580 1020 1715 1071 eum,
1763 1006 1848 1070 qui

162 1084 575 1127 commemoratur
623 1085 737 1142 post
784 1094 912 1128 eum.
999 1079 1167 1128 Noluit
1217 1081 1349 1128 enim
1396 1078 1611 1143 Spiritus
1658 1078 1747 1128 Dei
1795 1080 1847 1127 in

161 1157 386 1200 terrenae
436 1153 644 1200 civitatis
692 1152 1094 1216 generationibus
1141 1159 1362 1217 tempora
1410 1159 1582 1201 notare
1623 1159 1734 1202 ante
1776 1152 1845 1200 ‹li-

159 1224 359 1289 luvium,
400 1224 485 1273 sed
524 1226 576 1273 in
617 1225 842 1274 caelestis
882 1225 1075 1293 maluit,
1116 1232 1366 1290 tamquam
1405 1232 1572 1275 essent
1611 1227 1847 1274 memoria

159 1297 422 1366 digniores..
498 1297 661 1348 Porrov
694 1306 859 1348 autem
893 1299 1012 1349 Seth
1053 1300 1247 1364 quando
1287 1306 1430 1349 natus
1471 1306 1560 1366 est,
1601 1315 1700 1348 non
1739 1301 1843 1364 qui-

161 1371 275 1420 dem
315 1373 450 1421 taciti
490 1378 606 1422 sunt
645 1375 761 1422 anni
797 1375 954 1437 patris
994 1375 1124 1440 eius,
1165 1373 1252 1422 sed
1291 1375 1388 1423 iam
1427 1380 1667 1439 genuerat
1705 1373 1846 1439 alios3

160 1453 209 1495 et
249 1452 417 1494 utrum
449 1445 578 1494 solos
612 1445 730 1496 Cain
762 1454 812 1496 et
842 1447 977 1514 Abel,
1016 1448 1275 1497 adfirmare
1315 1449 1427 1512 quis
1467 1444 1677 1497 audeat?
1737 1447 1846 1496 Non

161 1523 293 1571 enim
340 1523 454 1585 quia
502 1521 593 1570 soli
639 1523 878 1571 nominati
924 1528 1041 1572 sunt
1087 1528 1292 1586 propter
1332 1521 1531 1570 ordines
1572 1523 1846 1586 generatio·

159 1611 279 1645 num
310 1610 432 1660 quas
466 1611 851 1645 commemorare
885 1595 1158 1662 oportebat,
1197 1595 1307 1644 ideo
1341 1610 1652 1659 consequens
1691 1594 1847 1644 videri

160 1668 308 1719 debet
362 1668 492 1718 solos
539 1669 692 1719 fuisse
739 1677 858 1719 tunc
906 1676 1167 1733 generatos
1207 1684 1266 1718 ex
1306 1669 1472 1718 Adam.
1551 1668 1675 1718 Cum
1714 1670 1844 1718 enim

162 1743 357 1792 silentio
409 1745 657 1807 coopertis
717 1745 937 1792 omnium
988 1742 1270 1793 nominibus
1322 1749 1606 1792 ceterorum
1654 1742 1846 1807 legatur

162 1833 274 1867 eum
307 1819 536 1882 genuisse
570 1817 695 1866 filios
737 1824 785 1866 et
823 1816 968 1866 filias:
1009 1823 1159 1881 quota
1198 1817 1349 1866 fuerit
1386 1818 1481 1865 ista
1519 1815 1685 1881 proles
1725 1818 1846 1880 eiUS,

161 1893 272 1956 quis
327 1897 610 1956 praesumat
665 1891 923 1956 adserere,
974 1893 1016 1939 si
1071 1890 1265 1954 culpam
1318 1891 1611 1939 temeritatis
1663 1886 1846 1939 evitat?

161 1965 330 2015 Potuit
377 1967 558 2030 quippe
610 1964 762 2013 Adam
815 1964 1049 2013 divinitus
1101 1964 1379 2013 admonitus
1430 1963 1621 2029 dicere,
1674 1969 1846 2028 postea

161 2054 306 2104 quam
343 2038 475 2094 ,Seth
523 2045 667 2088 natus
716 2045 813 2088 est:
860 2039 1137 2088 Suscitavit
1175 2040 1306 2087 enim
1345 2039 1468 2087 mihi
1505 2038 1641 2087 Deus
1679 2052 1845 2086 semen

160 2115 305 2163 aliud
333 2127 433 2175 pro
473 2114 617 2174 Abel,
666 2113 898 2176 quoniam
936 2111 1047 2160 talis
1087 2117 1193 2160 erat
1232 2111 1453 2177 futurus,
1492 2113 1578 2175 qui
1616 2110 1846 2175 impleret

158 2187 289 2236 illius
323 2187 648 2251 sanctitatem,
686 2201 786 2234 non
819 2186 950 2250 quod
981 2187 1087 2250 ipse
1127 2186 1265 2249 prior
1302 2191 1416 2249 post
1455 2199 1568 2233 eum
1607 2186 1845 2248 temporis

161 2260 333 2309 ordine
398 2267 700 2310 nasceretur.
793 2259 978 2308 Deinde
1041 2258 1172 2323 quod
1237 2261 1477 2322 scriptum
1533 2265 1629 2308 est:
1711 2258 1847 2307 Vixit

160 2341 327 2383 autem
374 2333 495 2382 Seth
549 2336 769 2394 quinque
822 2339 871 2382 et
917 2336 1159 2383 ducentos
1210 2347 1370 2382 annos
1420 2327 1521 2399 (vel
1572 2331 1845 2381 secundum

157 2407 410 2456 Hebraeos
443 2409 662 2467 quinque
694 2412 743 2455 et
772 2412 970 2456 centum
1003 2399 1202 2471 annos),
1242 2412 1289 2455 et
1324 2408 1503 2467 qenuit
1534 2406 1694 2455 Enos:
1734 2406 1844 2468 quis

158 2483 316 2545 possit
347 2482 442 2529 nisi
471 2480 867 2529 inconsideratus
900 2481 1188 2529 adseverare
1227 2479 1362 2528 hunc
1402 2481 1508 2528 eius
1548 2480 1843 2544 primogeni-

277 2594 322 2648 4)
356 2591 466 2636 Gen.
500 2597 542 2649 4,
576 2598 644 2638 25.

283 2775 304 2812 1
340 2767 629 2812 successione
661 2768 758 2811 AF
777 2770 792 2825 ΙΙ
816 2773 843 2811 4
875 2782 1014 2824 quem
1050 2767 1284 2824 iugulauit
1314 2766 1419 2810 cain
1451 2766 1495 2809 R
1517 2768 1533 2822 [Ι
1560 2771 1611 2810 19
1647 2779 1844 2810 comme—

161 2840 341 2871 morare
398 2827 581 2870 VRAF
624 2829 675 2882 (c.
709 2831 768 2871 21
814 2829 923 2873 med.
971 2827 1217 2884 oportebat,
1264 2862 1272 2871 .
1323 2861 1332 2871 .
1380 2826 1680 2881 proponere);
1721 2838 1843 2869 com-

158 2885 406 2930 memorari
436 2899 461 2930 v
485 2888 501 2943 ΙΙ
525 2889 579 2930 28
612 2885 744 2943 vixit]
775 2887 920 2931 habet
949 2886 995 2930 R

1881 941 1935 980 10

1880 1307 1934 1348 15

1880 1679 1935 1718 20

1877 2046 1933 2085 25

1876 2416 1934 2457 30
