<?xml version="1.0" encoding="UTF-8"?>
<!DOCTYPE html PUBLIC "-//W3C//DTD XHTML 1.0 Transitional//EN"
    "http://www.w3.org/TR/xhtml1/DTD/xhtml1-transitional.dtd">
<html xmlns="http://www.w3.org/1999/xhtml" xml:lang="en" lang="en">
 <head>
  <title>
</title>
<meta http-equiv="Content-Type" content="text/html;charset=utf-8" />
  <meta name='ocr-system' content='tesseract 3.04.00' />
  <meta name='ocr-capabilities' content='ocr_page ocr_carea ocr_par ocr_line ocrx_word'/>
</head>
<body>
  <div class='ocr_page' id='page_1' title='image "./decivitatedeilib02auguuoft_0216.png"; bbox 0 0 2044 3146; ppageno 0'>
   <div class='ocr_carea' id='block_1_1' title="bbox 257 134 1269 206">
    <p class='ocr_par' dir='ltr' id='par_1_1' title="bbox 257 134 1269 206">
     <span class='ocr_line' id='line_1_1' title="bbox 257 134 1269 206; baseline -0.01 -19"><span class='ocrx_word' id='word_1_1' title='bbox 257 134 365 206; x_wconf 72' lang='lat'>212</span> <span class='ocrx_word' id='word_1_2' title='bbox 922 146 957 179; x_wconf 87' lang='lat' dir='ltr'>S.</span> <span class='ocrx_word' id='word_1_3' title='bbox 989 144 1269 180; x_wconf 72' lang='lat' dir='ltr'>Auocs&#39;rm</span> 
     </span>
    </p>
   </div>
   <div class='ocr_carea' id='block_1_2' title="bbox 256 257 1944 398">
    <p class='ocr_par' dir='ltr' id='par_1_2' title="bbox 256 257 1944 398">
     <span class='ocr_line' id='line_1_2' title="bbox 256 257 1944 327; baseline 0.001 -19"><span class='ocrx_word' id='word_1_4' title='bbox 256 259 392 326; x_wconf 84' lang='lat' dir='ltr'>filiis,</span> <span class='ocrx_word' id='word_1_5' title='bbox 439 265 493 308; x_wconf 93' lang='lat' dir='ltr'>ut</span> <span class='ocrx_word' id='word_1_6' title='bbox 539 273 720 308; x_wconf 88' lang='lat' dir='ltr'>novum</span> <span class='ocrx_word' id='word_1_7' title='bbox 767 257 972 308; x_wconf 84' lang='lat' dir='ltr'>haberet</span> <span class='ocrx_word' id='word_1_8' title='bbox 1020 260 1071 308; x_wconf 92' lang='lat' dir='ltr'>in</span> <span class='ocrx_word' id='word_1_9' title='bbox 1119 257 1315 319; x_wconf 87' lang='lat' dir='ltr'>Christo</span> <span class='ocrx_word' id='word_1_10' title='bbox 1363 259 1695 308; x_wconf 79' lang='lat' dir='ltr'><strong>sacerdotium</strong></span> <span class='ocrx_word' id='word_1_11' title='bbox 1746 259 1944 327; x_wconf 62' lang='lat' dir='ltr'>sterilis),</span> 
     </span>
     <span class='ocr_line' id='line_1_3' title="bbox 258 334 859 398; baseline -0.002 -16"><span class='ocrx_word' id='word_1_12' title='bbox 258 348 381 398; x_wconf 84' lang='lat' dir='ltr'>quae</span> <span class='ocrx_word' id='word_1_13' title='bbox 421 334 616 398; x_wconf 80' lang='lat' dir='ltr'>peperit</span> <span class='ocrx_word' id='word_1_14' title='bbox 655 338 859 398; x_wconf 83' lang='lat' dir='ltr'><strong>septem.</strong></span> 
     </span>
    </p>
   </div>
   <div class='ocr_carea' id='block_1_3' title="bbox 955 519 1257 575">
    <p class='ocr_par' dir='ltr' id='par_1_3' title="bbox 955 519 1257 575">
     <span class='ocr_line' id='line_1_4' title="bbox 955 519 1257 575; baseline 0 -1"><span class='ocrx_word' id='word_1_15' title='bbox 955 519 1153 575; x_wconf 75' lang='lat' dir='ltr'>CAPUT</span> <span class='ocrx_word' id='word_1_16' title='bbox 1191 519 1257 574; x_wconf 86' lang='lat' dir='ltr'>V.</span> 
     </span>
    </p>
   </div>
   <div class='ocr_carea' id='block_1_4' title="bbox 201 628 1944 842">
    <p class='ocr_par' dir='ltr' id='par_1_4' title="bbox 201 628 1944 842">
     <span class='ocr_line' id='line_1_5' title="bbox 261 628 1944 694; baseline 0 -17"><span class='ocrx_word' id='word_1_17' title='bbox 261 630 336 679; x_wconf 87' lang='lat' dir='ltr'>De</span> <span class='ocrx_word' id='word_1_18' title='bbox 380 630 480 691; x_wconf 76' lang='lat' dir='ltr'>his,</span> <span class='ocrx_word' id='word_1_19' title='bbox 528 642 660 690; x_wconf 77' lang='lat' dir='ltr'>quae</span> <span class='ocrx_word' id='word_1_20' title='bbox 706 630 778 678; x_wconf 82' lang='lat' dir='ltr'>ad</span> <span class='ocrx_word' id='word_1_21' title='bbox 814 629 931 678; x_wconf 85' lang='lat' dir='ltr'>Heli</span> <span class='ocrx_word' id='word_1_22' title='bbox 975 630 1291 678; x_wconf 82' lang='lat' dir='ltr'><em>sacerdotem</em></span> <span class='ocrx_word' id='word_1_23' title='bbox 1337 629 1479 694; x_wconf 75' lang='lat' dir='ltr'>homo</span> <span class='ocrx_word' id='word_1_24' title='bbox 1520 628 1618 677; x_wconf 91' lang='lat' dir='ltr'>Dei</span> <span class='ocrx_word' id='word_1_25' title='bbox 1647 629 1944 690; x_wconf 76' lang='lat' dir='ltr'>prophetico</span> 
     </span>
     <span class='ocr_line' id='line_1_6' title="bbox 201 703 1944 766; baseline 0 -14"><span class='ocrx_word' id='word_1_26' title='bbox 201 712 227 752; x_wconf 81' lang='lat'><strong>5</strong></span> <span class='ocrx_word' id='word_1_27' title='bbox 261 705 455 753; x_wconf 82' lang='lat' dir='ltr'>loeutus</span> <span class='ocrx_word' id='word_1_28' title='bbox 494 707 570 752; x_wconf 85' lang='lat' dir='ltr'>est</span> <span class='ocrx_word' id='word_1_29' title='bbox 605 704 811 765; x_wconf 81' lang='lat' dir='ltr'>spiritu,</span> <span class='ocrx_word' id='word_1_30' title='bbox 851 704 1149 764; x_wconf 71' lang='lat' dir='ltr'>siqnificans</span> <span class='ocrx_word' id='word_1_31' title='bbox 1186 703 1555 761; x_wconf 81' lang='lat' dir='ltr'><em>sacerdotium,</em></span> <span class='ocrx_word' id='word_1_32' title='bbox 1596 703 1733 766; x_wconf 76' lang='lat' dir='ltr'>quod</span> <span class='ocrx_word' id='word_1_33' title='bbox 1767 716 1944 752; x_wconf 81' lang='lat' dir='ltr'>secun-</span> 
     </span>
     <span class='ocr_line' id='line_1_7' title="bbox 469 773 1739 842; baseline -0.002 -16"><span class='ocrx_word' id='word_1_34' title='bbox 469 778 586 827; x_wconf 82' lang='lat' dir='ltr'>dum</span> <span class='ocrx_word' id='word_1_35' title='bbox 625 776 800 826; x_wconf 80' lang='lat' dir='ltr'>Aaron</span> <span class='ocrx_word' id='word_1_36' title='bbox 843 778 1122 826; x_wconf 87' lang='lat' dir='ltr'>institutum</span> <span class='ocrx_word' id='word_1_37' title='bbox 1156 774 1349 841; x_wconf 83' lang='lat' dir='ltr'>fuerat,</span> <span class='ocrx_word' id='word_1_38' title='bbox 1389 773 1739 842; x_wconf 72' lang='lat' dir='ltr'>auferendum.</span> 
     </span>
    </p>
   </div>
   <div class='ocr_carea' id='block_1_5' title="bbox 176 876 1957 2637">
    <p class='ocr_par' dir='ltr' id='par_1_5' title="bbox 258 876 1947 1092">
     <span class='ocr_line' id='line_1_8' title="bbox 408 876 1945 944; baseline 0 -16"><span class='ocrx_word' id='word_1_39' title='bbox 408 879 507 928; x_wconf 85' lang='lat' dir='ltr'>Sed</span> <span class='ocrx_word' id='word_1_40' title='bbox 537 879 630 929; x_wconf 84' lang='lat' dir='ltr'>hoc</span> <span class='ocrx_word' id='word_1_41' title='bbox 662 879 938 928; x_wconf 82' lang='lat' dir='ltr'>evidentius</span> <span class='ocrx_word' id='word_1_42' title='bbox 977 878 1036 927; x_wconf 83' lang='lat' dir='ltr'>ad</span> <span class='ocrx_word' id='word_1_43' title='bbox 1075 880 1240 944; x_wconf 87' lang='lat' dir='ltr'>ipsum</span> <span class='ocrx_word' id='word_1_44' title='bbox 1270 876 1380 927; x_wconf 87' lang='lat' dir='ltr'>Heli</span> <span class='ocrx_word' id='word_1_45' title='bbox 1419 877 1724 928; x_wconf 82' lang='lat' dir='ltr'>sacerdotem</span> <span class='ocrx_word' id='word_1_46' title='bbox 1764 879 1945 928; x_wconf 88' lang='lat' dir='ltr'>missus</span> 
     </span>
     <span class='ocr_line' id='line_1_9' title="bbox 258 951 1946 1019; baseline -0.001 -17"><span class='ocrx_word' id='word_1_47' title='bbox 258 954 479 1018; x_wconf 61' lang='lat' dir='ltr'>loquitu?</span> <span class='ocrx_word' id='word_1_48' title='bbox 517 953 663 1002; x_wconf 91' lang='lat' dir='ltr'>homo</span> <span class='ocrx_word' id='word_1_49' title='bbox 705 952 814 1019; x_wconf 85' lang='lat' dir='ltr'>Dei,</span> <span class='ocrx_word' id='word_1_50' title='bbox 854 953 998 1001; x_wconf 82' lang='lat' dir='ltr'>ouius</span> <span class='ocrx_word' id='word_1_51' title='bbox 1038 952 1237 1017; x_wconf 89' lang='lat' dir='ltr'>quidem</span> <span class='ocrx_word' id='word_1_52' title='bbox 1276 965 1456 1002; x_wconf 88' lang='lat' dir='ltr'>nomen</span> <span class='ocrx_word' id='word_1_53' title='bbox 1494 958 1709 1018; x_wconf 80' lang='lat' dir='ltr'>tacetur,</span> <span class='ocrx_word' id='word_1_54' title='bbox 1749 951 1836 1000; x_wconf 88' lang='lat' dir='ltr'>sed</span> <span class='ocrx_word' id='word_1_55' title='bbox 1874 953 1946 1001; x_wconf 88' lang='lat' dir='ltr'>in-</span> 
     </span>
     <span class='ocr_line' id='line_1_10' title="bbox 260 1025 1947 1092; baseline -0.001 -16"><span class='ocrx_word' id='word_1_56' title='bbox 260 1026 510 1092; x_wconf 82' lang='lat' dir='ltr'>tellegitur</span> <span class='ocrx_word' id='word_1_57' title='bbox 556 1027 718 1076; x_wconf 83' lang='lat' dir='ltr'>officio</span> <span class='ocrx_word' id='word_1_58' title='bbox 767 1027 1142 1090; x_wconf 85' lang='lat' dir='ltr'>ministerioque</span> <span class='ocrx_word' id='word_1_59' title='bbox 1190 1041 1281 1075; x_wconf 89' lang='lat' dir='ltr'>suo</span> <span class='ocrx_word' id='word_1_60' title='bbox 1330 1027 1435 1075; x_wconf 89' lang='lat' dir='ltr'>sine</span> <span class='ocrx_word' id='word_1_61' title='bbox 1483 1025 1787 1075; x_wconf 83' lang='lat' dir='ltr'>dubitatione</span> <span class='ocrx_word' id='word_1_62' title='bbox 1834 1041 1947 1091; x_wconf 86' lang='lat' dir='ltr'>pro-</span> 
     </span>
    </p>

    <p class='ocr_par' dir='ltr' id='par_1_6' title="bbox 176 1099 1953 1459">
     <span class='ocr_line' id='line_1_11' title="bbox 176 1099 1952 1167; baseline -0.002 -16"><span class='ocrx_word' id='word_1_63' title='bbox 176 1111 229 1151; x_wconf 89' lang='lat'>10</span> <span class='ocrx_word' id='word_1_64' title='bbox 260 1100 421 1167; x_wconf 82' lang='lat' dir='ltr'>pheta.</span> <span class='ocrx_word' id='word_1_65' title='bbox 499 1099 582 1150; x_wconf 82' lang='lat' dir='ltr'>Sic</span> <span class='ocrx_word' id='word_1_66' title='bbox 632 1102 765 1150; x_wconf 90' lang='lat' dir='ltr'>enim</span> <span class='ocrx_word' id='word_1_67' title='bbox 813 1101 1054 1165; x_wconf 83' lang='lat' dir='ltr'>seriptum</span> <span class='ocrx_word' id='word_1_68' title='bbox 1101 1106 1199 1149; x_wconf 88' lang='lat' dir='ltr'>est:</span> <span class='ocrx_word' id='word_1_69' title='bbox 1254 1100 1319 1148; x_wconf 88' lang='lat' dir='ltr'>Et</span> <span class='ocrx_word' id='word_1_70' title='bbox 1365 1102 1501 1149; x_wconf 80' lang='lat' dir='ltr'>venit</span> <span class='ocrx_word' id='word_1_71' title='bbox 1545 1101 1688 1149; x_wconf 80' lang='lat' dir='ltr'>homo</span> <span class='ocrx_word' id='word_1_72' title='bbox 1737 1100 1836 1150; x_wconf 86' lang='lat' dir='ltr'>Dei</span> <span class='ocrx_word' id='word_1_73' title='bbox 1879 1100 1952 1149; x_wconf 83' lang='lat' dir='ltr'>ad</span> 
     </span>
     <span class='ocr_line' id='line_1_12' title="bbox 262 1174 1950 1226; baseline -0.002 0"><span class='ocrx_word' id='word_1_74' title='bbox 262 1175 379 1226; x_wconf 85' lang='lat' dir='ltr'>Heli</span> <span class='ocrx_word' id='word_1_75' title='bbox 424 1181 474 1224; x_wconf 92' lang='lat' dir='ltr'>et</span> <span class='ocrx_word' id='word_1_76' title='bbox 520 1177 676 1224; x_wconf 74' lang='lat' dir='ltr'>dixit:</span> <span class='ocrx_word' id='word_1_77' title='bbox 726 1175 870 1225; x_wconf 83' lang='lat' dir='ltr'>Haeo</span> <span class='ocrx_word' id='word_1_78' title='bbox 908 1175 1035 1224; x_wconf 79' lang='lat' dir='ltr'>dicit</span> <span class='ocrx_word' id='word_1_79' title='bbox 1072 1175 1341 1224; x_wconf 75' lang='lat' dir='ltr'>Dominus:</span> <span class='ocrx_word' id='word_1_80' title='bbox 1388 1174 1658 1223; x_wconf 80' lang='lat' dir='ltr'>Revelatus</span> <span class='ocrx_word' id='word_1_81' title='bbox 1697 1176 1950 1224; x_wconf 76' lang='lat' dir='ltr'>revelatus</span> 
     </span>
     <span class='ocr_line' id='line_1_13' title="bbox 262 1242 1953 1311; baseline -0.002 -12"><span class='ocrx_word' id='word_1_82' title='bbox 262 1263 370 1299; x_wconf 88' lang='lat' dir='ltr'>sum</span> <span class='ocrx_word' id='word_1_83' title='bbox 410 1251 483 1298; x_wconf 80' lang='lat' dir='ltr'>ad</span> <span class='ocrx_word' id='word_1_84' title='bbox 517 1251 715 1299; x_wconf 84' lang='lat' dir='ltr'>domum</span> <span class='ocrx_word' id='word_1_85' title='bbox 757 1251 927 1311; x_wconf 80' lang='lat' dir='ltr'>patris</span> <span class='ocrx_word' id='word_1_86' title='bbox 965 1250 1059 1308; x_wconf 87' lang='lat' dir='ltr'>tui,</span> <span class='ocrx_word' id='word_1_87' title='bbox 1107 1242 1220 1298; x_wconf 80' lang='lat' dir='ltr'>eum</span> <span class='ocrx_word' id='word_1_88' title='bbox 1260 1253 1423 1297; x_wconf 81' lang='lat' dir='ltr'>essent</span> <span class='ocrx_word' id='word_1_89' title='bbox 1460 1250 1512 1296; x_wconf 87' lang='lat' dir='ltr'>in</span> <span class='ocrx_word' id='word_1_90' title='bbox 1552 1253 1695 1296; x_wconf 87' lang='lat' dir='ltr'>terra</span> <span class='ocrx_word' id='word_1_91' title='bbox 1733 1248 1953 1310; x_wconf 70' lang='lat' dir='ltr'>Aeyypti</span> 
     </span>
     <span class='ocr_line' id='line_1_14' title="bbox 262 1322 1950 1383; baseline -0.002 -11"><span class='ocrx_word' id='word_1_92' title='bbox 262 1324 399 1374; x_wconf 81' lang='lat' dir='ltr'>servi</span> <span class='ocrx_word' id='word_1_93' title='bbox 444 1325 496 1372; x_wconf 86' lang='lat' dir='ltr'>in</span> <span class='ocrx_word' id='word_1_94' title='bbox 542 1325 687 1372; x_wconf 85' lang='lat' dir='ltr'>domo</span> <span class='ocrx_word' id='word_1_95' title='bbox 735 1324 943 1372; x_wconf 81' lang='lat' dir='ltr'>Pharao</span> <span class='ocrx_word' id='word_1_96' title='bbox 953 1339 971 1379; x_wconf 91' lang='lat'><em>;</em></span> <span class='ocrx_word' id='word_1_97' title='bbox 1025 1328 1074 1371; x_wconf 92' lang='lat' dir='ltr'>et</span> <span class='ocrx_word' id='word_1_98' title='bbox 1128 1323 1261 1383; x_wconf 72' lang='lat' dir='ltr'>eleqi</span> <span class='ocrx_word' id='word_1_99' title='bbox 1304 1323 1502 1371; x_wconf 86' lang='lat' dir='ltr'>domum</span> <span class='ocrx_word' id='word_1_100' title='bbox 1541 1322 1711 1383; x_wconf 81' lang='lat' dir='ltr'>patris</span> <span class='ocrx_word' id='word_1_101' title='bbox 1757 1323 1834 1371; x_wconf 85' lang='lat' dir='ltr'>tui</span> <span class='ocrx_word' id='word_1_102' title='bbox 1884 1335 1950 1371; x_wconf 81' lang='lat' dir='ltr'>ex</span> 
     </span>
     <span class='ocr_line' id='line_1_15' title="bbox 263 1393 1948 1459; baseline -0.001 -13"><span class='ocrx_word' id='word_1_103' title='bbox 263 1397 489 1447; x_wconf 85' lang='lat' dir='ltr'>omnibus</span> <span class='ocrx_word' id='word_1_104' title='bbox 527 1399 741 1459; x_wconf 79' lang='lat' dir='ltr'>sceptris</span> <span class='ocrx_word' id='word_1_105' title='bbox 782 1396 950 1445; x_wconf 78' lang='lat' dir='ltr'>Israel</span> <span class='ocrx_word' id='word_1_106' title='bbox 985 1397 1109 1445; x_wconf 81' lang='lat' dir='ltr'>mihi</span> <span class='ocrx_word' id='word_1_107' title='bbox 1144 1397 1433 1445; x_wconf 80' lang='lat' dir='ltr'>sacerdotio</span> <span class='ocrx_word' id='word_1_108' title='bbox 1467 1393 1640 1457; x_wconf 72' lang='lat' dir='ltr'>funyi,</span> <span class='ocrx_word' id='word_1_109' title='bbox 1680 1400 1738 1444; x_wconf 85' lang='lat' dir='ltr'>ut</span> <span class='ocrx_word' id='word_1_110' title='bbox 1774 1410 1948 1445; x_wconf 81' lang='lat' dir='ltr'>aseen-</span> 
     </span>
    </p>

    <p class='ocr_par' dir='ltr' id='par_1_7' title="bbox 178 1471 1952 1828">
     <span class='ocr_line' id='line_1_16' title="bbox 178 1471 1948 1531; baseline -0.002 -11"><span class='ocrx_word' id='word_1_111' title='bbox 178 1479 232 1520; x_wconf 82' lang='lat'>15</span> <span class='ocrx_word' id='word_1_112' title='bbox 265 1473 446 1522; x_wconf 82' lang='lat' dir='ltr'>derent</span> <span class='ocrx_word' id='word_1_113' title='bbox 479 1472 553 1520; x_wconf 82' lang='lat' dir='ltr'>ad</span> <span class='ocrx_word' id='word_1_114' title='bbox 589 1474 756 1520; x_wconf 83' lang='lat' dir='ltr'>altare</span> <span class='ocrx_word' id='word_1_115' title='bbox 794 1484 955 1518; x_wconf 86' lang='lat' dir='ltr'>meum</span> <span class='ocrx_word' id='word_1_116' title='bbox 995 1474 1044 1519; x_wconf 88' lang='lat' dir='ltr'>et</span> <span class='ocrx_word' id='word_1_117' title='bbox 1082 1471 1416 1519; x_wconf 76' lang='lat' dir='ltr'>incenderent</span> <span class='ocrx_word' id='word_1_118' title='bbox 1453 1471 1710 1518; x_wconf 84' lang='lat' dir='ltr'>incensum</span> <span class='ocrx_word' id='word_1_119' title='bbox 1747 1474 1797 1519; x_wconf 92' lang='lat' dir='ltr'>et</span> <span class='ocrx_word' id='word_1_120' title='bbox 1827 1483 1948 1531; x_wconf 85' lang='lat' dir='ltr'>por-</span> 
     </span>
     <span class='ocr_line' id='line_1_17' title="bbox 266 1544 1952 1607; baseline -0.001 -13"><span class='ocrx_word' id='word_1_121' title='bbox 266 1549 438 1594; x_wconf 74' lang='lat' dir='ltr'>tarent</span> <span class='ocrx_word' id='word_1_122' title='bbox 490 1544 698 1607; x_wconf 77' lang='lat' dir='ltr'>Ephod;</span> <span class='ocrx_word' id='word_1_123' title='bbox 751 1549 800 1593; x_wconf 87' lang='lat' dir='ltr'>et</span> <span class='ocrx_word' id='word_1_124' title='bbox 854 1545 974 1593; x_wconf 82' lang='lat' dir='ltr'>dedi</span> <span class='ocrx_word' id='word_1_125' title='bbox 1018 1545 1190 1592; x_wconf 82' lang='lat' dir='ltr'>domui</span> <span class='ocrx_word' id='word_1_126' title='bbox 1236 1545 1405 1606; x_wconf 81' lang='lat' dir='ltr'>patris</span> <span class='ocrx_word' id='word_1_127' title='bbox 1453 1544 1530 1592; x_wconf 84' lang='lat' dir='ltr'>tui</span> <span class='ocrx_word' id='word_1_128' title='bbox 1575 1544 1764 1604; x_wconf 86' lang='lat' dir='ltr'>omnia,</span> <span class='ocrx_word' id='word_1_129' title='bbox 1819 1557 1952 1604; x_wconf 79' lang='lat' dir='ltr'>quae</span> 
     </span>
     <span class='ocr_line' id='line_1_18' title="bbox 265 1617 1950 1679; baseline -0.001 -11"><span class='ocrx_word' id='word_1_130' title='bbox 265 1623 384 1668; x_wconf 83' lang='lat' dir='ltr'>sunt</span> <span class='ocrx_word' id='word_1_131' title='bbox 436 1620 568 1679; x_wconf 63' lang='lat' dir='ltr'>ionis</span> <span class='ocrx_word' id='word_1_132' title='bbox 617 1620 840 1677; x_wconf 74' lang='lat' dir='ltr'>filiorum</span> <span class='ocrx_word' id='word_1_133' title='bbox 889 1617 1075 1677; x_wconf 84' lang='lat' dir='ltr'>Israel,</span> <span class='ocrx_word' id='word_1_134' title='bbox 1130 1619 1182 1666; x_wconf 90' lang='lat' dir='ltr'>in</span> <span class='ocrx_word' id='word_1_135' title='bbox 1229 1630 1408 1667; x_wconf 82' lang='lat' dir='ltr'>eseam.</span> <span class='ocrx_word' id='word_1_136' title='bbox 1487 1617 1553 1665; x_wconf 88' lang='lat' dir='ltr'>Et</span> <span class='ocrx_word' id='word_1_137' title='bbox 1598 1621 1655 1665; x_wconf 84' lang='lat' dir='ltr'>ut</span> <span class='ocrx_word' id='word_1_138' title='bbox 1698 1618 1824 1678; x_wconf 81' lang='lat' dir='ltr'>quid</span> <span class='ocrx_word' id='word_1_139' title='bbox 1869 1630 1950 1666; x_wconf 85' lang='lat' dir='ltr'>re-</span> 
     </span>
     <span class='ocr_line' id='line_1_19' title="bbox 265 1688 1950 1754; baseline -0.001 -13"><span class='ocrx_word' id='word_1_140' title='bbox 265 1694 478 1754; x_wconf 71' lang='lat' dir='ltr'>spexisti</span> <span class='ocrx_word' id='word_1_141' title='bbox 523 1695 574 1742; x_wconf 90' lang='lat' dir='ltr'>in</span> <span class='ocrx_word' id='word_1_142' title='bbox 625 1694 883 1741; x_wconf 81' lang='lat' dir='ltr'>incensum</span> <span class='ocrx_word' id='word_1_143' title='bbox 928 1705 1090 1740; x_wconf 88' lang='lat' dir='ltr'>meum</span> <span class='ocrx_word' id='word_1_144' title='bbox 1136 1697 1184 1740; x_wconf 91' lang='lat' dir='ltr'>et</span> <span class='ocrx_word' id='word_1_145' title='bbox 1235 1694 1286 1740; x_wconf 89' lang='lat' dir='ltr'>in</span> <span class='ocrx_word' id='word_1_146' title='bbox 1325 1693 1638 1750; x_wconf 78' lang='lat' dir='ltr'>sacrificium</span> <span class='ocrx_word' id='word_1_147' title='bbox 1676 1703 1838 1740; x_wconf 88' lang='lat' dir='ltr'>meum</span> <span class='ocrx_word' id='word_1_148' title='bbox 1877 1688 1950 1739; x_wconf 56' lang='lat' dir='ltr'>inss</span> 
     </span>
     <span class='ocr_line' id='line_1_20' title="bbox 260 1765 1951 1828; baseline -0.001 -13"><span class='ocrx_word' id='word_1_149' title='bbox 260 1767 478 1828; x_wconf 80' lang='lat' dir='ltr'>pudenti</span> <span class='ocrx_word' id='word_1_150' title='bbox 521 1769 668 1815; x_wconf 81' lang='lat' dir='ltr'>oculo</span> <span class='ocrx_word' id='word_1_151' title='bbox 715 1770 764 1814; x_wconf 91' lang='lat' dir='ltr'>et</span> <span class='ocrx_word' id='word_1_152' title='bbox 804 1767 1111 1826; x_wconf 56' lang='lat' dir='ltr'>glorificasti</span> <span class='ocrx_word' id='word_1_153' title='bbox 1144 1767 1278 1824; x_wconf 78' lang='lat' dir='ltr'>lilios</span> <span class='ocrx_word' id='word_1_154' title='bbox 1318 1771 1427 1814; x_wconf 85' lang='lat' dir='ltr'>tuos</span> <span class='ocrx_word' id='word_1_155' title='bbox 1465 1779 1619 1826; x_wconf 87' lang='lat' dir='ltr'>super</span> <span class='ocrx_word' id='word_1_156' title='bbox 1658 1777 1759 1824; x_wconf 91' lang='lat' dir='ltr'>me,-</span> <span class='ocrx_word' id='word_1_157' title='bbox 1806 1765 1951 1814; x_wconf 84' lang='lat' dir='ltr'>bene-</span> 
     </span>
    </p>

    <p class='ocr_par' dir='ltr' id='par_1_8' title="bbox 179 1837 1956 2195">
     <span class='ocr_line' id='line_1_21' title="bbox 179 1837 1952 1902; baseline -0.001 -13"><span class='ocrx_word' id='word_1_158' title='bbox 179 1849 235 1889; x_wconf 81' lang='lat'>20</span> <span class='ocrx_word' id='word_1_159' title='bbox 268 1842 442 1889; x_wconf 78' lang='lat' dir='ltr'>dicere</span> <span class='ocrx_word' id='word_1_160' title='bbox 481 1841 739 1902; x_wconf 79' lang='lat' dir='ltr'>primitias</span> <span class='ocrx_word' id='word_1_161' title='bbox 786 1841 945 1888; x_wconf 85' lang='lat' dir='ltr'>omnis</span> <span class='ocrx_word' id='word_1_162' title='bbox 988 1841 1242 1897; x_wconf 77' lang='lat' dir='ltr'>sacrificii</span> <span class='ocrx_word' id='word_1_163' title='bbox 1286 1838 1337 1887; x_wconf 88' lang='lat' dir='ltr'>in</span> <span class='ocrx_word' id='word_1_164' title='bbox 1377 1837 1546 1887; x_wconf 80' lang='lat' dir='ltr'>Israel</span> <span class='ocrx_word' id='word_1_165' title='bbox 1591 1840 1643 1887; x_wconf 80' lang='lat' dir='ltr'>in</span> <span class='ocrx_word' id='word_1_166' title='bbox 1683 1843 1952 1901; x_wconf 81' lang='lat' dir='ltr'>conspectu</span> 
     </span>
     <span class='ocr_line' id='line_1_22' title="bbox 267 1912 1953 1975; baseline -0.001 -13"><span class='ocrx_word' id='word_1_167' title='bbox 267 1915 407 1963; x_wconf 84' lang='lat' dir='ltr'>meo?</span> <span class='ocrx_word' id='word_1_168' title='bbox 482 1914 700 1975; x_wconf 82' lang='lat' dir='ltr'>Propter</span> <span class='ocrx_word' id='word_1_169' title='bbox 761 1914 856 1962; x_wconf 79' lang='lat' dir='ltr'>hoc</span> <span class='ocrx_word' id='word_1_170' title='bbox 910 1914 1049 1962; x_wconf 79' lang='lat' dir='ltr'>haec·</span> <span class='ocrx_word' id='word_1_171' title='bbox 1101 1914 1227 1962; x_wconf 82' lang='lat' dir='ltr'>dicit</span> <span class='ocrx_word' id='word_1_172' title='bbox 1279 1913 1522 1961; x_wconf 83' lang='lat' dir='ltr'>Dominus</span> <span class='ocrx_word' id='word_1_173' title='bbox 1575 1913 1712 1961; x_wconf 87' lang='lat' dir='ltr'>Deus</span> <span class='ocrx_word' id='word_1_174' title='bbox 1766 1912 1953 1961; x_wconf 81' lang='lat' dir='ltr'>Israel:</span> 
     </span>
     <span class='ocr_line' id='line_1_23' title="bbox 269 1987 1953 2048; baseline -0.001 -12"><span class='ocrx_word' id='word_1_175' title='bbox 269 1987 417 2036; x_wconf 74' lang='lat' dir='ltr'>Dixi:</span> <span class='ocrx_word' id='word_1_176' title='bbox 465 1988 653 2036; x_wconf 86' lang='lat' dir='ltr'>Domus</span> <span class='ocrx_word' id='word_1_177' title='bbox 698 1992 787 2036; x_wconf 84' lang='lat' dir='ltr'>tua</span> <span class='ocrx_word' id='word_1_178' title='bbox 834 1991 884 2035; x_wconf 90' lang='lat' dir='ltr'>et</span> <span class='ocrx_word' id='word_1_179' title='bbox 929 1988 1102 2035; x_wconf 82' lang='lat' dir='ltr'>domus</span> <span class='ocrx_word' id='word_1_180' title='bbox 1133 1987 1302 2048; x_wconf 79' lang='lat' dir='ltr'>patris</span> <span class='ocrx_word' id='word_1_181' title='bbox 1341 1988 1416 2035; x_wconf 88' lang='lat' dir='ltr'>tui</span> <span class='ocrx_word' id='word_1_182' title='bbox 1453 1987 1743 2035; x_wconf 83' lang='lat' dir='ltr'>transibunt</span> <span class='ocrx_word' id='word_1_183' title='bbox 1778 1991 1953 2035; x_wconf 80' lang='lat' dir='ltr'>coram</span> 
     </span>
     <span class='ocr_line' id='line_1_24' title="bbox 268 2059 1952 2121; baseline -0.001 -11"><span class='ocrx_word' id='word_1_184' title='bbox 268 2074 346 2110; x_wconf 90' lang='lat' dir='ltr'>me</span> <span class='ocrx_word' id='word_1_185' title='bbox 383 2074 541 2121; x_wconf 81' lang='lat' dir='ltr'>usque</span> <span class='ocrx_word' id='word_1_186' title='bbox 580 2063 632 2109; x_wconf 91' lang='lat' dir='ltr'>in</span> <span class='ocrx_word' id='word_1_187' title='bbox 664 2065 938 2109; x_wconf 82' lang='lat' dir='ltr'>aeternum.</span> <span class='ocrx_word' id='word_1_188' title='bbox 1016 2060 1084 2108; x_wconf 89' lang='lat' dir='ltr'>Et</span> <span class='ocrx_word' id='word_1_189' title='bbox 1120 2074 1256 2108; x_wconf 84' lang='lat' dir='ltr'>nune</span> <span class='ocrx_word' id='word_1_190' title='bbox 1295 2061 1422 2108; x_wconf 79' lang='lat' dir='ltr'>dicit</span> <span class='ocrx_word' id='word_1_191' title='bbox 1451 2060 1714 2108; x_wconf 82' lang='lat' dir='ltr'>Dominus:</span> <span class='ocrx_word' id='word_1_192' title='bbox 1755 2059 1952 2120; x_wconf 81' lang='lat' dir='ltr'>Nequa-</span> 
     </span>
     <span class='ocr_line' id='line_1_25' title="bbox 271 2133 1956 2195; baseline -0.001 -12"><span class='ocrx_word' id='word_1_193' title='bbox 271 2148 443 2195; x_wconf 77' lang='lat' dir='ltr'>quam,</span> <span class='ocrx_word' id='word_1_194' title='bbox 498 2135 590 2183; x_wconf 83' lang='lat' dir='ltr'>sed</span> <span class='ocrx_word' id='word_1_195' title='bbox 637 2134 987 2194; x_wconf 61' lang='lat' dir='ltr'>glorificantes</span> <span class='ocrx_word' id='word_1_196' title='bbox 1040 2147 1118 2182; x_wconf 89' lang='lat' dir='ltr'>me</span> <span class='ocrx_word' id='word_1_197' title='bbox 1159 2133 1482 2193; x_wconf 65' lang='lat' dir='ltr'>olorisieaDO,</span> <span class='ocrx_word' id='word_1_198' title='bbox 1537 2137 1587 2182; x_wconf 90' lang='lat' dir='ltr'>et</span> <span class='ocrx_word' id='word_1_199' title='bbox 1628 2134 1718 2193; x_wconf 79' lang='lat' dir='ltr'>qui</span> <span class='ocrx_word' id='word_1_200' title='bbox 1760 2135 1956 2195; x_wconf 79' lang='lat' dir='ltr'>spernit</span> 
     </span>
    </p>

    <p class='ocr_par' dir='ltr' id='par_1_9' title="bbox 183 2206 1957 2562">
     <span class='ocr_line' id='line_1_26' title="bbox 183 2206 1955 2271; baseline -0.001 -14"><span class='ocrx_word' id='word_1_201' title='bbox 183 2216 239 2257; x_wconf 83' lang='lat'>25</span> <span class='ocrx_word' id='word_1_202' title='bbox 271 2221 361 2267; x_wconf 87' lang='lat' dir='ltr'>me,</span> <span class='ocrx_word' id='word_1_203' title='bbox 400 2211 682 2269; x_wconf 80' lang='lat' dir='ltr'>spernetur.</span> <span class='ocrx_word' id='word_1_204' title='bbox 760 2206 897 2255; x_wconf 80' lang='lat' dir='ltr'>Eece</span> <span class='ocrx_word' id='word_1_205' title='bbox 927 2207 1035 2255; x_wconf 84' lang='lat' dir='ltr'>dies</span> <span class='ocrx_word' id='word_1_206' title='bbox 1066 2208 1285 2271; x_wconf 82' lang='lat' dir='ltr'>veniunt,</span> <span class='ocrx_word' id='word_1_207' title='bbox 1324 2212 1373 2254; x_wconf 90' lang='lat' dir='ltr'>et</span> <span class='ocrx_word' id='word_1_208' title='bbox 1403 2207 1752 2256; x_wconf 74' lang='lat' dir='ltr'>exterminabo</span> <span class='ocrx_word' id='word_1_209' title='bbox 1790 2220 1955 2256; x_wconf 88' lang='lat' dir='ltr'>semen</span> 
     </span>
     <span class='ocr_line' id='line_1_27' title="bbox 271 2281 1955 2341; baseline -0.001 -12"><span class='ocrx_word' id='word_1_210' title='bbox 271 2287 409 2330; x_wconf 50' lang='lat' dir='ltr'>tuum&gt;</span> <span class='ocrx_word' id='word_1_211' title='bbox 448 2286 498 2329; x_wconf 89' lang='lat' dir='ltr'>et</span> <span class='ocrx_word' id='word_1_212' title='bbox 532 2294 698 2329; x_wconf 89' lang='lat' dir='ltr'>semen</span> <span class='ocrx_word' id='word_1_213' title='bbox 737 2281 911 2328; x_wconf 82' lang='lat' dir='ltr'>domus</span> <span class='ocrx_word' id='word_1_214' title='bbox 943 2282 1111 2341; x_wconf 81' lang='lat' dir='ltr'>patris</span> <span class='ocrx_word' id='word_1_215' title='bbox 1151 2282 1244 2339; x_wconf 87' lang='lat' dir='ltr'>tui,</span> <span class='ocrx_word' id='word_1_216' title='bbox 1293 2285 1342 2328; x_wconf 87' lang='lat' dir='ltr'>et</span> <span class='ocrx_word' id='word_1_217' title='bbox 1378 2293 1477 2328; x_wconf 90' lang='lat' dir='ltr'>non</span> <span class='ocrx_word' id='word_1_218' title='bbox 1518 2281 1618 2329; x_wconf 90' lang='lat' dir='ltr'>erit</span> <span class='ocrx_word' id='word_1_219' title='bbox 1655 2281 1748 2329; x_wconf 85' lang='lat' dir='ltr'>tibi</span> <span class='ocrx_word' id='word_1_220' title='bbox 1783 2282 1955 2330; x_wconf 90' lang='lat' dir='ltr'>senior</span> 
     </span>
     <span class='ocr_line' id='line_1_28' title="bbox 270 2354 1957 2413; baseline -0.001 -10"><span class='ocrx_word' id='word_1_221' title='bbox 270 2358 322 2403; x_wconf 88' lang='lat' dir='ltr'>in</span> <span class='ocrx_word' id='word_1_222' title='bbox 362 2356 505 2404; x_wconf 83' lang='lat' dir='ltr'>domo</span> <span class='ocrx_word' id='word_1_223' title='bbox 543 2367 656 2402; x_wconf 83' lang='lat' dir='ltr'>mea</span> <span class='ocrx_word' id='word_1_224' title='bbox 693 2354 920 2402; x_wconf 82' lang='lat' dir='ltr'>omnibus</span> <span class='ocrx_word' id='word_1_225' title='bbox 960 2354 1149 2413; x_wconf 75' lang='lat' dir='ltr'>diebu3‚</span> <span class='ocrx_word' id='word_1_226' title='bbox 1189 2359 1238 2402; x_wconf 84' lang='lat' dir='ltr'>et</span> <span class='ocrx_word' id='word_1_227' title='bbox 1277 2356 1438 2401; x_wconf 83' lang='lat' dir='ltr'>virum</span> <span class='ocrx_word' id='word_1_228' title='bbox 1478 2354 1843 2403; x_wconf 75' lang='lat' dir='ltr'>exterminabo·</span> <span class='ocrx_word' id='word_1_229' title='bbox 1864 2354 1957 2402; x_wconf 82' lang='lat' dir='ltr'>tibi</span> 
     </span>
     <span class='ocr_line' id='line_1_29' title="bbox 270 2428 1953 2487; baseline -0.002 -8"><span class='ocrx_word' id='word_1_230' title='bbox 270 2429 335 2481; x_wconf 79' lang='lat' dir='ltr'>ab</span> <span class='ocrx_word' id='word_1_231' title='bbox 375 2430 534 2477; x_wconf 81' lang='lat' dir='ltr'>altari</span> <span class='ocrx_word' id='word_1_232' title='bbox 577 2439 704 2486; x_wconf 85' lang='lat' dir='ltr'>meo,</span> <span class='ocrx_word' id='word_1_233' title='bbox 754 2431 811 2475; x_wconf 88' lang='lat' dir='ltr'>ut</span> <span class='ocrx_word' id='word_1_234' title='bbox 860 2428 1101 2485; x_wconf 76' lang='lat' dir='ltr'>deficiant</span> <span class='ocrx_word' id='word_1_235' title='bbox 1146 2429 1284 2476; x_wconf 75' lang='lat' dir='ltr'>oculi</span> <span class='ocrx_word' id='word_1_236' title='bbox 1319 2429 1427 2476; x_wconf 87' lang='lat' dir='ltr'>eius</span> <span class='ocrx_word' id='word_1_237' title='bbox 1465 2432 1515 2475; x_wconf 91' lang='lat' dir='ltr'>et</span> <span class='ocrx_word' id='word_1_238' title='bbox 1552 2429 1743 2487; x_wconf 80' lang='lat' dir='ltr'>defluat</span> <span class='ocrx_word' id='word_1_239' title='bbox 1781 2429 1953 2476; x_wconf 81' lang='lat' dir='ltr'>anima</span> 
     </span>
     <span class='ocr_line' id='line_1_30' title="bbox 272 2502 1954 2562; baseline -0.001 -11"><span class='ocrx_word' id='word_1_240' title='bbox 272 2505 408 2557; x_wconf 85' lang='lat' dir='ltr'>eius;</span> <span class='ocrx_word' id='word_1_241' title='bbox 455 2507 503 2551; x_wconf 90' lang='lat' dir='ltr'>et</span> <span class='ocrx_word' id='word_1_242' title='bbox 548 2503 706 2551; x_wconf 85' lang='lat' dir='ltr'>omnis</span> <span class='ocrx_word' id='word_1_243' title='bbox 752 2502 842 2562; x_wconf 81' lang='lat' dir='ltr'>qui</span> <span class='ocrx_word' id='word_1_244' title='bbox 876 2503 1198 2562; x_wconf 78' lang='lat' dir='ltr'>superaverit</span> <span class='ocrx_word' id='word_1_245' title='bbox 1236 2502 1409 2550; x_wconf 83' lang='lat' dir='ltr'>domus</span> <span class='ocrx_word' id='word_1_246' title='bbox 1448 2506 1591 2562; x_wconf 85' lang='lat' dir='ltr'>tuae,</span> <span class='ocrx_word' id='word_1_247' title='bbox 1630 2502 1866 2550; x_wconf 81' lang='lat' dir='ltr'>decident</span> <span class='ocrx_word' id='word_1_248' title='bbox 1902 2503 1954 2549; x_wconf 88' lang='lat' dir='ltr'>in</span> 
     </span>
    </p>

    <p class='ocr_par' dir='ltr' id='par_1_10' title="bbox 184 2573 1953 2637">
     <span class='ocr_line' id='line_1_31' title="bbox 184 2573 1953 2637; baseline -0.001 -13"><span class='ocrx_word' id='word_1_249' title='bbox 184 2585 241 2626; x_wconf 83' lang='lat'>30</span> <span class='ocrx_word' id='word_1_250' title='bbox 269 2577 443 2637; x_wconf 56' lang='lat' dir='ltr'>eladio</span> <span class='ocrx_word' id='word_1_251' title='bbox 482 2576 720 2624; x_wconf 82' lang='lat' dir='ltr'>virorum.</span> <span class='ocrx_word' id='word_1_252' title='bbox 798 2573 865 2622; x_wconf 91' lang='lat' dir='ltr'>Et</span> <span class='ocrx_word' id='word_1_253' title='bbox 909 2575 1003 2624; x_wconf 78' lang='lat' dir='ltr'>hoe</span> <span class='ocrx_word' id='word_1_254' title='bbox 1038 2575 1136 2623; x_wconf 68' lang='lat' dir='ltr'>‘tibi</span> <span class='ocrx_word' id='word_1_255' title='bbox 1170 2575 1387 2635; x_wconf 71' lang='lat' dir='ltr'>siqnum,</span> <span class='ocrx_word' id='word_1_256' title='bbox 1427 2575 1565 2635; x_wconf 82' lang='lat' dir='ltr'>quod</span> <span class='ocrx_word' id='word_1_257' title='bbox 1600 2576 1765 2623; x_wconf 80' lang='lat' dir='ltr'>veniet</span> <span class='ocrx_word' id='word_1_258' title='bbox 1799 2587 1953 2636; x_wconf 82' lang='lat' dir='ltr'>super</span> 
     </span>
    </p>
   </div>
   <div class='ocr_carea' id='block_1_6' title="bbox 275 2699 552 2704">
    <p class='ocr_par' dir='ltr' id='par_1_11' title="bbox 275 2699 552 2704">
     <span class='ocr_line' id='line_1_32' title="bbox 275 2699 552 2704; baseline 0 0"><span class='ocrx_word' id='word_1_259' title='bbox 275 2699 552 2704; x_wconf 95' lang='lat' dir='ltr'> </span> 
     </span>
    </p>
   </div>
   <div class='ocr_carea' id='block_1_7' title="bbox 275 2739 1957 2934">
    <p class='ocr_par' dir='ltr' id='par_1_12' title="bbox 275 2739 1957 2934">
     <span class='ocr_line' id='line_1_33' title="bbox 395 2739 1953 2813; baseline 0 -11"><span class='ocrx_word' id='word_1_260' title='bbox 395 2765 447 2802; x_wconf 86' lang='lat'>11</span> <span class='ocrx_word' id='word_1_261' title='bbox 490 2739 723 2804; x_wconf 66' lang='lat' dir='ltr'>reuelatus</span> <span class='ocrx_word' id='word_1_262' title='bbox 761 2759 994 2804; x_wconf 79' lang='lat' dir='ltr'>reuelatus</span> <span class='ocrx_word' id='word_1_263' title='bbox 1033 2759 1079 2803; x_wconf 83' lang='lat' dir='ltr'><strong><em>R</em></strong></span> <span class='ocrx_word' id='word_1_264' title='bbox 1118 2772 1199 2806; x_wconf 83' lang='lat' dir='ltr'>see.</span> <span class='ocrx_word' id='word_1_265' title='bbox 1233 2759 1419 2813; x_wconf 81' lang='lat' dir='ltr'>Graee.;</span> <span class='ocrx_word' id='word_1_266' title='bbox 1457 2759 1687 2803; x_wconf 83' lang='lat' dir='ltr'>Reuelans</span> <span class='ocrx_word' id='word_1_267' title='bbox 1719 2758 1953 2803; x_wconf 72' lang='lat' dir='ltr'>reuelatus</span> 
     </span>
     <span class='ocr_line' id='line_1_34' title="bbox 275 2816 1957 2875; baseline -0.001 -13"><span class='ocrx_word' id='word_1_268' title='bbox 275 2819 347 2862; x_wconf 81' lang='lat' dir='ltr'>Av</span> <span class='ocrx_word' id='word_1_269' title='bbox 370 2820 386 2874; x_wconf 75' lang='grc' dir='ltr'><strong>Η</strong></span> <span class='ocrx_word' id='word_1_270' title='bbox 411 2823 464 2861; x_wconf 84' lang='grc'>13</span> <span class='ocrx_word' id='word_1_271' title='bbox 496 2818 672 2874; x_wconf 81' lang='lat' dir='ltr'>pharao</span> <span class='ocrx_word' id='word_1_272' title='bbox 705 2818 803 2874; x_wconf 75' lang='lat' dir='ltr'>Fey</span> <span class='ocrx_word' id='word_1_273' title='bbox 831 2820 960 2872; x_wconf 76' lang='lat'><strong><em>(214,</em></strong></span> <span class='ocrx_word' id='word_1_274' title='bbox 991 2822 1064 2873; x_wconf 85' lang='lat'><em>7),·</em></span> <span class='ocrx_word' id='word_1_275' title='bbox 1094 2818 1349 2863; x_wconf 83' lang='lat' dir='ltr'>Pharaonis</span> <span class='ocrx_word' id='word_1_276' title='bbox 1376 2831 1406 2868; x_wconf 56' lang='lat' dir='ltr'>‚v</span> <span class='ocrx_word' id='word_1_277' title='bbox 1429 2819 1444 2874; x_wconf 81' lang='grc' dir='ltr'>ΙΙ</span> <span class='ocrx_word' id='word_1_278' title='bbox 1467 2822 1524 2862; x_wconf 81' lang='lat'>20</span> <span class='ocrx_word' id='word_1_279' title='bbox 1557 2817 1724 2875; x_wconf 82' lang='lat' dir='ltr'>omnis]</span> <span class='ocrx_word' id='word_1_280' title='bbox 1758 2816 1957 2862; x_wconf 78' lang='lat' dir='ltr'>nominis</span> 
     </span>
     <span class='ocr_line' id='line_1_35' title="bbox 276 2876 1461 2934; baseline 0.001 -13"><span class='ocrx_word' id='word_1_281' title='bbox 276 2876 367 2921; x_wconf 75' lang='grc' dir='ltr'>ΒΑ</span> <span class='ocrx_word' id='word_1_282' title='bbox 391 2879 406 2934; x_wconf 74' lang='grc' dir='ltr'>ΙΙ</span> <span class='ocrx_word' id='word_1_283' title='bbox 430 2881 484 2920; x_wconf 80' lang='grc'>29</span> <span class='ocrx_word' id='word_1_284' title='bbox 518 2876 733 2922; x_wconf 74' lang='lat' dir='ltr'>decident</span> <span class='ocrx_word' id='word_1_285' title='bbox 762 2876 861 2921; x_wconf 79' lang='lat' dir='ltr'>RF</span> <span class='ocrx_word' id='word_1_286' title='bbox 886 2890 967 2923; x_wconf 78' lang='lat' dir='ltr'>sec.</span> <span class='ocrx_word' id='word_1_287' title='bbox 1000 2876 1157 2922; x_wconf 79' lang='lat' dir='ltr'>Graec.</span> <span class='ocrx_word' id='word_1_288' title='bbox 1168 2893 1185 2931; x_wconf 87' lang='lat'>,·</span> <span class='ocrx_word' id='word_1_289' title='bbox 1225 2877 1408 2922; x_wconf 71' lang='lat' dir='ltr'>decidet</span> <span class='ocrx_word' id='word_1_290' title='bbox 1435 2891 1461 2922; x_wconf 85' lang='lat' dir='ltr'><em>v</em></span> 
     </span>
    </p>
   </div>
  </div>
 </body>
</html>
