2004 3140
208 147 317 202 392
890 158 924 192 s,
949 158 1222 193 Acensnm

206 272 616 337 inpudentissime
657 268 1032 322 contentiosus?
1110 271 1207 321 Sed
1246 278 1303 320 ut
1341 279 1530 322 taceam
1571 273 1737 337 quales
1778 273 1896 338 sint,

208 362 332 411 quos
380 347 634 395 sacrificiis
681 345 930 396 colebant:
980 347 1033 395 in
1079 345 1187 410 lege
1236 348 1342 395 veri
1380 346 1470 396 Dei
1519 348 1756 412 scriptum
1797 353 1896 397 est:

208 421 525 480 Sacrificans
573 423 671 470 diis
721 421 1079 470 eradicabitur
1117 422 1219 469 nisi
1255 421 1468 471 Domino
1509 427 1713 470 tantum.
1790 419 1895 470 Nec

207 493 350 544 bonis
389 496 540 559 igitur
571 509 664 543 nee
697 494 836 543 maiis
875 493 970 543 diis
1011 494 1278 543 sacrificari
1316 494 1485 562 voluit,
1526 496 1610 559 qui
1649 495 1742 544 hoc
1781 509 1897 545 eum

148 580 173 618 5
206 576 342 618 tanta
380 570 757 618 comminatione
797 570 1064 633 praecepit.

797 817 812 831 ὑ
843 755 1038 810 CAPUT
1079 755 1250 809 XXII.

281 866 359 914 An
398 880 547 921 vesus
585 867 651 914 sit
689 865 839 926 Beue,
880 867 969 915 eui
1011 866 1291 915 Christiani
1326 868 1565 928 serviunt,
1609 868 1698 916 eui
1731 869 1829 916 soli

786 940 967 989 debeat
1004 942 1313 999 sacrificari.
1726 945 1737 949 “

360 1041 456 1091 Sed
488 1042 780 1107 responderi
812 1049 1002 1107 potest:
1040 1042 1193 1110 „Quis
1233 1045 1325 1092 iste
1358 1042 1490 1092 Deus
1531 1050 1606 1093 est
1645 1049 1729 1093 aut
1766 1043 1901 1093 unde

119 1127 173 1166 10
208 1116 392 1181 dignus
443 1115 707 1184 probatur,
759 1119 839 1166 eui
891 1116 1131 1166 deberent
1177 1116 1519 1182 obtemperare
1565 1117 1797 1184 Romani,
1843 1123 1900 1167 ut

205 1190 395 1240 nullum
420 1189 627 1240 deorum
658 1197 857 1256 praeter
889 1193 1052 1256 ipsum
1087 1190 1309 1240 colerent
1335 1187 1657 1241 sacrificiis?“
1695 1190 1898 1256 Magnae

206 1266 454 1314 caecitatis
506 1272 606 1331 est,
661 1264 819 1314 adhuc
860 1280 1128 1331 quaerere,
1177 1267 1286 1330 quis
1326 1266 1419 1314 iste
1461 1267 1524 1314 sit
1562 1265 1709 1314 Deus.
1785 1265 1899 1330 Ipse

206 1344 281 1387 est
319 1338 474 1406 Deus,
524 1341 666 1388 euius
713 1338 983 1404 prophetae
1034 1339 1389 1404 praedixerunt
1435 1341 1529 1388 ista
1571 1354 1694 1403 quae
1735 1341 1895 1388 cerni-

204 1427 331 1464 mus.
409 1412 518 1477 Ipse
559 1419 635 1461 est
674 1412 821 1479 Deus,
861 1428 887 1461 a
929 1428 1025 1477 quo
1065 1427 1361 1478 responsum
1401 1415 1590 1478 accepit
1629 1412 1899 1462 Abraham:

117 1496 171 1535 15
205 1488 268 1536 In
329 1489 518 1536 semine
576 1493 660 1536 tuo
724 1488 1090 1537 benedicentur
1152 1501 1319 1537 omnes
1377 1493 1565 1549 qentes.
1645 1486 1786 1544 Quod
1848 1489 1900 1535 in

171 1559 402 1610 'Christo
443 1561 576 1627 fieri,
625 1562 708 1624 qui
750 1560 1024 1610 secundum
1064 1576 1264 1610 earnem
1306 1561 1366 1610 de
1405 1561 1487 1610 illo
1530 1563 1716 1610 semine
1759 1575 1899 1610 exor-

205 1642 286 1684 tus
320 1640 410 1700 est,
451 1634 582 1683 idem
613 1636 709 1700 ipsi
742 1636 827 1699 qui
866 1642 1214 1684 remanserunt
1254 1634 1404 1684 huius
1445 1636 1657 1684 nominis
1696 1635 1898 1696 inimici,

204 1707 356 1757 velint
395 1707 628 1774 nolintve,
669 1716 989 1773 cognoscunt.
1066 1708 1176 1774 Ipse
1219 1715 1294 1758 est
1334 1707 1480 1775 Deus,
1522 1710 1663 1758 cuius
1704 1707 1897 1758 divinus

209 1782 427 1847 Spiritus
481 1797 572 1847 per
624 1798 708 1831 eos
762 1782 959 1832 locutus
1014 1789 1118 1849 est,
1174 1798 1389 1847 quorum
1442 1782 1694 1847 praedicta
1749 1789 1896 1847 atque

120 1867 175 1906 20
210 1856 452 1920 completa
482 1871 572 1921 per
605 1856 878 1923 ecclesiam,
919 1872 1063 1921 quam
1089 1856 1312 1905 videmus
1351 1864 1455 1906 toto
1497 1855 1616 1905 orbe
1657 1856 1900 1922 diffusam,

209 1931 261 1978 in
300 1929 439 1978 libris
480 1930 821 1995 superioribus
859 1932 1018 1995 posui.
1096 1930 1206 1995 Ipse
1247 1937 1323 1979 est
1361 1930 1518 1996 De11S‚
1558 1945 1705 1994 quem
1743 1929 1897 1978 Varro

212 2004 526 2053 doctissimus
576 2003 912 2053 Romanorum
962 2004 1126 2053 Iovem
1178 2010 1344 2071 putat,
1397 2006 1617 2068 quamvis
1670 2006 1901 2053 nesciens

211 2077 329 2142 quid
369 2077 624 2144 loquatur3
666 2078 796 2142 quod
837 2085 999 2127 tamen
1039 2078 1150 2127 ideo
1191 2078 1676 2127 commemorandum
1715 2079 1901 2144 putavi,

212 2152 444 2215 quoniam
498 2153 572 2199 vir
626 2159 788 2200 tantae
853 2153 1086 2200 scientiae
1148 2167 1240 2199 nec
1295 2151 1485 2201 nullum
1538 2153 1688 2200 istum
1743 2151 1899 2200 Deum

121 2235 176 2274 25
211 2226 374 2289 potuit
414 2224 708 2273 existimare
746 2240 837 2273 nee
892 2224 1049 2273 vilem.
1127 2224 1270 2273 Hunc
1318 2226 1449 2273 enim
1489 2241 1603 2274 eum
1642 2240 1750 2274 esse
1793 2239 1896 2273 cre-

210 2297 357 2364 didit,
409 2312 556 2362 quem
606 2313 854 2347 summum
899 2300 1089 2362 putavit
1140 2297 1300 2347 deum.
1378 2298 1636 2347 Postremo
1676 2299 1780 2362 ipse
1823 2303 1902 2346 est

209 2370 356 2436 Deus,
398 2386 545 2436 quem
585 2372 901 2421 doctissimus
939 2370 1361 2437 philosophorum,
1402 2373 1622 2436 quamvis
1664 2370 1894 2420 Christia-

210 2460 387 2494 norum
420 2447 691 2495 acerrimus
724 2447 967 2511 inimicus,
1009 2447 1155 2494 etiam
1187 2460 1277 2509 per
1310 2461 1482 2494 eorum
1522 2444 1733 2512 oracula,
1773 2459 1899 2510 quos

207 2519 326 2567 deos
365 2525 528 2586 putat,
568 2520 714 2568 deum
755 2534 984 2583 magnum
1023 2518 1325 2584 Porphyrius
1366 2520 1641 2569 confitetur.

323 2663 368 2716 3)
401 2660 545 2706 Exod.
581 2666 650 2716 22,
684 2666 754 2704 20.
819 2663 891 2717 15)
925 2660 1036 2706 Gen.
1071 2665 1141 2716 22,
1178 2665 1244 2706 18.
