2044 3146
552 157 620 190 DE
644 155 882 190 01v1'rATE
907 155 998 188 Dm
1022 156 1063 188 L.
1089 156 1235 188 xvm.
1261 155 1298 189 e.
1323 158 1354 189 2.
1692 144 1798 197 257

108 284 311 335 magnae
350 270 539 319 fuerint
577 268 909 335 admirationi,
958 271 1044 334 qui
1082 270 1246 334 perire
1289 284 1435 334 quam
1476 271 1661 318 servire
1701 285 1801 318 ma·

107 344 322 393 luerunt.
409 342 533 392 Nam
579 344 631 391 in
679 342 908 393 omnibus
959 343 1064 392 fere
1110 343 1341 408 gentibus
1394 343 1607 408 quodam
1657 343 1802 392 modo

109 433 200 466 vox
248 423 452 467 naturae
500 419 595 466 ista
641 419 921 483 personuit,
970 423 1025 467 ut
1072 417 1325 482 subiugari
1375 417 1646 467 victoribus
1685 417 1802 466 mal·

110 491 227 552 lent,
268 490 449 556 quibus
482 492 689 555 contigit
720 493 865 558 vinci,
907 506 1052 556 quam
1084 490 1258 540 bellica
1298 492 1605 541 omnifariam
1645 499 1800 541 vasta·

110 566 243 614 tione
269 565 437 614 deleri.
500 564 628 614 Hinc
653 565 839 614 factum
871 572 960 632 est,
1000 571 1054 614 ut
1087 580 1185 614 non
1218 567 1324 614 sine
1359 564 1447 615 Dei
1478 565 1800 632 providentia,

106 639 159 688 in
213 640 355 688 cuius
408 645 654 704 potestate
702 645 803 706 est,
851 646 906 688 ut
952 641 1161 704 quisque
1213 638 1341 688 bello
1381 646 1465 689 aut
1506 639 1799 704 subiugetur

108 719 192 762 aut
238 712 490 780 subiuget,
539 713 737 779 quidam
783 719 951 763 essent
996 715 1163 778 regnis
1202 713 1436 780 praediti,
1485 713 1682 778 quidam
1721 728 1798 762 re-

107 786 371 852 gnantibus
411 787 610 838 subditi.
689 786 786 837 Sed
825 790 958 836 inter
996 786 1207 852 plurima
1246 802 1399 852 regna
1438 794 1706 854 terrarum,
1746 790 1799 836 in

108 876 231 925 quae
280 867 507 911 terrenae
555 861 781 911 utilitatis
829 861 905 911 vel
957 862 1238 926 cupiditatis
1279 868 1355 910 est
1394 861 1547 910 divisa
1588 863 1798 910 societas

107 929 279 1002 (quam
326 937 574 985 civitatem
620 935 791 985 mundi
837 936 986 985 huius
1026 935 1291 984 universali
1332 935 1566 985 vocabulo
1606 950 1796 985 nuncu-

106 1005 336 1076 pamus),
399 1009 496 1058 duo
558 1025 710 1075 regna
772 1011 1022 1059 cernimus
1076 1009 1218 1074 longe
1275 1011 1456 1058 ceteris
1510 1011 1797 1074 provenisse

107 1081 329 1150 clariora,
368 1083 683 1148 Assyriorum
715 1086 945 1150 primum,
984 1083 1161 1132 deinde
1194 1083 1544 1149 Romanorum,
1585 1090 1639 1132 ut
1678 1090 1799 1133 tem-

106 1155 334 1224 poribuS‚
373 1159 441 1206 ita
478 1158 600 1207 locis
639 1160 770 1207 inter
811 1173 862 1206 se
903 1157 1126 1206 ordinata
1167 1164 1313 1222 atque
1354 1157 1598 1206 distincta.
1676 1156 1800 1205 Nam

67 1267 70 1269 -
108 1245 206 1294 quo
252 1231 397 1280 modo
445 1231 566 1280 illud
615 1234 780 1298 priuS,
836 1231 929 1280 hoc
976 1233 1248 1295 posterius:
1305 1246 1362 1279 eo
1403 1230 1548 1279 modo
1588 1230 1709 1279 illud
1749 1233 1801 1279 in

108 1303 327 1372 Oriente,
366 1305 460 1355 hoc
499 1308 551 1354 in
592 1304 861 1355 Occidente
903 1307 1144 1371 surrexit3
1182 1305 1397 1369 denique
1436 1307 1488 1354 in
1527 1304 1659 1354 illius
1698 1305 1794 1353 fine

106 1377 254 1427 huius
308 1381 504 1429 initium
561 1380 822 1429 confestim
877 1380 983 1429 fuit.
1060 1379 1229 1444 Regna
1283 1387 1448 1429 cetera
1503 1386 1796 1444 ceterosque

107 1466 250 1517 reges
290 1453 423 1503 velut
462 1453 758 1519 adpendices
797 1455 1009 1503 istorum
1049 1453 1272 1502 dixerim.

254 1527 411 1577 Ninus
459 1543 576 1593 ergo
623 1530 720 1577 iam
768 1528 1016 1577 secundus
1056 1543 1145 1576 rex
1184 1534 1291 1576 erat
1330 1527 1667 1594 Assyriorum,
1716 1528 1802 1591 qui

106 1603 235 1665 patri
266 1617 356 1651 suo
388 1601 506 1651 Belo
540 1609 865 1668 successerat,
903 1603 1046 1667 regni
1076 1601 1208 1650 illius
1239 1603 1400 1666 primo
1442 1603 1562 1668 regi,
1603 1600 1799 1665 quando

107 1676 159 1722 in
212 1682 346 1724 terra
400 1675 755 1725 Chaldaeorum
810 1682 954 1725 natus
1011 1682 1085 1724 est
1139 1674 1399 1724 Abraham.
1477 1674 1596 1724 Erat
1651 1677 1798 1724 etiam

107 1754 330 1814 tempore
386 1749 468 1798 illo
525 1765 732 1814 regnum
790 1749 1132 1814 Sicyoniorum
1181 1749 1445 1798 admodum
1492 1763 1720 1815 parvum,
1775 1763 1802 1796 a

108 1837 205 1886 quo
253 1822 333 1872 ille
380 1823 729 1887 undecumque
778 1823 1094 1872 doctissimus
1140 1822 1335 1871 Marcus
1374 1821 1527 1870 Varro
1577 1821 1801 1870 scribens

108 1895 168 1944 de
208 1904 354 1960 gente
394 1897 563 1962 populi
602 1897 830 1964 Romani,
878 1896 1012 1946 velut
1051 1898 1253 1961 antiquo
1294 1903 1545 1962 tempore,
1594 1910 1800 1944 exorsus

112 1976 201 2019 est.
280 1969 351 2018 Ab
402 1970 480 2019 his
531 1973 662 2020 enim
715 1970 1059 2036 Sicyoniorum
1110 1969 1311 2035 regibus
1362 1970 1422 2018 ad
1473 1969 1800 2019 Athenienses

109 2046 359 2111 pervenit,
407 2060 434 2093 a
474 2044 654 2109 quibus
694 2044 751 2094 ad
792 2044 1015 2110 LatinOS,
1053 2044 1168 2093 inde
1208 2044 1470 2093 Romanos,
1550 2043 1647 2092 Sed
1687 2050 1798 2092 ante

109 2117 357 2168 conditam
395 2118 600 2168 Romam
648 2121 699 2167 in
751 2120 1115 2183 comparatione
1154 2119 1296 2182 regni
1335 2119 1651 2182 Assyriorum
1689 2133 1799 2182 per-

110 2193 283 2256 exigua
331 2194 425 2242 ista
471 2199 830 2259 memorantur3
879 2194 1100 2257 quamvis
1139 2192 1466 2242 Athenienses
1504 2193 1556 2240 in
1597 2190 1799 2239 Graecia

110 2264 379 2329 plurimum
446 2267 681 2316 claruisse
742 2267 954 2316 fateatur
1017 2268 1164 2316 etiam
1231 2265 1491 2315 Sallustius
1548 2265 1799 2314 Romanus

110 2338 399 2407 historicus3
438 2341 549 2406 plus
581 2348 745 2390 tamen
785 2341 912 2390 fama
951 2355 1098 2405 quam
1137 2355 1192 2389 re
1231 2342 1351 2404 ipsa.
1428 2339 1552 2387 Nam
1589 2339 1800 2403 loquens

109 2411 170 2461 de
200 2413 318 2464 illis:
355 2414 783 2481 „Atheniensium,
822 2416 1011 2481 inquit,
1051 2429 1132 2463 res
1171 2420 1353 2480 gestae,
1394 2415 1541 2462 sicuti
1581 2428 1669 2477 ego
1711 2428 1791 2461 ex-

108 2487 287 2554 istim0,
327 2490 444 2537 satis
476 2489 662 2554 amplae
702 2489 1088 2553 magnificaeque
1129 2489 1291 2553 fuere3
1332 2502 1504 2536 verum
1544 2486 1792 2550 aliquanto

110 2562 327 2610 minores
358 2569 538 2630 tamen,
578 2577 725 2627 quam
757 2563 883 2611 fama
923 2563 1167 2612 feruntur.
1232 2561 1330 2610 Sed
1369 2562 1483 2625 quia
1523 2574 1795 2624 provenere

108 2632 178 2682 ibi
217 2637 515 2700 scriptorum
555 2651 727 2701 magna
766 2638 987 2702 ingenia,
1025 2651 1115 2701 per
1154 2642 1402 2684 terrarum
1441 2633 1613 2682 orbem
1652 2633 1799 2682 Athe-

112 2709 357 2758 niensium
407 2710 533 2759 facta
581 2725 672 2775 pro
720 2712 944 2759 maximis
983 2709 1312 2758 celebrantur.
1390 2708 1460 2756 Ita
1501 2722 1674 2759 eorum
1715 2709 1799 2772 qui

229 2842 255 2880 3
287 2836 527 2893 personuit
564 2851 648 2882 om.
680 2837 747 2882 12²
785 2840 801 2895 ΙΙ
839 2843 867 2882 4
899 2836 1194 2882 omnifariam
1224 2836 1351 2893 R9v;
1383 2835 1630 2880 omnifaria,
1661 2833 1760 2878 AF
1785 2835 1800 2891 j}

114 2899 179 2938 25-
200 2895 331 2941 Rom.
364 2896 456 2939 ΒΑ
487 2897 588 2951 (υοῖ.
622 2898 669 2951 Ι,
701 2901 811 2951 402,
842 2901 952 2953 29);
984 2897 1044 2941 ad
1074 2896 1205 2941 Rom.
1239 2910 1265 2941 v

204 2985 297 3013 Auo.
323 2986 374 3010 nn
401 2986 477 3011 ew.
502 2987 583 3013 nm.
630 2979 679 3013 11.
1392 2974 1444 3014 17

1836 944 1890 983 10

1835 1314 1889 1353 15

1834 1684 1891 1723 20

1832 2052 1888 2092 25

1833 2422 1889 2461 30
