2004 3140
132 943 184 981 10

131 1311 183 1350 15

127 1680 182 1718 20

128 2048 182 2086 25

125 2416 181 2455 30

217 142 328 193 414
407 150 409 152 ’
894 150 928 184 s,
953 149 1227 186 Avens'mu

220 273 365 330 atque
406 265 487 314 illo
528 265 606 315 die
646 265 815 315 iudicii
847 266 1112 314 novissimo
1153 269 1202 314 et
1241 279 1415 330 magno
1455 264 1707 332 loquatur3
1746 267 1812 315 ita
1850 273 1908 316 ut

221 340 442 404 dignosci
474 355 572 392 non
605 341 761 405 possit
793 341 1008 406 omnine,
1048 340 1144 388 nisi
1176 354 1247 405 ea,
1287 354 1411 403 quae
1453 338 1580 404 apud
1620 346 1724 389 tres
1764 355 1906 388 evan·

219 413 417 479 gelistas
448 413 763 478 Matthaeum,
801 413 1020 462 Marcum
1053 419 1102 462 et
1134 412 1315 463 Lucam
1356 413 1415 462 de
1456 413 1547 462 hac
1587 428 1640 462 re
1681 413 1908 463 similiter

220 487 348 537 dicta
388 494 520 554 sunt,
557 489 688 537 inter
729 503 780 537 se
821 489 982 536 omnia
1022 487 1357 536 conferantur.
1435 487 1682 545 Quaedam
1724 489 1907 553 quippe

221 561 343 610 alter
398 561 683 628 obscurius,
737 562 859 611 alter
907 561 1118 626 explieat
1161 561 1354 626 planius
1367 601 1382 628 ,
1439 569 1492 611 ut
1542 577 1627 628 ea,
1675 576 1798 626 quae
1846 561 1906 610 ad

221 650 367 684 tinam
414 650 520 684 rem
567 637 866 700 pertinentia
913 635 1168 702 dicuntur,
1216 642 1446 700 appareat
1494 635 1624 684 unde
1665 635 1905 685 dieantur.

220 709 362 767 Quod
409 710 570 759 facere
619 717 888 774 utcumque
939 710 1106 758 curavi
1143 711 1195 758 in
1235 709 1443 774 quadam
1483 709 1713 776 epistula,
1760 724 1907 774 quam

219 785 455 848 rescripsi
501 783 559 832 ad
607 783 777 833 beatae
826 786 1091 832 memoriae
1138 785 1300 832 virum
1349 783 1672 850 Hesychium,
1721 782 1905 832 Saloni-

220 867 361 906 tanae
395 856 534 908 urhis
568 859 869 924 episcopum,
911 859 1054 907 cuius
1087 857 1325 922 epistulae
1358 857 1532 907 titulus
1565 863 1661 906 est:
1700 855 1768 906 De
1808 857 1906 905 sine

217 931 411 980 saeculi.
1677 960 1680 961 ν

365 1004 578 1054 Proinde
625 1006 721 1054 iam
760 1005 879 1054 illud
928 1005 1008 1054 hie
1049 1005 1231 1073 dicam,
1278 1005 1408 1070 quod
1450 1007 1499 1054 in
1541 1005 1789 1070 evangelio
1830 1020 1903 1054 se—

217 1078 434 1128 eundum
473 1078 770 1128 Matthaeum
818 1079 878 1128 de
927 1081 1234 1144 separatione
1275 1078 1520 1128 honorum
1568 1086 1618 1128 et
1664 1079 1905 1128 malorum

215 1154 397 1218 legitur
446 1168 539 1218 per
587 1152 826 1202 iudicium
875 1155 1335 1218 praesentissimum
1385 1161 1532 1218 atque
1584 1155 1906 1203 novissimum

217 1226 413 1276 Christi.
497 1228 617 1276 Cum
673 1235 840 1277 autem
894 1230 1109 1288 venerit,
1165 1229 1351 1292 inquit,
1402 1230 1542 1287 silius
1588 1230 1801 1278 hominis
1852 1230 1905 1277 in

217 1304 478 1351 maiestate
522 1316 639 1362 sua,
697 1307 743 1350 et
799 1316 967 1350 omnes
1024 1304 1196 1363 anyeli
1249 1316 1362 1351 eum
1410 1317 1489 1368 e0,
1545 1309 1665 1351 tune
1713 1302 1907 1352 sedebit

215 1390 368 1437 super
398 1377 567 1424 sedem
598 1378 874 1424 maiestatis
905 1390 1044 1441 succe,
1077 1381 1127 1424 et
1157 1377 1609 1438 eonqreqabuntur
1641 1382 1759 1425 ante
1790 1390 1903 1424 eum

215 1463 383 1499 omnes
418 1455 613 1510 qentes,
666 1455 714 1498 et
751 1451 1015 1511 separabit
1052 1463 1134 1498 eos
1174 1451 1238 1498 ab
1279 1452 1511 1511 invicem,
1559 1452 1694 1499 sieut
1723 1455 1904 1512 pastor

213 1527 454 1584 seyreqat
483 1538 596 1572 oves
629 1524 692 1571 ab
724 1524 916 1584 haedis,
957 1529 1007 1571 et
1035 1528 1223 1572 statuet
1255 1538 1366 1573 oves
1398 1525 1598 1585 quidem
1632 1538 1663 1572 a
1704 1525 1903 1572 dextris

214 1600 332 1657 δαῖε,
371 1598 559 1646 haedos
599 1603 765 1646 autem
806 1612 838 1646 a
876 1599 1108 1646 sinistris,
1193 1597 1330 1646 Tune
1370 1599 1505 1647 dicet
1542 1612 1639 1647 rex
1677 1599 1777 1658 his,
1817 1600 1908 1659 qui

215 1686 248 1718 a
288 1672 484 1719 dextris
524 1669 631 1720 eius
673 1678 850 1719 erunt:
910 1671 1095 1737 Venite,
1136 1672 1391 1720 benedieti
1421 1674 1590 1733 patris
1629 1674 1746 1733 mei,
1787 1685 1901 1734 pos-

212 1746 370 1794 sidete
425 1750 669 1825 paratum
731 1746 867 1794 vobis
929 1759 1142 1806 reqnum
1205 1760 1236 1793 a
1299 1748 1651 1824 constitutione
1711 1747 1899 1794 mundi.

214 1818 423 1867 Esurivi
460 1821 612 1878 enim,
655 1826 702 1868 et
741 1820 948 1868 dedistis
987 1820 1114 1867 mihi
1149 1795 1518 1877 manducare;
1533 1821 1689 1885 sitivi,
1729 1825 1780 1868 et
1817 1821 1899 1868 de-

214 1893 356 1941 distis
386 1894 511 1941 mihi
540 1893 743 1950 bibere;
781 1894 958 1954 hospes
991 1907 1146 1954 eram,
1187 1899 1236 1942 et
1274 1895 1543 1955 eolleyistis
1575 1907 1681 1951 me;
1719 1894 1900 1959 nudem,

214 1972 263 2014 et
307 1968 576 2028 operuistis
623 1980 700 2015 me
710 1983 730 2024 ;
777 1968 1028 2033 infirmus,
1077 1972 1127 2016 et
1163 1969 1402 2030 visitastis
1440 1981 1544 2025 me;
1593 1969 1643 2015 in
1684 1982 1902 2016 earcere

216 2054 381 2100 eram,
437 2046 486 2089 et
535 2043 736 2088 venistis
785 2042 856 2089 ad
899 2055 989 2089 me.
1089 2040 1226 2089 Tune
1277 2042 1651 2103 respondebunt
1696 2043 1746 2090 ei
1783 2043 1905 2090 iusti

215 2115 459 2162 dieentes:
499 2114 723 2174 Domine,
764 2116 966 2174 qnando
1000 2120 1047 2163 te
1083 2116 1296 2163 vidimus
1328 2117 1643 2175 esurientem,
1683 2121 1732 2163 et
1755 2116 1898 2178 pavi-

213 2201 322 2235 mus
334 2203 352 2243 ;
408 2189 677 2246 sitientem,
733 2193 781 2235 et
828 2189 1055 2236 dedimus
1096 2190 1302 2249 potum?
1386 2189 1600 2247 Quando
1647 2194 1814 2237 autem
1853 2194 1900 2237 te

214 2260 425 2308 vidimus
471 2261 732 2321 hospitem,
781 2267 828 2308 et
876 2262 1164 2321 colleqimus
1211 2266 1258 2309 te
1266 2278 1285 2318 ;
1333 2267 1424 2310 aut
1461 2263 1674 2322 nudum,
1730 2269 1779 2310 et
1816 2276 1895 2310 eo-

213 2335 502 2395 operuimus
543 2335 622 2382 te?
703 2333 806 2382 Aut
842 2336 1045 2394 quando
1086 2340 1133 2382 te
1170 2335 1383 2382 vidimus
1424 2337 1676 2393 infirmum
1716 2341 1807 2384 aut
1844 2338 1897 2383 in

214 2421 449 2468 earcere,
507 2413 556 2456 et
601 2409 822 2456 venimus
869 2409 942 2456 ad
985 2409 1065 2456 te?
1151 2407 1217 2455 Et
1263 2409 1571 2470 respondens
1618 2424 1713 2458 rex
1764 2410 1900 2458 dicet

214 2483 333 2530 illis:
372 2482 528 2530 Amen
570 2482 683 2530 dico
723 2482 880 2543 vobiS,
929 2483 1170 2542 quamdiu
1205 2479 1401 2542 fecistis
1440 2484 1533 2530 uni
1571 2483 1633 2531 de
1670 2484 1748 2531 his
1781 2481 1896 2544 fra-

333 2594 402 2649 10)
436 2592 518 2650 Ep.
555 2598 608 2637 79
642 2608 706 2649 sq.

331 2774 352 2812 1
399 2771 538 2825 atque
578 2769 636 2813 de
674 2768 756 2814 illo
795 2782 821 2813 v
851 2771 955 2824 (vol.
990 2771 1044 2824 I,
1075 2774 1194 2825 402,
1225 2774 1310 2827 29)
1354 2773 1369 2828 ΙΙ
1415 2775 1474 2815 24
1505 2769 1752 2828 operuistis
1781 2783 1894 2824 mss,-

208 2840 456 2940 Ξὲζρθᾶθὲ
485 2827 762 2931 ⁴lilibiianjirmus
795 2829 842 2872 et
872 2804 1096 2873 visitastis
1127 2843 1202 2874 me
1235 2843 1316 2874 om.
1349 2828 1487 2874 RAL
1532 2786 1564 2887 up
1593 2834 1648 2874 27
1682 2829 1895 2874 dedimus
