2054 3152
119 969 172 1009 10

119 1337 173 1376 15

117 1705 174 1744 20

118 2073 174 2112 25

207 175 279 227 22
884 184 920 218 S.
944 183 1217 220 annosum

206 299 326 366 bus,
380 300 500 348 flere
548 315 660 348 cum
706 296 971 364 flentibuS‚
1021 299 1140 348 foris
1185 299 1445 350 habentem
1493 315 1704 366 pugnas,
1754 302 1887 349 intus

206 375 427 438 timores,
459 375 740 437 cupientem
773 370 971 420 dissolvi
1001 379 1052 421 et
1082 388 1190 422 esse
1224 389 1337 423 cum
1363 373 1573 439 Christo,
1606 373 1887 423 desideran-

206 454 307 496 tem
352 446 521 494 videre
567 446 842 511 RomanOS,
895 453 947 494 ut
997 446 1209 511 aliquem
1259 447 1475 496 fructum
1522 447 1699 496 haheat
1746 455 1795 496 et
1834 449 1886 496 in

205 520 323 584 illis,
371 521 499 568 sicut
547 526 596 568 et
634 521 685 568 in
725 521 905 569 ceteris
944 519 1200 586 gentibu8‚
1240 521 1567 570 aemulantem
1606 521 1888 570 Corinthios

207 600 254 642 et
308 595 413 657 ipsa
468 591 792 642 aemulatione
856 599 1187 656 metuentem,
1242 610 1304 643 ne
1359 594 1661 644 seducantur
1715 609 1889 643 eorum

204 672 395 715 mentes
434 681 462 715 a
501 668 738 733 castitate,
778 682 902 731 quae
934 669 986 715 in
1018 666 1213 717 Christo
1255 674 1344 733 est,
1383 683 1606 732 magnam
1638 669 1888 717 tristitiam

205 747 253 789 et
292 742 583 790 continuum
614 740 834 790 dolorem
874 740 1036 789 cordis
1075 741 1136 789 de
1168 741 1402 790 Israelitis
1440 741 1717 807 habentem,
1758 741 1888 805 quod

202 815 487 878 ignorantes
526 813 614 863 Dei
661 815 898 864 iustitiam
945 821 995 863 et
1033 829 1172 863 suam
1210 814 1431 863 volentes
1470 817 1772 864 constituere
1813 816 1885 863 iu-

204 889 364 936 stitiae
396 886 486 936 Dei
517 903 615 937 non
649 894 815 936 essent
847 887 1078 952 subiecti3
1117 902 1209 936 nec
1242 888 1401 936 solum
1440 888 1675 952 dolorem,
1712 903 1885 937 verum

205 962 352 1010 etiam
406 961 595 1010 luctum
650 977 794 1010 suum
842 960 1214 1009 denuntiantem
1261 960 1586 1026 quibusdam,
1642 963 1884 1026 quiante

204 1041 534 1098 peccaverunt
566 1041 615 1084 et
646 1049 744 1084 non
777 1040 986 1098 egerunt
1016 1035 1365 1099 paenitentiam
1404 1049 1555 1099 super
1593 1034 1886 1084 inmunditia

207 1117 254 1156 et
295 1107 702 1157 fornicationibus
743 1109 860 1156 suis

352 1181 414 1230 Hi
459 1188 645 1243 motuS‚
692 1181 743 1230 hi
790 1182 995 1231 affectus
1043 1181 1103 1230 de
1150 1197 1316 1230 amore
1362 1180 1479 1231 boni
1531 1189 1580 1231 et
1619 1181 1678 1230 de
1719 1188 1887 1230 sancta

207 1256 408 1304 caritate
456 1257 710 1304 venientes
758 1257 799 1303 si
844 1256 959 1304 vitia
996 1255 1212 1304 vocanda
1252 1262 1390 1322 sunt,
1435 1257 1674 1320 sinamuS‚
1722 1261 1779 1304 ut
1817 1270 1888 1319 ea,

207 1343 331 1393 quae
362 1344 476 1377 vere
509 1330 624 1378 vitia
664 1335 794 1395 sunt,
833 1330 1042 1378 virtutes
1083 1335 1336 1378 vocentur.
1416 1328 1512 1378 Sed
1552 1344 1664 1378 cum
1703 1336 1888 1377 rectam

205 1405 447 1452 rationem
495 1409 768 1466 sequantur
814 1404 936 1451 istae
984 1403 1292 1463 affectiones,
1333 1402 1527 1467 quando
1567 1401 1653 1451 ubi
1692 1408 1889 1466 oportet

205 1475 524 1542 adhibentur,
571 1478 682 1540 quis
731 1491 813 1524 eas
860 1483 978 1525 tunc
1030 1475 1228 1525 morbos
1269 1492 1358 1525 seu
1397 1478 1596 1525 vitiosas
1634 1477 1888 1540 passiones

205 1549 382 1599 audeat
436 1546 638 1599 dicere‘?
716 1548 872 1607 Quam
927 1549 988 1599 oh
1037 1565 1143 1599 rem
1199 1552 1344 1599 etiam
1395 1552 1500 1614 ipse
1547 1549 1783 1599 Dominus
1837 1550 1888 1597 in

206 1623 362 1671 forma
410 1625 539 1672 servi
586 1638 731 1687 agere
778 1625 923 1672 vitam
973 1623 1200 1688 dignatus
1239 1623 1524 1687 humanam,
1575 1622 1661 1672 sed
1700 1622 1889 1671 nullum

206 1695 393 1745 habens
425 1699 623 1746 omnino
656 1703 911 1760 peccatum
945 1695 1166 1746 adhibuit
1190 1712 1287 1763 eaS,
1326 1696 1412 1746 ubi
1451 1696 1748 1745 adhibendas
1780 1710 1888 1744 esse

205 1770 451 1820 iudicavit.
528 1770 699 1834 Neque
741 1772 894 1836 enim,
944 1772 995 1819 in
1036 1786 1132 1834 quo
1172 1786 1345 1819 verum
1386 1778 1491 1819 erat
1529 1770 1741 1819 hominis
1782 1784 1889 1818 cor·

204 1859 298 1908 pus
330 1851 380 1892 et
411 1859 558 1893 verus
589 1843 803 1893 hominis
836 1845 1041 1910 animUS,
1073 1843 1224 1893 falsus
1257 1851 1362 1893 erat
1393 1844 1637 1893 humanus
1669 1843 1888 1892 affectus.

207 1916 330 1966 Cum
376 1932 492 1981 ergo
542 1919 648 1966 eius
695 1919 744 1966 in
786 1917 1035 1981 evangelio
1074 1919 1167 1966 ista
1208 1917 1520 1982 referuntur,
1567 1916 1699 1980 quod
1738 1930 1889 1980 super

206 1990 388 2039 duritia
435 1989 597 2039 cordis
644 1989 939 2039 Iudaeorum
987 2005 1100 2038 cum
1146 1993 1217 2038 ira
1265 1993 1587 2039 contristatus
1627 1991 1716 2055 sit,
1756 1988 1887 2052 quod

208 2063 408 2112 dixerit:
460 2064 667 2112 Gaudeo
699 2069 915 2125 propter
954 2078 1060 2124 2⁷03,
1099 2069 1157 2112 ut
1194 2065 1440 2123 credam,
1481 2062 1613 2126 quod
1651 2060 1889 2111 Lazarum

207 2137 535 2185 suscitaturus
568 2138 712 2185 etiam
745 2135 970 2185 lacrimas
1002 2136 1200 2202 fuderit,
1240 2137 1374 2200 quod
1406 2137 1745 2200 concupiverit
1775 2150 1889 2184 cum

206 2209 462 2274 discipulis
493 2211 596 2258 suis
635 2210 932 2260 manducare
971 2210 1165 2276 pascha,
1205 2210 1336 2274 quod
1376 2211 1739 2274 propinquante
1779 2223 1887 2273 pas-

206 2284 343 2331 sione
382 2284 539 2332 tristis
579 2283 729 2332 fuerit
776 2285 935 2332 anima
975 2285 1104 2334 eius:
1150 2298 1249 2332 non
1289 2283 1410 2332 falso
1450 2284 1622 2346 utique
1661 2282 1886 2331 referun-

205 2363 301 2404 tur.
378 2355 558 2405 Verum
605 2356 684 2406 ille
732 2356 822 2406 hos
877 2364 1040 2407 motus
1095 2363 1259 2406 certae
1307 2357 1686 2421 dispensationis
1733 2357 1888 2420 gratia

327 2485 368 2538 1)
400 2483 533 2527 Rom.
575 2487 652 2538 12,
696 2487 762 2526 15.
825 2484 869 2538 2)
904 2487 943 2526 2.
989 2483 1090 2527 Cor.
1125 2489 1173 2538 7,
1206 2488 1243 2527 5.
1319 2483 1438 2527 Phil.
1474 2488 1513 2537 1,
1547 2487 1617 2526 23.
1680 2485 1724 2536 4)
1755 2482 1888 2525 Rom.

209 2547 248 2597 1,
276 2546 354 2595 113
383 2547 450 2586 13.
514 2543 557 2596 6)
590 2546 631 2584 2.
656 2540 756 2585 Cor.
793 2546 860 2594 11,
894 2545 919 2583 2
955 2556 1019 2596 sq.
1083 2544 1126 2598 7)
1159 2542 1290 2585 Rom.
1324 2546 1364 2596 9,
1397 2546 1437 2585 2.
1501 2542 1545 2595 9)
1575 2540 1708 2584 Rom.
1745 2543 1814 2595 10,
1847 2545 1887 2584 3.

209 2602 280 2656 12)
313 2605 355 2644 2.
389 2599 489 2643 Cor.
524 2604 594 2655 12,
627 2604 697 2643 21.
760 2601 833 2653 24)
866 2599 950 2642 Mr.
984 2605 1033 2655 3,
1067 2605 1107 2643 5.
1170 2602 1244 2654 25)
1277 2599 1340 2644 10.
1377 2604 1445 2655 11,
1480 2603 1546 2642 15.
1611 2600 1684 2654 26)
1717 2597 1782 2642 Ib.
1817 2602 1887 2643 35.

206 2660 280 2714 27)
312 2659 389 2703 Le.
423 2663 493 2713 22,
528 2662 595 2702 15.
657 2659 731 2712 28)
763 2657 844 2702 Mt.
879 2662 950 2711 26,
982 2663 1051 2702 38.

324 2854 349 2894 5
378 2849 483 2906 ipsa
515 2851 604 2901 γυ,
635 2849 683 2892 in
725 2848 826 2904 ipsa
858 2847 957 2892 AF
975 2849 990 2904 ΙΙ
1015 2852 1068 2891 19
1095 2847 1233 2905 servi]
1261 2847 1336 2891 dei
1370 2847 1413 2891 V
1430 2850 1445 2904 ΙΙ
1470 2852 1527 2892 24
1551 2848 1721 2892 duritia
1754 2846 1892 2891 VAF

203 2910 303 2964 (11)
315 2924 332 2962 ;
368 2907 587 2951 duritiam
619 2922 645 2952 v
