2004 3140
536 160 602 191 DE
626 159 864 192 o1vrrA'rE
889 160 977 193 DEI
1001 161 1043 193 L.
1067 161 1191 194 xxn.
1216 161 1253 194 c.
1278 162 1309 194 5.
1334 163 1365 194 5.
1694 150 1799 202 561

115 278 262 336 atque
315 274 365 320 in
415 271 603 321 caelum
643 275 931 322 ascensione
973 273 1176 339 dicitur,
1227 273 1498 323 multorum
1537 274 1800 323 incredibi-

113 346 233 395 lium
273 347 551 394 testimonia
598 353 731 395 tanta
789 349 1102 412 congerimus
1150 355 1199 396 et
1238 347 1456 396 nondum
1497 347 1555 396 ad
1596 347 1800 397 creden-

114 420 231 468 dum
269 418 515 467 horrenda
563 419 744 469 duritia
792 421 1073 470 incredulos
1124 420 1383 470 flectimus,
1463 421 1514 470 Si
1555 437 1669 471 vero
1709 438 1800 488 per

111 493 358 557 apostolos
411 491 619 560 Christi,
679 502 733 543 ut
783 496 854 544 eis
910 495 1200 544 crederetur
1255 497 1673 545 resurrectionem
1729 503 1797 545 at·

110 582 207 630 que
255 569 593 616 ascensionem
641 568 1037 633 praedicantibus
1078 568 1282 634 Christi,
1334 571 1480 618 etiam
1519 571 1612 618 ista
1653 572 1794 619 mira-
1829 581 1856 620 5

113 640 221 689 cula
260 641 384 689 facta
425 656 533 690 esse
575 657 673 691 non
713 642 938 708 credunt,
976 642 1069 690 hoc
1110 641 1251 691 nohis
1292 658 1446 691 unum
1485 643 1669 707 grande
1708 646 1796 692 mi·

109 713 332 764 raculum
395 715 600 781 sufficit,
663 716 793 780 quod
856 731 963 765 eam
1026 723 1271 766 terrarum
1335 715 1469 765 orbis
1524 719 1629 765 sine
1685 717 1796 766 ullis

108 788 358 838 miraculis
398 789 620 838 credidit.

782 963 979 1018 CAPUT
1019 964 1112 1017 VI.

115 1071 260 1128 Quod
296 1070 458 1120 Roma
510 1074 820 1121 conditorem
859 1086 1002 1120 suum
1043 1072 1309 1121 Romulum
1351 1074 1604 1134 diliyendo
1646 1075 1792 1123 deum
1829 1083 1884 1123 10

211 1142 418 1205 fecerit,
466 1148 682 1195 ecclesia
722 1151 887 1194 autem
934 1146 1184 1194 Christum
1224 1146 1386 1196 Deum
1425 1148 1680 1196 credendo

828 1222 1080 1269 dilexerit.

251 1321 543 1370 Recolamus
599 1325 745 1372 etiam
799 1322 892 1371 hoc
943 1322 1051 1372 loco
1106 1322 1247 1388 illud,
1302 1323 1433 1387 quod
1481 1322 1541 1372 de
1593 1323 1790 1373 Romuli

104 1394 289 1444 credita
321 1395 572 1445 divinitate
605 1396 794 1445 Tullius
827 1396 1110 1446 admiratur.
1172 1395 1330 1446 Verba
1363 1398 1470 1446 eius
1512 1404 1566 1446 ut
1605 1400 1787 1463 scripta

103 1476 219 1518 suut
264 1470 490 1519 inseram.
566 1469 759 1535 „Magis
807 1478 908 1536 est,
961 1472 1143 1536 inquit,
1188 1472 1238 1519 in
1286 1470 1495 1519 Romulo
1547 1471 1786 1521 admiran·
1825 1482 1878 1521 15

102 1543 234 1608 dum,
276 1543 405 1607 quod
446 1546 624 1610 ceteri,
664 1547 749 1608 qui
787 1546 855 1594 dii
894 1560 952 1593 ex
994 1544 1274 1593 hominibus
1314 1544 1430 1593 facti
1469 1560 1578 1594 esse
1619 1545 1788 1595 dicun-

103 1624 201 1680 tur,
240 1619 404 1666 minus
437 1617 646 1667 eruditis
679 1619 932 1668 hominum
973 1618 1183 1667 saeculis
1223 1619 1442 1683 fuerunt,
1483 1626 1537 1667 ut
1575 1619 1791 1683 fingendi

99 1690 332 1756 proclivis
384 1699 515 1740 esset
563 1694 688 1741 ratio
700 1731 715 1757 7
770 1707 883 1741 cum
930 1693 1148 1756 imperiti
1194 1691 1333 1741 facile
1387 1691 1445 1740 ad
1486 1691 1789 1742 credendum

100 1764 494 1831 impellerentur3
542 1765 737 1814 Romuli
777 1772 939 1815 autem
980 1772 1189 1814 aetatem
1228 1767 1392 1814 minus
1432 1765 1508 1813 his
1548 1768 1788 1815 sescentis

101 1840 240 1887 annis
279 1840 374 1887 iam
412 1841 698 1888 inveteratis
749 1839 928 1888 litteris
968 1846 1114 1902 atque
1155 1839 1394 1888 doctrinis
1434 1841 1665 1904 omnique
1705 1839 1787 1888 illo
1821 1849 1879 1890 20

100 1914 302 1976 antiquo
355 1928 412 1961 ex
465 1913 650 1962 inculta
700 1913 955 1962 hominum
1015 1915 1109 1961 vita
1169 1928 1338 1962 errore
1390 1911 1582 1972 sublato
1635 1914 1786 1962 fuisse

103 1982 401 2035 cernimus.“
476 1986 538 2035 Et
571 1986 715 2051 paulo
747 1993 860 2051 post
892 1986 952 2035 de
993 1988 1166 2036 eodem
1198 1986 1406 2035 Romulo
1446 1988 1514 2035 ita
1552 1986 1787 2051 loquitur,

103 2059 234 2124 quod
275 2059 333 2108 ad
373 2060 504 2109 hunc
544 2062 762 2125 pertinet
800 2075 1023 2110 sensum:
1061 2059 1172 2126 „Ex
1212 2075 1310 2123 quo
1350 2059 1568 2124 intellegi
1608 2066 1787 2125 potest,

98 2135 273 2198 inquit,
311 2133 572 2198 permultis
605 2135 744 2182 annis
777 2139 889 2183 ante
921 2133 1190 2182 Homerum
1230 2133 1383 2182 fuisse
1423 2147 1570 2198 quam
1601 2132 1782 2183 Romu—

98 2206 215 2272 lum,
255 2214 310 2256 ut
347 2208 443 2256 iam
475 2207 633 2256 doctis
664 2206 945 2256 hominibus
979 2223 1033 2256 ac
1065 2206 1372 2271 temporibus
1411 2207 1532 2271 ipsis
1573 2207 1781 2256 eruditis
1815 2217 1874 2256 25*

99 2279 158 2329 ad
206 2280 490 2344 fingendum
535 2283 613 2330 vix
662 2283 925 2346 quicquam
977 2288 1109 2330 esset
1147 2280 1255 2329 loci.
1332 2281 1610 2344 Antiquitas
1651 2282 1781 2329 enim

99 2355 286 2418 recepit
325 2354 535 2420 fabulaS,
575 2355 712 2404 fictas
752 2356 898 2403 etiam
939 2369 1308 2418 nonnumquam
1348 2353 1619 2419 incondite3
1659 2353 1780 2402 haec

97 2434 229 2476 aetas
280 2434 443 2477 autem
492 2429 589 2476 iam
635 2427 827 2477 exculta
871 2430 1165 2492 praesertim
1212 2427 1416 2477 eludens
1466 2443 1611 2476 omne
1653 2426 1783 2491 quod

219 2555 291 2609 14)
328 2553 440 2611 Rep.
473 2559 514 2609 2,
551 2558 618 2598 10.

215 2719 272 2759 20
303 2715 602 2772 omniumque
632 2729 720 2760 mss
756 2717 772 2773 ΙΙ
810 2720 867 2759 24
898 2728 981 2771 per
1012 2714 1184 2758 multos
1216 2727 1359 2758 annos
1391 2714 1435 2758 A
1474 2716 1490 2770 ΙΙ
1521 2718 1575 2758 27
1608 2714 1786 2772 recepit

100 2772 199 2826 Rv,·
230 2773 398 2831 recipit
427 2775 547 2831 Aefq
569 2775 584 2831 ΙΙ
608 2779 664 2819 28
696 2779 748 2818 ut
780 2775 931 2818 editur
960 2787 1073 2826 mss‚·
1104 2773 1379 2829 praesertim
1410 2777 1666 2829 suspectum
1696 2775 1786 2825 σείς

95 2832 411 2935 ἑῗιιίξκοαῆει
449 2834 722 2890 praesertim
760 2835 807 2877 et
842 2833 1042 2890 prudens
1077 2832 1299 2888 Madvi9;
1337 2833 1413 2876 sed
1442 2833 1544 2876 vide
1576 2836 1689 2885 565,
1721 2836 1783 2876 12

190 2980 284 3006 Auo.
309 2980 362 3004 nn
387 2980 464 3005 ew.
489 2981 568 3005 nm.
618 2974 667 3007 11.
1371 2969 1426 3007 36
