2004 3140
201 147 310 201 268
876 158 910 193 s.
934 158 1210 195 Auousoem

202 273 373 323 Martis
420 280 470 322 et
515 274 627 338 pagi
674 274 815 336 quasi
853 271 1023 322 Martis
1067 287 1247 340 pagum
1287 274 1568 323 nominasse
1609 273 1891 341 credantur,

202 348 255 396 in
285 348 518 396 iniuriam
548 346 774 396 videlicet
806 348 1082 413 numinum,
1120 362 1147 396 a
1187 346 1367 412 quibus
1405 347 1558 412 litigia
1596 346 1673 396 vel
1708 348 1891 399 iudicia

204 422 452 470 existimat
490 420 668 487 aliena3
715 435 814 469 non
860 422 1024 470 minus
1062 420 1181 488 hoc,
1229 421 1360 485 quod
1400 421 1460 470 de
1499 421 1654 470 Marte
1694 420 1892 489 dicitur,

203 494 381 544 falsum
428 509 536 544 esse
585 494 903 560 adseveranS,
950 509 1096 559 quam
1146 494 1266 543 illud
1306 495 1437 559 quod
1477 495 1538 544 de
1578 494 1740 544 tribus
1779 495 1889 545 dea-

145 577 171 618 5
203 567 313 636 buS,
351 568 539 618 Iunone
574 568 763 618 scilicet
802 575 852 618 et
881 568 1100 617 Minerva
1139 576 1188 618 et
1221 567 1426 634 Venere,
1467 584 1590 633 quae
1630 584 1722 634 pro
1762 569 1888 618 malo

206 657 356 692 aureo
405 642 720 708 adipiscendo
768 643 896 708 apud
944 642 1159 691 iudicem
1197 641 1426 692 Paridem
1466 643 1526 691 de
1564 642 1889 708 pulchritudi-

203 719 281 765 nis
331 716 620 766 excellentia
667 723 884 766 certasse
940 722 1206 765 narrantur
1253 722 1303 765 et
1348 716 1407 765 ad
1454 716 1717 781 placandos
1763 716 1892 766 ludis

204 791 337 857 deOS,
378 792 464 855 qui
503 790 813 840 delectantur
854 806 941 839 seu
982 791 1111 839 veris
1152 805 1241 839 seu
1281 789 1415 839 salsis
1454 791 1563 839 istis
1603 789 1893 840 criminibus

204 866 334 930 suis,
388 866 519 923 inter
574 865 842 914 theatricos
887 863 1090 929 plausus
1137 870 1398 914 cantantur
1444 870 1590 928 atque
1639 863 1893 914 saltantur.

117 947 172 988 10
203 937 335 986 Haec
374 937 529 987 Varro
577 953 676 987 non
725 938 903 1005 credit,
950 953 1011 987 ne
1053 938 1259 987 deorum
1299 944 1504 987 naturae
1545 953 1634 987 seu
1672 938 1894 988 moribus

205 1011 374 1061 credat
419 1013 713 1077 incongrua3
770 1019 819 1062 et
866 1019 1028 1061 tamen
1077 1027 1177 1061 non
1225 1010 1522 1078 fabulosam,
1571 1011 1657 1061 sed
1696 1011 1892 1061 histori-

205 1101 312 1134 cam
365 1087 610 1136 rationem
672 1086 733 1135 de
786 1086 1089 1135 Athenarum
1143 1085 1382 1135 vocabulo
1442 1085 1654 1135 reddens
1707 1092 1893 1135 tantam

209 1159 429 1224 Neptuni
477 1168 526 1210 et
563 1159 810 1209 Minervae
857 1160 994 1210 litem
1041 1162 1145 1210 suis
1184 1160 1363 1210 litteris
1402 1161 1599 1226 inserit,
1650 1160 1710 1208 de
1751 1161 1893 1209 cuius

204 1235 402 1282 nomine
443 1236 609 1299 potius
647 1233 728 1282 illa
769 1236 938 1284 civitas
979 1240 1252 1296 vocaretur,
1292 1240 1363 1300 ut,
1403 1249 1515 1283 cum
1553 1233 1893 1299 prodigiorum

120 1316 173 1357 15
208 1309 558 1357 ostentatione.
587 1307 967 1374 contenderent,
1012 1310 1143 1357 inter
1191 1323 1275 1357 eos
1321 1307 1540 1356 iudicare
1592 1322 1683 1356 nec
1722 1306 1892 1372 Apollo

206 1381 462 1431 consultus
509 1382 739 1448 auderet,
788 1381 873 1431 sed
921 1382 1130 1431 deorum
1175 1383 1391 1445 iurgium
1431 1380 1725 1447 finiendum,
1765 1383 1894 1430 sicut

205 1461 587 1504 memoratarum
637 1457 788 1504 trium
834 1455 1036 1505 dearum
1078 1454 1136 1504 ad
1176 1455 1403 1504 Paridem
1442 1455 1684 1521 Iuppiter,
1738 1457 1806 1504 ita
1845 1462 1895 1504 et

204 1530 297 1578 iste
339 1529 397 1578 ad
438 1529 662 1578 homines
711 1531 951 1593 mitteret,
997 1528 1083 1579 ubi
1131 1532 1353 1579 vinceret
1390 1529 1607 1578 Minerva
1648 1529 1892 1594 suffragiis

206 1610 256 1652 et
308 1604 360 1651 in
414 1618 572 1668 poena
621 1618 822 1652 suarum
871 1604 1285 1667 suffragatricium
1323 1605 1631 1669 vinceretur,
1678 1617 1802 1667 quae
1841 1604 1893 1651 in

115 1684 172 1724 20
207 1676 501 1726 adversariis
549 1679 651 1726 suis
698 1679 818 1725 viris
866 1677 1090 1726 obtinere
1129 1677 1345 1726 Athenas
1394 1678 1578 1742 potuit,
1625 1683 1675 1725 et
1713 1678 1893 1725 amicas

206 1765 320 1799 suas
359 1751 567 1800 seminas
605 1750 881 1800 Athenaeas
920 1750 1101 1800 hahere
1142 1767 1241 1800 non
1281 1753 1455 1815 potuit.
1531 1750 1620 1798 His
1660 1752 1892 1815 tempori-

202 1823 312 1890 bus,
351 1831 407 1873 ut
438 1824 590 1873 Varro
623 1824 811 1892 scribit,
849 1832 1086 1890 regnante
1125 1824 1509 1874 Atheniensibus
1541 1823 1744 1885 Crana0,
1783 1839 1892 1873 suc-

205 1913 403 1947 cessore
453 1897 712 1964 CecropiS,
762 1907 819 1948 ut
865 1906 1029 1949 autem
1076 1900 1234 1948 nostri
1273 1898 1519 1947 Eusebius
1567 1905 1617 1947 et
1654 1897 1892 1963 Hierony-

204 1987 329 2038 mus,
363 1972 521 2022 adhuc
547 1973 720 2022 eodem
746 1971 964 2038 Cecrope
989 1979 1326 2038 permanente,
1358 1971 1596 2021 diluvium
1621 1972 1728 2037 fuit,
1761 1971 1892 2036 quod

116 2053 171 2093 25
206 2045 503 2110 appellatum
558 2053 634 2096 est
687 2045 1029 2115 DeucalioniS,
1091 2062 1149 2095 eo
1206 2046 1337 2110 quod
1390 2047 1497 2110 ipse
1551 2044 1790 2109 regnabat
1840 2046 1892 2093 in

205 2134 374 2168 earum
422 2127 669 2168 terrarum
717 2119 964 2185 partihuS,
1015 2119 1101 2169 ubi
1148 2120 1357 2168 maxime
1397 2119 1581 2168 sactum
1622 2124 1710 2167 est.
1787 2117 1893 2167 Hoc

203 2198 368 2241 autem
414 2192 650 2242 diluvium
697 2208 1007 2257 nequaquam
1055 2193 1114 2241 ad
1161 2193 1435 2258 Aegyptum
1483 2198 1630 2257 atque
1677 2191 1893 2242 adleius

202 2267 361 2314 vicina
398 2268 638 2331 pervenit.

887 2438 1078 2493 CAPUT
1117 2439 1209 2494 XI.

116 2555 174 2595 30
212 2548 320 2607 Quo
353 2552 573 2609 tempore
605 2547 805 2610 Moyses
830 2550 1070 2610 populum
1102 2549 1165 2596 de
1195 2548 1422 2610 Aeyypto
1455 2548 1705 2612 eduxerit,
1744 2552 1793 2596 et
1830 2548 1893 2595 de

243 2621 359 2670 Iesu
400 2622 552 2682 Nave,
593 2624 681 2682 que·
718 2623 878 2670 eidem
916 2623 1180 2686 successit,
1220 2635 1434 2682 quorum
1473 2634 1650 2682 req-um
1689 2626 1855 2669 aetate

876 2697 942 2743 sit
979 2701 1219 2744 mortuus

353 2810 535 2860 Eduxit
574 2826 691 2875 ergo
732 2810 923 2875 Moyses
964 2826 1022 2859 ex
1061 2810 1279 2875 Aegypto
1319 2810 1557 2875 populum
1596 2809 1683 2859 Dei
1729 2811 1890 2858 novis-

205 2886 329 2933 simo
370 2891 591 2950 tempore
626 2883 858 2948 Cecropis
891 2883 1263 2933 Atheniensium
1304 2886 1450 2950 regiS,
1490 2899 1602 2933 cum
1642 2883 1771 2948 apud
1803 2882 1889 2932 As-
