2004 3140
546 152 612 184 DE
638 149 876 184 cwrrA'rE
899 151 988 183 DEI
1011 151 1053 184 L.
1078 151 1203 186 xxn.
1229 152 1267 186 c.
1292 155 1345 186 29.
1679 141 1787 192 625

103 269 208 317 suri
256 273 372 316 sunt
409 264 567 314 Deum
613 264 664 312 in
711 265 819 328 ipso
869 279 1100 330 corpore,
1149 265 1235 313 sed
1274 271 1442 315 utrum
1480 281 1571 330 per
1609 267 1787 333 ipsum,

100 343 230 390 sicut
282 355 373 404 per
430 353 611 402 corpus
666 352 799 386 nunc
854 338 1075 387 videmus
1131 338 1309 404 solem,
1363 339 1551 405 lunam,
1606 339 1786 406 stellaS,

98 429 232 464 mare
273 429 328 462 ac
368 419 552 461 terram
600 419 648 460 et
697 426 820 475 quae
862 419 978 461 sunt
1024 414 1076 461 in
1117 427 1198 478 ea,
1238 428 1337 461 non
1375 428 1523 478 parva
1564 416 1784 478 quaestio

98 495 188 538 est.
264 487 454 539 Durum
502 492 578 534 est
625 487 756 534 enim
803 485 990 551 dicere,
1039 486 1170 550 quod
1218 489 1377 536 sancti
1424 487 1537 536 talia
1577 503 1786 552 corpora

97 569 216 611 tunc
270 559 547 625 habebunt,
608 565 664 608 ut
718 574 817 607 non
872 561 1063 623 possint
1124 560 1293 609 oculos
1353 560 1581 610 claudere
1637 570 1784 626 atque
1817 571 1844 612 5

95 637 287 701 aperire
341 649 454 683 cum
496 625 687 697 'volent3
736 632 909 698 durius
957 640 1122 682 autem
1174 642 1279 700 est,
1333 634 1464 698 quod
1504 634 1572 683 ibi
1612 635 1784 702 Deum,

96 710 322 774 quisquis
362 707 531 756 oculos
572 705 824 771 clauserit,
866 722 962 755 non
1003 707 1200 757 videbit.
1281 707 1334 757 Si
1374 709 1504 757 enim
1542 709 1785 774 propheta

93 781 351 832 Helisaeus
401 795 614 846 puerum
665 795 811 829 suum
864 779 997 829 Giezi
1048 780 1225 830 absens
1250 827 1254 831 .
1277 796 1484 846 corpore
1539 783 1659 832 vidit
1705 798 1782 832 ac-

94 858 360 922 cipientem
406 869 639 920 munera,
690 869 813 918 quae
862 854 997 903 dedit
1044 857 1090 904 ei
1135 854 1352 904 Naeman
1402 855 1555 920 Syrus
1567 896 1582 922 ,
1633 873 1782 922 quem

91 929 331 996 propheta
364 935 664 978 memoratus
697 943 723 976 a
754 927 918 993 leprae
951 928 1262 979 deformitate
1302 929 1609 997 liberaverat,
1650 931 1781 995 quod
1815 941 1870 982 10

93 1019 266 1053 servus
316 1017 529 1067 nequam
579 1001 777 1050 domino
829 1017 918 1050 suo
966 1018 1066 1051 non
1112 1003 1307 1052 vidente
1359 1003 1570 1053 latenter
1617 1020 1669 1053 se
1710 1006 1778 1054 fe-

92 1079 219 1126 cisse
258 1082 536 1141 putaverat:
585 1082 767 1140 quanto
806 1078 960 1140 magis
999 1077 1051 1125 in
1090 1075 1172 1124 illo
1214 1092 1422 1142 corpore
1463 1078 1672 1142 spiritali
1711 1081 1778 1127 vi-

92 1151 280 1200 debunt
312 1151 468 1199 sancti
500 1151 677 1215 omnia,
715 1164 814 1198 non
847 1149 1007 1198 solum
1039 1152 1082 1199 si
1113 1150 1283 1199 oculos
1323 1150 1566 1217 claudant,
1605 1167 1779 1202 verum

91 1227 237 1274 etiam
277 1224 407 1273 unde
449 1231 565 1272 sunt
603 1238 811 1288 corpore
852 1222 1101 1273 absentes!
1179 1223 1320 1272 Tunc
1360 1226 1492 1273 enim
1532 1227 1627 1274 erit
1664 1241 1776 1290 per·

90 1299 276 1348 fectum
314 1297 450 1363 illud,
489 1294 548 1345 de
581 1312 679 1361 quo
718 1296 925 1361 loquens
965 1297 1237 1362 apostolus:
1276 1298 1359 1347 Ex
1391 1304 1559 1360 parte,
1598 1300 1775 1366 inquit,
1809 1310 1863 1350 15

88 1375 274 1423 scimus
327 1378 377 1421 et
429 1386 495 1420 ex
539 1376 696 1433 parte
751 1373 1112 1433 prophetamus
1121 1389 1140 1430 ;
1194 1386 1308 1420 eum
1363 1377 1530 1422 autem
1584 1377 1781 1423 venerit

90 1448 228 1508 quod
278 1444 565 1508 perfectum
627 1451 719 1505 est,
782 1446 919 1505 quod
978 1461 1045 1495 ex
1091 1452 1245 1508 parte
1300 1451 1374 1494 est
1427 1448 1779 1496 evacuabitun

89 1518 275 1569 Deinde
315 1526 371 1568 ut
403 1534 500 1583 quo
534 1518 677 1567 modo
708 1525 878 1582 posset
917 1518 1076 1583 aliqua
1117 1518 1436 1568 similitudine
1478 1520 1778 1588 ostenderet,

90 1600 329 1658 quantum
383 1592 442 1640 ab
489 1592 571 1640 illa
618 1607 741 1656 quae
791 1592 966 1641 futura
1005 1598 1082 1641 est
1128 1593 1279 1641 distet
1324 1592 1446 1642 haec
1492 1595 1618 1658 vita,
1674 1609 1774 1644 non

89 1666 520 1730 qualiumcumque
560 1665 830 1731 hominum,
869 1681 1041 1714 verum
1082 1668 1228 1715 etiam
1267 1668 1352 1729 qui
1389 1669 1654 1731 praecipua
1693 1668 1773 1717 hic
1806 1678 1863 1718 20

88 1742 350 1789 sanctitate
413 1746 528 1788 sunt
583 1739 814 1804 praediti:
883 1740 1002 1788 Cum
1049 1754 1224 1801 essem,
1280 1741 1464 1806 inquit,
1513 1745 1775 1808 parvulus,

88 1817 237 1875 quasi
267 1817 516 1876 parvulus
553 1815 825 1876 sapiebam,
865 1816 1013 1874 quasi
1043 1816 1292 1876 parvulus
1331 1815 1588 1875 loquebar,
1629 1819 1779 1876 quasi

83 1890 331 1950 parvulus
363 1887 677 1948 coqitabam;
716 1901 829 1936 cum
862 1892 1029 1936 autem
1056 1886 1230 1948 factus
1260 1901 1370 1935 sum
1401 1891 1494 1949 vir,
1528 1893 1779 1938 evacuavi

87 1976 149 2011 ea
188 1976 319 2023 quae
353 1963 562 2023 parvuli
597 1965 759 2009 erant.
848 1961 1079 2009 Videmus
1116 1976 1253 2010 nune
1285 1976 1383 2022 per
1420 1965 1678 2023 speculum
1718 1965 1772 2012 in

86 2037 384 2096 aenigmate,
423 2040 544 2082 tunc
575 2039 742 2082 autem
768 2032 958 2094 faeiem
990 2036 1062 2082 ad
1091 2033 1295 2095 faeiem.
1373 2035 1520 2083 Nune
1558 2037 1663 2084 seio
1705 2051 1770 2084 ex
1800 2043 1859 2084 25

81 2114 248 2170 parte,
288 2115 408 2157 tunc
448 2113 614 2157 autem
652 2121 954 2168 cognoscam
991 2110 1124 2156 sieut
1162 2112 1212 2156 et
1249 2110 1480 2168 cognitus
1518 2123 1639 2157 sum.
1720 2109 1773 2158 Si

87 2197 204 2246 ergo
251 2183 302 2230 in
334 2181 431 2230 hac
470 2183 590 2246 vita,
635 2180 722 2229 ubi
768 2180 1025 2250 hominum
1073 2180 1369 2229 mirabilium
1407 2181 1666 2246 prophetia
1703 2184 1773 2231 ita

88 2254 413 2320 comparanda
453 2261 529 2303 est
565 2253 635 2303 illi
674 2255 823 2320 vitae,
864 2256 1003 2318 quasi
1041 2254 1231 2318 parvuli
1270 2254 1329 2302 ad
1368 2256 1612 2322 iuvenem,
1651 2256 1775 2305 vidit

85 2335 251 2377 tamen
290 2328 544 2377 Helisaeus
591 2329 914 2392 accipientem
960 2332 1166 2377 munera
1217 2342 1432 2376 servum.
1455 2343 1626 2389 suum,
1683 2329 1767 2378 ubi

86 2403 191 2467 ipse
224 2416 323 2450 non
355 2408 481 2450 erat:
520 2403 651 2450 itane
691 2416 803 2449 cum
844 2403 1034 2450 venerit
1073 2401 1203 2465 quod
1243 2401 1519 2465 perfectum
1559 2408 1635 2451 est
1674 2417 1765 2451 nec
1798 2411 1857 2451 30

86 2476 183 2524 iam
223 2490 404 2539 corpus
452 2474 774 2538 corruptibile
821 2473 1101 2538 adgravabit
1139 2475 1370 2539 animam,
1419 2474 1505 2522 sed
1544 2475 1768 2524 incorru-

86 2547 257 2613 ptibile
291 2547 412 2596 nihil
443 2548 692 2612 impediet,
730 2547 799 2595 illi
831 2549 989 2596 sancti
1020 2547 1080 2595 ad
1112 2561 1183 2612 ea,
1223 2561 1348 2609 quae
1387 2546 1596 2596 videnda
1636 2555 1768 2608 sunt,

208 2677 281 2730 12)
313 2679 354 2719 2.
388 2674 500 2731 Reg.
534 2678 576 2728 5,
609 2678 678 2717 26.
743 2675 816 2728 17)
851 2678 889 2718 1.
923 2672 1023 2717 Cor.
1061 2678 1128 2729 13,
1162 2677 1187 2716 9
1221 2686 1286 2727 sq.
1348 2673 1422 2728 26)
1455 2672 1519 2716 Π).
1556 2678 1607 2717 11
1642 2688 1696 2730 sq

208 2827 233 2866 6
268 2822 336 2865 esi:
358 2821 429 2874 R‚·
461 2835 542 2866 om.
566 2820 638 2864 Av
662 2821 678 2876 ΙΙ
702 2825 727 2864 9
751 2833 920 2863 neman
949 2818 1022 2872 R,·
1050 2833 1248 2863 neeman
1278 2820 1349 2873 A;
1378 2820 1592 2864 Naaman
1621 2833 1647 2864 υ
1671 2821 1687 2877 ΙΙ
1712 2825 1769 2863 10

86 2879 367 2924 liberauerat,
398 2880 467 2934 Ε,-
498 2879 805 2923 mundauerat
836 2878 908 2921 Av
933 2880 947 2934 Η
972 2883 1026 2921 25
1058 2877 1224 2922 faciem
1257 2878 1325 2931 R,-
1365 2877 1485 2922 facie
1517 2880 1588 2922 Αυ

176 2970 270 2996 Atto.
294 2970 346 2993 ΒΕ
372 2969 450 2994 cnr.
473 2970 554 2995 mu.
599 2962 651 2993 ΙΙ.
1356 2957 1411 2995 40
