2054 3152
525 180 592 212 DE
617 178 854 212 clvt'rA'rE
878 180 967 211 DEI
990 180 1032 213 L.
1056 179 1158 213 ΧΠ.
1183 180 1221 213 c.
1247 182 1298 214 19.
1324 182 1376 214 20.
1749 169 1823 221 43

135 291 455 356 repugnando
505 290 871 357 modificantur,
918 307 1017 340 non
1066 298 1141 341 est
1187 294 1358 357 utique
1407 294 1588 342 sanitas
1637 308 1696 341 ex
1737 308 1819 341 na-

135 371 262 430 tura,
303 364 389 413 sed
428 364 634 428 languor
666 380 726 413 ex
757 363 913 430 culpa.
992 365 1134 423 Quod
1174 372 1339 415 autem
1376 368 1478 415 irae
1518 381 1668 431 opera
1708 366 1819 415 alia-

134 453 345 502 rumque
386 438 701 487 affectionum
746 439 797 487 in
845 437 1125 503 quibusque
1166 439 1312 488 dictis
1351 446 1498 504 atque
1540 440 1680 489 factis
1720 455 1820 489 non

131 513 204 560 sic
235 510 493 561 abscondit
523 511 835 578 verecundia,
873 518 928 561 ut
961 527 1110 577 opera
1140 512 1371 578 libidinis,
1412 528 1535 576 quae
1575 514 1699 562 fiunt
1738 529 1818 578 ge·

132 583 364 633 uitalibus
412 584 669 651 membriS,
717 585 834 650 quid
882 601 1057 635 causae
1106 593 1202 651 est,
1249 587 1344 635 nisi
1395 587 1508 650 quia
1546 588 1598 635 in
1638 588 1818 636 ceteris
1851 595 1877 635 5

131 657 350 707 membra
391 660 614 723 corporis
647 674 745 708 non
783 660 917 724 ipsae
959 660 1257 726 affectioneS,
1298 659 1399 725 sed,
1439 675 1553 709 cum
1593 661 1664 708 eis
1704 675 1817 708 con-

132 733 360 798 senserit,
399 732 624 781 voluntas
663 740 851 799 movet,
892 748 1015 797 quae
1055 734 1108 782 in
1147 748 1455 782 usueorum
1495 735 1694 782 omnino
1735 733 1818 782 do·

133 802 384 855 minatur?
459 805 582 855 Nam
634 807 858 870 quisquis
897 806 1103 856 verbum
1144 808 1323 856 emittit
1361 808 1517 855 iratus
1556 806 1632 855 vel
1671 808 1818 856 etiam

129 893 427 943 quemquam
466 881 698 946 percutit,
737 895 836 929 non
874 887 1043 945 posset
1082 880 1174 930 hoc
1215 882 1392 946 facere,
1431 882 1528 929 nisi
1565 880 1730 945 lingua
1771 886 1820 929 et

130 967 304 1001 manus
343 952 543 1002 iubente
586 953 797 1017 quodam
835 954 980 1003 modo
1020 953 1269 1004 voluntate
1309 961 1649 1020 moverentur3
1691 968 1815 1018 quae
1851 963 1905 1003 10

128 1025 364 1092 membra,
403 1028 548 1075 etiam
581 1042 694 1076 cum
726 1029 799 1076 ira
837 1027 970 1077 nulla
1008 1034 1098 1094 est,
1137 1033 1399 1076 moventur
1438 1027 1607 1076 eadem
1647 1027 1815 1076 volun-

130 1107 242 1148 tate.
305 1100 366 1148 At
399 1115 513 1148 vero
546 1099 782 1164 genitales
823 1103 1047 1165 corporis
1086 1108 1253 1165 partes
1292 1103 1359 1150 ita
1397 1099 1547 1149 libido
1588 1116 1678 1149 suo
1717 1102 1816 1150 iuri

128 1172 340 1236 quodam
380 1172 524 1221 modo
566 1175 884 1239 mancipavit,
926 1181 979 1222 ut
1018 1176 1205 1223 moveri
1245 1189 1344 1222 non
1384 1173 1588 1239 valeant,
1628 1175 1670 1223 si
1709 1175 1815 1238 ipsa

127 1245 342 1295 defuerit
392 1253 442 1295 et
502 1248 598 1295 nisi
654 1248 760 1311 ipsa
814 1247 890 1296 vel
943 1247 1075 1296 ultro
1129 1248 1205 1296 vel
1260 1249 1470 1296 excitata
1524 1249 1813 1296 surrexerit.

126 1318 231 1368 Hoc
265 1327 340 1369 est
371 1319 503 1385 quod
534 1320 702 1386 pudet,
741 1320 835 1370 hoc
868 1328 944 1370 est
977 1321 1108 1386 quod
1147 1323 1450 1370 intuentium
1490 1320 1659 1369 oculos
1700 1336 1811 1370 eru-
1848 1330 1902 1370 15

127 1392 374 1443 bescendo
416 1394 619 1459 devitat,
667 1396 918 1459 magisque
960 1396 1058 1444 fert
1095 1395 1242 1443 homo
1283 1396 1614 1459 spectantium
1654 1393 1815 1443 multi-

127 1466 364 1533 tudinem,
405 1467 599 1531 quando
633 1469 815 1516 iniuste
855 1470 1087 1518 irascitur
1126 1469 1328 1533 homini,
1368 1483 1514 1532 quam
1554 1467 1628 1516 vel
1669 1469 1816 1516 unius

125 1548 396 1607 aspectum,
436 1548 485 1590 et
524 1541 717 1605 quando
758 1543 886 1591 iuste
927 1544 1165 1591 miscetur
1203 1544 1361 1591 uxori.

793 1713 988 1768 CAPUT
1029 1714 1144 1768 XX.

414 1822 490 1870 De
529 1823 799 1870 vanissima
840 1823 1154 1883 turpitudine
1199 1821 1515 1883 Cynicorum.
1846 1829 1903 1868 20

272 1923 377 1972 Hoc
416 1923 486 1972 illi
526 1925 687 1972 canini
725 1923 1031 1988 philosophi,
1070 1923 1163 1972 hoc
1205 1930 1280 1972 est
1320 1922 1502 1988 Cynici,
1543 1937 1641 1971 non
1682 1922 1811 1971 vide-

124 2003 255 2062 runt,
294 1997 605 2061 proferentes
638 2005 810 2046 contra
842 1996 1106 2045 humanam
1138 1996 1483 2045 verecundiam
1523 1995 1641 2060 quid
1682 1995 1812 2044 aliud

124 2085 271 2134 quam
311 2072 549 2136 caninam,
587 2070 680 2118 hoc
714 2078 790 2119 est
827 2070 1114 2119 inmundam
1153 2070 1574 2134 inpudentemque
1616 2075 1811 2117 senten-

123 2140 277 2193 tiam?
316 2151 372 2193 ut
411 2143 620 2208 scilicet,
668 2146 899 2208 quoniam
949 2145 1135 2192 iustum
1176 2150 1250 2192 est
1289 2143 1421 2207 quod
1460 2144 1514 2192 fit
1552 2144 1604 2191 in
1644 2157 1813 2207 uxore,

123 2217 281 2282 palam
330 2232 429 2266 non
479 2217 661 2281 pudeat
705 2217 755 2265 id
810 2233 955 2282 agere
1007 2232 1098 2265 nec
1138 2219 1189 2266 in
1228 2219 1335 2265 vico
1375 2223 1459 2265 aut
1496 2215 1655 2281 platea
1696 2230 1811 2279 qua·
1846 2223 1901 2262 25

125 2290 245 2339 libet
278 2290 583 2354 coniugalem
617 2288 935 2339 concubitum
975 2291 1207 2339 devitare.
1285 2290 1411 2339 Vicit
1449 2296 1614 2338 tamen
1651 2288 1812 2353 pudor

125 2363 361 2413 naturalis
410 2365 692 2428 opinionem
738 2362 886 2413 huius
934 2366 1133 2412 erroriS.
1221 2363 1344 2412 Nam
1391 2365 1486 2412 etsi
1534 2361 1813 2427 perhibent,

125 2437 219 2485 hoc
259 2437 518 2500 aliquando
558 2435 935 2501 gloriabundum
975 2438 1150 2486 fecisse
1190 2436 1481 2501 Diogenem,
1531 2438 1599 2484 ita
1636 2441 1811 2500 putan-

126 2518 228 2558 tem
282 2517 465 2559 sectam
521 2525 659 2559 suam
713 2509 1003 2559 nobiliorem
1058 2511 1301 2574 futuram,
1356 2512 1398 2558 si
1451 2511 1502 2558 in
1556 2508 1811 2557 hominum

126 2585 362 2632 memoria
398 2585 639 2648 insignior
678 2585 785 2632 eius
824 2583 1112 2647 inpudentia
1150 2584 1400 2648 figeretur,
1439 2589 1609 2647 postea
1648 2588 1811 2630 tamen
1843 2591 1902 2632 30

128 2671 154 2704 a
187 2656 382 2721 Cynicis
414 2657 523 2705 fieri
555 2663 800 2705 cessatum
833 2663 923 2722 est,
961 2656 1170 2721 plusque
1203 2656 1353 2705 valuit
1389 2655 1566 2721 pudor,
1604 2661 1661 2703 ut
1700 2669 1810 2702 eru-

124 2728 387 2779 bescerent
436 2729 660 2779 homines
715 2729 1018 2795 hominibuS,
1070 2745 1214 2793 quam
1264 2744 1427 2793 error,
1481 2735 1537 2777 ut
1585 2727 1811 2776 homines

247 2906 269 2944 1
304 2901 605 2958 repugnando
638 2915 750 2954 mss;
782 2900 1056 2945 refrenando
1090 2915 1114 2944 z·
