<?xml version="1.0" encoding="UTF-8"?>
<!DOCTYPE html PUBLIC "-//W3C//DTD XHTML 1.0 Transitional//EN"
    "http://www.w3.org/TR/xhtml1/DTD/xhtml1-transitional.dtd">
<html xmlns="http://www.w3.org/1999/xhtml" xml:lang="en" lang="en">
 <head>
  <title>
</title>
<meta http-equiv="Content-Type" content="text/html;charset=utf-8" />
  <meta name='ocr-system' content='tesseract 3.04.00' />
  <meta name='ocr-capabilities' content='ocr_page ocr_carea ocr_par ocr_line ocrx_word'/>
</head>
<body>
  <div class='ocr_page' id='page_1' title='image "./decivitatedeilib02auguuoft_0291.png"; bbox 0 0 2004 3140; ppageno 0'>
   <div class='ocr_carea' id='block_1_1' title="bbox 535 152 1803 218">
    <p class='ocr_par' dir='ltr' id='par_1_1' title="bbox 535 152 1803 218">
     <span class='ocr_line' id='line_1_1' title="bbox 535 152 1803 218; baseline -0.001 -20"><span class='ocrx_word' id='word_1_1' title='bbox 535 166 603 198; x_wconf 79' lang='lat' dir='ltr'><strong>DE</strong></span> <span class='ocrx_word' id='word_1_2' title='bbox 628 163 866 199; x_wconf 73' lang='lat' dir='ltr'><strong>CIVITATE</strong></span> <span class='ocrx_word' id='word_1_3' title='bbox 888 165 979 196; x_wconf 78' lang='lat' dir='ltr'><strong>Dm</strong></span> <span class='ocrx_word' id='word_1_4' title='bbox 1002 165 1044 196; x_wconf 83' lang='lat' dir='ltr'><strong>L.</strong></span> <span class='ocrx_word' id='word_1_5' title='bbox 1068 165 1214 218; x_wconf 65' lang='lat' dir='ltr'><strong>xvnr.</strong></span> <span class='ocrx_word' id='word_1_6' title='bbox 1239 164 1276 198; x_wconf 88' lang='lat' dir='ltr'><strong>c.</strong></span> <span class='ocrx_word' id='word_1_7' title='bbox 1302 166 1355 198; x_wconf 75' lang='lat'><strong>23.</strong></span> <span class='ocrx_word' id='word_1_8' title='bbox 1698 152 1803 205; x_wconf 77' lang='lat'><strong>287</strong></span> 
     </span>
    </p>
   </div>
   <div class='ocr_carea' id='block_1_2' title="bbox 112 277 1897 2703">
    <p class='ocr_par' dir='ltr' id='par_1_2' title="bbox 112 277 1866 936">
     <span class='ocr_line' id='line_1_2' title="bbox 126 277 1807 346; baseline -0.002 -16"><span class='ocrx_word' id='word_1_9' title='bbox 126 295 323 346; x_wconf 83' lang='lat' dir='ltr'><strong>novem3</strong></span> <span class='ocrx_word' id='word_1_10' title='bbox 378 285 427 328; x_wconf 90' lang='lat' dir='ltr'><strong>et</strong></span> <span class='ocrx_word' id='word_1_11' title='bbox 480 280 586 343; x_wconf 88' lang='lat' dir='ltr'><strong>ipsa</strong></span> <span class='ocrx_word' id='word_1_12' title='bbox 632 293 808 327; x_wconf 88' lang='lat' dir='ltr'><strong>novem</strong></span> <span class='ocrx_word' id='word_1_13' title='bbox 865 278 905 326; x_wconf 90' lang='lat' dir='ltr'><strong>si</strong></span> <span class='ocrx_word' id='word_1_14' title='bbox 955 283 1033 326; x_wconf 89' lang='lat' dir='ltr'><strong>ter</strong></span> <span class='ocrx_word' id='word_1_15' title='bbox 1084 277 1353 343; x_wconf 83' lang='lat' dir='ltr'><strong>ducamur,</strong></span> <span class='ocrx_word' id='word_1_16' title='bbox 1407 283 1463 326; x_wconf 92' lang='lat' dir='ltr'><strong>ut</strong></span> <span class='ocrx_word' id='word_1_17' title='bbox 1509 293 1568 326; x_wconf 89' lang='lat' dir='ltr'><strong>ex</strong></span> <span class='ocrx_word' id='word_1_18' title='bbox 1619 277 1716 327; x_wconf 90' lang='lat' dir='ltr'><strong>lato</strong></span> <span class='ocrx_word' id='word_1_19' title='bbox 1755 280 1807 327; x_wconf 88' lang='lat' dir='ltr'><strong>in</strong></span> 
     </span>
     <span class='ocr_line' id='line_1_3' title="bbox 127 350 1806 418; baseline -0.002 -14"><span class='ocrx_word' id='word_1_20' title='bbox 127 354 277 404; x_wconf 89' lang='lat' dir='ltr'><strong>altum</strong></span> <span class='ocrx_word' id='word_1_21' title='bbox 332 353 487 417; x_wconf 85' lang='lat' dir='ltr'><strong>figura</strong></span> <span class='ocrx_word' id='word_1_22' title='bbox 543 358 837 418; x_wconf 80' lang='lat' dir='ltr'><strong>consurgat,</strong></span> <span class='ocrx_word' id='word_1_23' title='bbox 900 350 959 399; x_wconf 90' lang='lat' dir='ltr'><strong>ad</strong></span> <span class='ocrx_word' id='word_1_24' title='bbox 1014 352 1186 416; x_wconf 88' lang='lat' dir='ltr'><strong>viginti</strong></span> <span class='ocrx_word' id='word_1_25' title='bbox 1247 358 1435 416; x_wconf 86' lang='lat' dir='ltr'>septem</span> <span class='ocrx_word' id='word_1_26' title='bbox 1497 353 1806 417; x_wconf 84' lang='lat' dir='ltr'><strong>perveniunt.</strong></span> 
     </span>
     <span class='ocr_line' id='line_1_4' title="bbox 119 425 1809 491; baseline -0.001 -14"><span class='ocrx_word' id='word_1_27' title='bbox 119 427 309 477; x_wconf 89' lang='lat' dir='ltr'><strong>Horum</strong></span> <span class='ocrx_word' id='word_1_28' title='bbox 363 432 527 475; x_wconf 87' lang='lat' dir='ltr'><strong>autem</strong></span> <span class='ocrx_word' id='word_1_29' title='bbox 568 425 870 474; x_wconf 87' lang='lat' dir='ltr'><strong>Graecorum</strong></span> <span class='ocrx_word' id='word_1_30' title='bbox 916 427 1134 490; x_wconf 89' lang='lat' dir='ltr'><strong>quinque</strong></span> <span class='ocrx_word' id='word_1_31' title='bbox 1182 425 1473 491; x_wconf 89' lang='lat' dir='ltr'><strong>verborum,</strong></span> <span class='ocrx_word' id='word_1_32' title='bbox 1529 441 1652 490; x_wconf 89' lang='lat' dir='ltr'><strong>quae</strong></span> <span class='ocrx_word' id='word_1_33' title='bbox 1692 433 1809 475; x_wconf 89' lang='lat' dir='ltr'><strong>sunt</strong></span> 
     </span>
     <span class='ocr_line' id='line_1_5' title="bbox 112 494 1806 566; baseline -0.002 -15"><span class='ocrx_word' id='word_1_34' title='bbox 112 498 305 566; x_wconf 82' lang='grc' dir='ltr'><em>Ἰησοῦς</em></span> <span class='ocrx_word' id='word_1_35' title='bbox 343 495 576 564; x_wconf 83' lang='grc' dir='ltr'><strong><em>Χρειστὸς</em></strong></span> <span class='ocrx_word' id='word_1_36' title='bbox 620 501 748 549; x_wconf 81' lang='grc' dir='ltr'><strong>Θεοῦ</strong></span> <span class='ocrx_word' id='word_1_37' title='bbox 787 494 896 558; x_wconf 83' lang='grc' dir='ltr'><strong><em>υίὸς</em></strong></span> <span class='ocrx_word' id='word_1_38' title='bbox 934 495 1115 564; x_wconf 82' lang='grc' dir='ltr'><em>σωτήρ,</em></span> <span class='ocrx_word' id='word_1_39' title='bbox 1165 500 1295 563; x_wconf 89' lang='lat' dir='ltr'><strong>quod</strong></span> <span class='ocrx_word' id='word_1_40' title='bbox 1345 507 1419 548; x_wconf 88' lang='lat' dir='ltr'><strong>est</strong></span> <span class='ocrx_word' id='word_1_41' title='bbox 1458 499 1628 548; x_wconf 81' lang='lat' dir='ltr'><strong>Latine</strong></span> <span class='ocrx_word' id='word_1_42' title='bbox 1668 499 1806 549; x_wconf 87' lang='lat' dir='ltr'><strong>Iesus</strong></span> 
     </span>
     <span class='ocr_line' id='line_1_6' title="bbox 121 572 1866 639; baseline -0.002 -15"><span class='ocrx_word' id='word_1_43' title='bbox 121 575 347 625; x_wconf 89' lang='lat' dir='ltr'><strong>Christus</strong></span> <span class='ocrx_word' id='word_1_44' title='bbox 387 573 476 622; x_wconf 89' lang='lat' dir='ltr'><strong>Dei</strong></span> <span class='ocrx_word' id='word_1_45' title='bbox 514 573 645 622; x_wconf 85' lang='lat' dir='ltr'><strong>filius</strong></span> <span class='ocrx_word' id='word_1_46' title='bbox 685 572 909 638; x_wconf 87' lang='lat' dir='ltr'><strong>salvator,</strong></span> <span class='ocrx_word' id='word_1_47' title='bbox 949 574 990 621; x_wconf 91' lang='lat' dir='ltr'><strong>si</strong></span> <span class='ocrx_word' id='word_1_48' title='bbox 1028 574 1213 638; x_wconf 88' lang='lat' dir='ltr'><strong>primas</strong></span> <span class='ocrx_word' id='word_1_49' title='bbox 1251 572 1441 622; x_wconf 81' lang='lat' dir='ltr'><strong>litteras</strong></span> <span class='ocrx_word' id='word_1_50' title='bbox 1484 575 1672 639; x_wconf 83' lang='lat' dir='ltr'><strong>iungaS,</strong></span> <span class='ocrx_word' id='word_1_51' title='bbox 1713 575 1866 623; x_wconf 85' lang='lat' dir='ltr'><strong>erit·5</strong></span> 
     </span>
     <span class='ocr_line' id='line_1_7' title="bbox 115 644 1808 714; baseline -0.002 -15"><span class='ocrx_word' id='word_1_52' title='bbox 115 644 288 714; x_wconf 77' lang='grc' dir='ltr'><em>ἰχθύς,</em></span> <span class='ocrx_word' id='word_1_53' title='bbox 343 647 391 696; x_wconf 94' lang='lat' dir='ltr'><strong>id</strong></span> <span class='ocrx_word' id='word_1_54' title='bbox 441 654 517 696; x_wconf 89' lang='lat' dir='ltr'><strong>est</strong></span> <span class='ocrx_word' id='word_1_55' title='bbox 565 648 715 712; x_wconf 86' lang='lat' dir='ltr'><strong>piscis</strong></span> <span class='ocrx_word' id='word_1_56' title='bbox 728 687 741 712; x_wconf 91' lang='lat'><strong>,</strong></span> <span class='ocrx_word' id='word_1_57' title='bbox 791 649 843 696; x_wconf 88' lang='lat' dir='ltr'><strong>in</strong></span> <span class='ocrx_word' id='word_1_58' title='bbox 885 661 981 711; x_wconf 90' lang='lat' dir='ltr'><strong>quo</strong></span> <span class='ocrx_word' id='word_1_59' title='bbox 1021 648 1219 695; x_wconf 90' lang='lat' dir='ltr'><strong>nomine</strong></span> <span class='ocrx_word' id='word_1_60' title='bbox 1261 648 1466 712; x_wconf 78' lang='lat' dir='ltr'><strong>mystice</strong></span> <span class='ocrx_word' id='word_1_61' title='bbox 1505 647 1808 711; x_wconf 84' lang='lat' dir='ltr'><strong>intellegitur</strong></span> 
     </span>
     <span class='ocr_line' id='line_1_8' title="bbox 119 719 1808 788; baseline -0.002 -16"><span class='ocrx_word' id='word_1_62' title='bbox 119 722 346 772; x_wconf 88' lang='lat' dir='ltr'><strong>Christus</strong></span> <span class='ocrx_word' id='word_1_63' title='bbox 358 761 372 788; x_wconf 89' lang='lat'><strong>,</strong></span> <span class='ocrx_word' id='word_1_64' title='bbox 423 737 480 770; x_wconf 91' lang='lat' dir='ltr'><strong>eo</strong></span> <span class='ocrx_word' id='word_1_65' title='bbox 537 720 668 785; x_wconf 91' lang='lat' dir='ltr'><strong>quod</strong></span> <span class='ocrx_word' id='word_1_66' title='bbox 719 723 771 769; x_wconf 89' lang='lat' dir='ltr'><strong>in</strong></span> <span class='ocrx_word' id='word_1_67' title='bbox 819 720 965 770; x_wconf 89' lang='lat' dir='ltr'><strong>huius</strong></span> <span class='ocrx_word' id='word_1_68' title='bbox 1013 720 1323 770; x_wconf 82' lang='lat' dir='ltr'><strong>mortalitatis</strong></span> <span class='ocrx_word' id='word_1_69' title='bbox 1371 719 1546 785; x_wconf 88' lang='lat' dir='ltr'><strong>abysso</strong></span> <span class='ocrx_word' id='word_1_70' title='bbox 1585 721 1719 770; x_wconf 88' lang='lat' dir='ltr'><strong>velut</strong></span> <span class='ocrx_word' id='word_1_71' title='bbox 1756 722 1808 769; x_wconf 88' lang='lat' dir='ltr'><strong>in</strong></span> 
     </span>
     <span class='ocr_line' id='line_1_9' title="bbox 117 794 1807 862; baseline -0.002 -17"><span class='ocrx_word' id='word_1_72' title='bbox 117 811 356 862; x_wconf 89' lang='lat' dir='ltr'><strong>aquarum</strong></span> <span class='ocrx_word' id='word_1_73' title='bbox 405 795 741 860; x_wconf 79' lang='lat' dir='ltr'><strong>profunditate</strong></span> <span class='ocrx_word' id='word_1_74' title='bbox 789 796 953 860; x_wconf 81' lang='lat' dir='ltr'><strong>vivuS,</strong></span> <span class='ocrx_word' id='word_1_75' title='bbox 1003 794 1098 843; x_wconf 92' lang='lat' dir='ltr'><strong>hoc</strong></span> <span class='ocrx_word' id='word_1_76' title='bbox 1146 801 1222 844; x_wconf 90' lang='lat' dir='ltr'><strong>est</strong></span> <span class='ocrx_word' id='word_1_77' title='bbox 1273 796 1378 844; x_wconf 89' lang='lat' dir='ltr'><strong>sine</strong></span> <span class='ocrx_word' id='word_1_78' title='bbox 1417 801 1647 861; x_wconf 89' lang='lat' dir='ltr'><strong>peccato,</strong></span> <span class='ocrx_word' id='word_1_79' title='bbox 1698 809 1807 843; x_wconf 89' lang='lat' dir='ltr'><strong>esse</strong></span> 
     </span>
     <span class='ocr_line' id='line_1_10' title="bbox 114 871 348 936; baseline -0.013 -15"><span class='ocrx_word' id='word_1_80' title='bbox 114 871 348 936; x_wconf 89' lang='lat' dir='ltr'><strong>potuerit.</strong></span> 
     </span>
    </p>

    <p class='ocr_par' dir='ltr' id='par_1_3' title="bbox 113 941 1897 2703">
     <span class='ocr_line' id='line_1_11' title="bbox 266 941 1897 1009; baseline -0.001 -17"><span class='ocrx_word' id='word_1_81' title='bbox 266 943 397 993; x_wconf 91' lang='lat' dir='ltr'><strong>Haec</strong></span> <span class='ocrx_word' id='word_1_82' title='bbox 448 950 612 992; x_wconf 85' lang='lat' dir='ltr'><strong>autem</strong></span> <span class='ocrx_word' id='word_1_83' title='bbox 653 941 832 1007; x_wconf 76' lang='lat' dir='ltr'><strong>Sibylla</strong></span> <span class='ocrx_word' id='word_1_84' title='bbox 880 943 981 990; x_wconf 91' lang='lat' dir='ltr'><strong>sive</strong></span> <span class='ocrx_word' id='word_1_85' title='bbox 1021 941 1292 1007; x_wconf 81' lang='lat' dir='ltr'><strong>Erythraea</strong></span> <span class='ocrx_word' id='word_1_86' title='bbox 1340 943 1465 1009; x_wconf 91' lang='lat' dir='ltr'><strong>sive,</strong></span> <span class='ocrx_word' id='word_1_87' title='bbox 1511 950 1568 991; x_wconf 91' lang='lat' dir='ltr'><strong>ut</strong></span> <span class='ocrx_word' id='word_1_88' title='bbox 1607 942 1804 1007; x_wconf 89' lang='lat' dir='ltr'><strong>quidam</strong></span> <span class='ocrx_word' id='word_1_89' title='bbox 1843 951 1897 990; x_wconf 90' lang='lat'><strong>10</strong></span> 
     </span>
     <span class='ocr_line' id='line_1_12' title="bbox 121 1015 1806 1083; baseline -0.001 -16"><span class='ocrx_word' id='word_1_90' title='bbox 121 1019 275 1083; x_wconf 88' lang='lat' dir='ltr'><strong>magis</strong></span> <span class='ocrx_word' id='word_1_91' title='bbox 324 1017 560 1082; x_wconf 88' lang='lat' dir='ltr'><strong>credunt,</strong></span> <span class='ocrx_word' id='word_1_92' title='bbox 617 1015 825 1065; x_wconf 88' lang='lat' dir='ltr'><strong>Cumaea</strong></span> <span class='ocrx_word' id='word_1_93' title='bbox 874 1017 940 1064; x_wconf 89' lang='lat' dir='ltr'><strong>ita</strong></span> <span class='ocrx_word' id='word_1_94' title='bbox 988 1016 1111 1064; x_wconf 91' lang='lat' dir='ltr'><strong>nihil</strong></span> <span class='ocrx_word' id='word_1_95' title='bbox 1157 1015 1305 1066; x_wconf 83' lang='lat' dir='ltr'><strong>habet</strong></span> <span class='ocrx_word' id='word_1_96' title='bbox 1353 1018 1404 1064; x_wconf 90' lang='lat' dir='ltr'><strong>in</strong></span> <span class='ocrx_word' id='word_1_97' title='bbox 1447 1023 1548 1065; x_wconf 90' lang='lat' dir='ltr'><strong>toto</strong></span> <span class='ocrx_word' id='word_1_98' title='bbox 1590 1017 1806 1066; x_wconf 86' lang='lat' dir='ltr'><strong>carmine</strong></span> 
     </span>
     <span class='ocr_line' id='line_1_13' title="bbox 120 1089 1806 1158; baseline -0.002 -16"><span class='ocrx_word' id='word_1_99' title='bbox 120 1108 226 1158; x_wconf 87' lang='lat' dir='ltr'><strong>sue,</strong></span> <span class='ocrx_word' id='word_1_100' title='bbox 266 1093 408 1141; x_wconf 91' lang='lat' dir='ltr'><strong>cuius</strong></span> <span class='ocrx_word' id='word_1_101' title='bbox 449 1092 621 1155; x_wconf 84' lang='lat' dir='ltr'><strong>exigua</strong></span> <span class='ocrx_word' id='word_1_102' title='bbox 660 1092 754 1139; x_wconf 91' lang='lat' dir='ltr'><strong>ista</strong></span> <span class='ocrx_word' id='word_1_103' title='bbox 795 1089 1036 1155; x_wconf 89' lang='lat' dir='ltr'><strong>particula</strong></span> <span class='ocrx_word' id='word_1_104' title='bbox 1075 1097 1164 1156; x_wconf 89' lang='lat' dir='ltr'><strong>est,</strong></span> <span class='ocrx_word' id='word_1_105' title='bbox 1205 1089 1335 1154; x_wconf 90' lang='lat' dir='ltr'><strong>quod</strong></span> <span class='ocrx_word' id='word_1_106' title='bbox 1376 1089 1434 1138; x_wconf 88' lang='lat' dir='ltr'><strong>ad</strong></span> <span class='ocrx_word' id='word_1_107' title='bbox 1475 1090 1680 1140; x_wconf 87' lang='lat' dir='ltr'><strong>deorum</strong></span> <span class='ocrx_word' id='word_1_108' title='bbox 1722 1090 1806 1138; x_wconf 84' lang='lat' dir='ltr'><strong>fal-</strong></span> 
     </span>
     <span class='ocr_line' id='line_1_14' title="bbox 120 1163 1808 1228; baseline -0.002 -13"><span class='ocrx_word' id='word_1_109' title='bbox 120 1181 288 1216; x_wconf 90' lang='lat' dir='ltr'><strong>sorum</strong></span> <span class='ocrx_word' id='word_1_110' title='bbox 342 1167 442 1214; x_wconf 84' lang='lat' dir='ltr'><strong>sive</strong></span> <span class='ocrx_word' id='word_1_111' title='bbox 494 1165 736 1213; x_wconf 87' lang='lat' dir='ltr'><strong>factorum</strong></span> <span class='ocrx_word' id='word_1_112' title='bbox 798 1163 986 1212; x_wconf 90' lang='lat' dir='ltr'><strong>cultum</strong></span> <span class='ocrx_word' id='word_1_113' title='bbox 1046 1165 1312 1228; x_wconf 81' lang='lat' dir='ltr'><strong>pertineat,</strong></span> <span class='ocrx_word' id='word_1_114' title='bbox 1371 1165 1489 1228; x_wconf 86' lang='lat' dir='ltr'><strong>quin</strong></span> <span class='ocrx_word' id='word_1_115' title='bbox 1540 1166 1689 1213; x_wconf 91' lang='lat' dir='ltr'><strong>immo</strong></span> <span class='ocrx_word' id='word_1_116' title='bbox 1740 1166 1808 1213; x_wconf 86' lang='lat' dir='ltr'><strong>ita</strong></span> 
     </span>
     <span class='ocr_line' id='line_1_15' title="bbox 121 1237 1809 1303; baseline -0.002 -14"><span class='ocrx_word' id='word_1_117' title='bbox 121 1241 267 1289; x_wconf 87' lang='lat' dir='ltr'><strong>etiam</strong></span> <span class='ocrx_word' id='word_1_118' title='bbox 316 1245 487 1288; x_wconf 87' lang='lat' dir='ltr'><strong>contra</strong></span> <span class='ocrx_word' id='word_1_119' title='bbox 535 1253 619 1286; x_wconf 89' lang='lat' dir='ltr'><strong>eos</strong></span> <span class='ocrx_word' id='word_1_120' title='bbox 669 1244 718 1286; x_wconf 90' lang='lat' dir='ltr'><strong>et</strong></span> <span class='ocrx_word' id='word_1_121' title='bbox 769 1243 940 1286; x_wconf 91' lang='lat' dir='ltr'><strong>contra</strong></span> <span class='ocrx_word' id='word_1_122' title='bbox 981 1237 1198 1286; x_wconf 86' lang='lat' dir='ltr'><strong>cultores</strong></span> <span class='ocrx_word' id='word_1_123' title='bbox 1240 1252 1412 1286; x_wconf 88' lang='lat' dir='ltr'><strong>eorum</strong></span> <span class='ocrx_word' id='word_1_124' title='bbox 1452 1237 1698 1303; x_wconf 91' lang='lat' dir='ltr'><strong>loquitur,</strong></span> <span class='ocrx_word' id='word_1_125' title='bbox 1753 1244 1809 1286; x_wconf 90' lang='lat' dir='ltr'><strong>ut</strong></span> 
     </span>
     <span class='ocr_line' id='line_1_16' title="bbox 119 1310 1897 1377; baseline -0.003 -15"><span class='ocrx_word' id='word_1_126' title='bbox 119 1315 168 1362; x_wconf 92' lang='lat' dir='ltr'><strong>in</strong></span> <span class='ocrx_word' id='word_1_127' title='bbox 218 1328 389 1362; x_wconf 90' lang='lat' dir='ltr'><strong>eorum</strong></span> <span class='ocrx_word' id='word_1_128' title='bbox 438 1327 646 1361; x_wconf 87' lang='lat' dir='ltr'><strong>numero</strong></span> <span class='ocrx_word' id='word_1_129' title='bbox 696 1310 974 1376; x_wconf 86' lang='lat' dir='ltr'><strong>deputanda</strong></span> <span class='ocrx_word' id='word_1_130' title='bbox 1020 1310 1264 1377; x_wconf 87' lang='lat' dir='ltr'><strong>videatur,</strong></span> <span class='ocrx_word' id='word_1_131' title='bbox 1316 1313 1401 1376; x_wconf 92' lang='lat' dir='ltr'><strong>qui</strong></span> <span class='ocrx_word' id='word_1_132' title='bbox 1447 1313 1698 1377; x_wconf 87' lang='lat' dir='ltr'><strong>pertinent</strong></span> <span class='ocrx_word' id='word_1_133' title='bbox 1749 1310 1807 1360; x_wconf 91' lang='lat' dir='ltr'><strong>ad</strong></span> <span class='ocrx_word' id='word_1_134' title='bbox 1843 1318 1897 1357; x_wconf 85' lang='lat'><strong>15</strong></span> 
     </span>
     <span class='ocr_line' id='line_1_17' title="bbox 120 1384 1806 1450; baseline -0.001 -14"><span class='ocrx_word' id='word_1_135' title='bbox 120 1388 365 1436; x_wconf 85' lang='lat' dir='ltr'><strong>civitatem</strong></span> <span class='ocrx_word' id='word_1_136' title='bbox 415 1385 518 1434; x_wconf 90' lang='lat' dir='ltr'><strong>Dei.</strong></span> <span class='ocrx_word' id='word_1_137' title='bbox 596 1385 777 1434; x_wconf 89' lang='lat' dir='ltr'><strong>Inserit</strong></span> <span class='ocrx_word' id='word_1_138' title='bbox 824 1387 970 1434; x_wconf 92' lang='lat' dir='ltr'><strong>etiam</strong></span> <span class='ocrx_word' id='word_1_139' title='bbox 1010 1384 1294 1434; x_wconf 88' lang='lat' dir='ltr'><strong>Lactantius</strong></span> <span class='ocrx_word' id='word_1_140' title='bbox 1342 1388 1481 1450; x_wconf 90' lang='lat' dir='ltr'><strong>operi</strong></span> <span class='ocrx_word' id='word_1_141' title='bbox 1532 1401 1621 1435; x_wconf 88' lang='lat' dir='ltr'><strong>suo</strong></span> <span class='ocrx_word' id='word_1_142' title='bbox 1662 1400 1806 1450; x_wconf 89' lang='lat' dir='ltr'><strong>quae-</strong></span> 
     </span>
     <span class='ocr_line' id='line_1_18' title="bbox 118 1458 1810 1526; baseline -0.001 -16"><span class='ocrx_word' id='word_1_143' title='bbox 118 1461 228 1510; x_wconf 89' lang='lat' dir='ltr'><strong>dam</strong></span> <span class='ocrx_word' id='word_1_144' title='bbox 285 1461 344 1510; x_wconf 91' lang='lat' dir='ltr'><strong>de</strong></span> <span class='ocrx_word' id='word_1_145' title='bbox 386 1459 580 1509; x_wconf 87' lang='lat' dir='ltr'><strong>Christo</strong></span> <span class='ocrx_word' id='word_1_146' title='bbox 620 1460 848 1508; x_wconf 87' lang='lat' dir='ltr'><strong>vaticinia</strong></span> <span class='ocrx_word' id='word_1_147' title='bbox 889 1458 1122 1526; x_wconf 74' lang='lat' dir='ltr'><strong>Sibyllae,</strong></span> <span class='ocrx_word' id='word_1_148' title='bbox 1169 1461 1390 1523; x_wconf 89' lang='lat' dir='ltr'><strong>quamvis</strong></span> <span class='ocrx_word' id='word_1_149' title='bbox 1430 1475 1527 1508; x_wconf 91' lang='lat' dir='ltr'><strong>non</strong></span> <span class='ocrx_word' id='word_1_150' title='bbox 1568 1461 1810 1524; x_wconf 88' lang='lat' dir='ltr'><strong>exprimat</strong></span> 
     </span>
     <span class='ocr_line' id='line_1_19' title="bbox 118 1532 1807 1600; baseline -0.002 -16"><span class='ocrx_word' id='word_1_151' title='bbox 118 1536 275 1584; x_wconf 71' lang='lat' dir='ltr'><strong>cuius</strong></span> <span class='ocrx_word' id='word_1_152' title='bbox 355 1533 452 1583; x_wconf 90' lang='lat' dir='ltr'><strong>Sed</strong></span> <span class='ocrx_word' id='word_1_153' title='bbox 501 1549 625 1598; x_wconf 87' lang='lat' dir='ltr'><strong>quae</strong></span> <span class='ocrx_word' id='word_1_154' title='bbox 672 1535 778 1598; x_wconf 90' lang='lat' dir='ltr'><strong>ipse</strong></span> <span class='ocrx_word' id='word_1_155' title='bbox 829 1532 1109 1597; x_wconf 85' lang='lat' dir='ltr'><strong>singillatim</strong></span> <span class='ocrx_word' id='word_1_156' title='bbox 1158 1535 1346 1600; x_wconf 88' lang='lat' dir='ltr'><strong>posuit,</strong></span> <span class='ocrx_word' id='word_1_157' title='bbox 1398 1548 1488 1598; x_wconf 84' lang='lat' dir='ltr'><strong>ego</strong></span> <span class='ocrx_word' id='word_1_158' title='bbox 1540 1533 1807 1583; x_wconf 87' lang='lat' dir='ltr'><strong>arbitratus</strong></span> 
     </span>
     <span class='ocr_line' id='line_1_20' title="bbox 121 1606 1807 1672; baseline -0.002 -13"><span class='ocrx_word' id='word_1_159' title='bbox 121 1625 230 1659; x_wconf 86' lang='lat' dir='ltr'><strong>sum</strong></span> <span class='ocrx_word' id='word_1_160' title='bbox 264 1610 525 1657; x_wconf 89' lang='lat' dir='ltr'><strong>coniuncta</strong></span> <span class='ocrx_word' id='word_1_161' title='bbox 558 1623 669 1656; x_wconf 88' lang='lat' dir='ltr'><strong>esse</strong></span> <span class='ocrx_word' id='word_1_162' title='bbox 701 1606 942 1672; x_wconf 89' lang='lat' dir='ltr'><strong>ponenda,</strong></span> <span class='ocrx_word' id='word_1_163' title='bbox 984 1613 1232 1671; x_wconf 87' lang='lat' dir='ltr'><strong>tamquam</strong></span> <span class='ocrx_word' id='word_1_164' title='bbox 1263 1622 1418 1656; x_wconf 91' lang='lat' dir='ltr'><strong>unum</strong></span> <span class='ocrx_word' id='word_1_165' title='bbox 1452 1609 1516 1656; x_wconf 88' lang='lat' dir='ltr'><strong>sit</strong></span> <span class='ocrx_word' id='word_1_166' title='bbox 1546 1607 1807 1672; x_wconf 88' lang='lat' dir='ltr'><strong>prolixum,</strong></span> 
     </span>
     <span class='ocr_line' id='line_1_21' title="bbox 119 1679 1896 1748; baseline -0.003 -16"><span class='ocrx_word' id='word_1_167' title='bbox 119 1698 244 1748; x_wconf 89' lang='lat' dir='ltr'><strong>quae</strong></span> <span class='ocrx_word' id='word_1_168' title='bbox 283 1682 364 1731; x_wconf 92' lang='lat' dir='ltr'><strong>ille</strong></span> <span class='ocrx_word' id='word_1_169' title='bbox 413 1681 554 1746; x_wconf 92' lang='lat' dir='ltr'><strong>plura</strong></span> <span class='ocrx_word' id='word_1_170' title='bbox 602 1682 1003 1729; x_wconf 86' lang='lat' dir='ltr'><strong>commemoravit</strong></span> <span class='ocrx_word' id='word_1_171' title='bbox 1050 1687 1099 1729; x_wconf 91' lang='lat' dir='ltr'><strong>et</strong></span> <span class='ocrx_word' id='word_1_172' title='bbox 1136 1679 1317 1729; x_wconf 87' lang='lat' dir='ltr'><strong>brevia.</strong></span> <span class='ocrx_word' id='word_1_173' title='bbox 1393 1681 1479 1747; x_wconf 90' lang='lat' dir='ltr'><strong>„In</strong></span> <span class='ocrx_word' id='word_1_174' title='bbox 1519 1696 1694 1731; x_wconf 85' lang='lat' dir='ltr'><strong>manus</strong></span> <span class='ocrx_word' id='word_1_175' title='bbox 1735 1683 1806 1730; x_wconf 89' lang='lat' dir='ltr'><strong>in·</strong></span> <span class='ocrx_word' id='word_1_176' title='bbox 1841 1688 1896 1727; x_wconf 78' lang='lat'><strong>20</strong></span> 
     </span>
     <span class='ocr_line' id='line_1_22' title="bbox 117 1753 1806 1822; baseline -0.001 -17"><span class='ocrx_word' id='word_1_177' title='bbox 117 1759 274 1822; x_wconf 79' lang='lat' dir='ltr'><strong>iquaS,</strong></span> <span class='ocrx_word' id='word_1_178' title='bbox 313 1757 489 1820; x_wconf 87' lang='lat' dir='ltr'><strong>inquit,</strong></span> <span class='ocrx_word' id='word_1_179' title='bbox 527 1753 798 1803; x_wconf 89' lang='lat' dir='ltr'><strong>infidelium</strong></span> <span class='ocrx_word' id='word_1_180' title='bbox 837 1761 1010 1819; x_wconf 90' lang='lat' dir='ltr'><strong>postea</strong></span> <span class='ocrx_word' id='word_1_181' title='bbox 1049 1756 1236 1819; x_wconf 83' lang='lat' dir='ltr'><strong>veniet3</strong></span> <span class='ocrx_word' id='word_1_182' title='bbox 1277 1754 1464 1804; x_wconf 86' lang='lat' dir='ltr'><strong>dabunt</strong></span> <span class='ocrx_word' id='word_1_183' title='bbox 1502 1762 1666 1804; x_wconf 89' lang='lat' dir='ltr'><strong>autem</strong></span> <span class='ocrx_word' id='word_1_184' title='bbox 1706 1754 1806 1803; x_wconf 90' lang='lat' dir='ltr'><strong>Deo</strong></span> 
     </span>
     <span class='ocr_line' id='line_1_23' title="bbox 121 1827 1806 1895; baseline -0.001 -16"><span class='ocrx_word' id='word_1_185' title='bbox 121 1830 282 1895; x_wconf 89' lang='lat' dir='ltr'><strong>alapas</strong></span> <span class='ocrx_word' id='word_1_186' title='bbox 321 1827 548 1878; x_wconf 86' lang='lat' dir='ltr'><strong>manibus</strong></span> <span class='ocrx_word' id='word_1_187' title='bbox 587 1829 791 1877; x_wconf 89' lang='lat' dir='ltr'><strong>incestis</strong></span> <span class='ocrx_word' id='word_1_188' title='bbox 832 1834 881 1876; x_wconf 93' lang='lat' dir='ltr'><strong>et</strong></span> <span class='ocrx_word' id='word_1_189' title='bbox 920 1829 1149 1892; x_wconf 86' lang='lat' dir='ltr'><strong>inpurato</strong></span> <span class='ocrx_word' id='word_1_190' title='bbox 1190 1843 1276 1876; x_wconf 91' lang='lat' dir='ltr'><strong>ore</strong></span> <span class='ocrx_word' id='word_1_191' title='bbox 1318 1835 1561 1892; x_wconf 70' lang='lat' dir='ltr'><strong>exspuent</strong></span> <span class='ocrx_word' id='word_1_192' title='bbox 1599 1844 1806 1877; x_wconf 87' lang='lat' dir='ltr'><strong>venena·</strong></span> 
     </span>
     <span class='ocr_line' id='line_1_24' title="bbox 118 1900 1808 1967; baseline -0.001 -15"><span class='ocrx_word' id='word_1_193' title='bbox 118 1911 196 1953; x_wconf 91' lang='lat' dir='ltr'><strong>tos</strong></span> <span class='ocrx_word' id='word_1_194' title='bbox 251 1901 449 1967; x_wconf 81' lang='lat' dir='ltr'><strong>sput&#39;us3</strong></span> <span class='ocrx_word' id='word_1_195' title='bbox 505 1900 639 1950; x_wconf 89' lang='lat' dir='ltr'><strong>dabit</strong></span> <span class='ocrx_word' id='word_1_196' title='bbox 694 1917 809 1950; x_wconf 84' lang='lat' dir='ltr'><strong>vero</strong></span> <span class='ocrx_word' id='word_1_197' title='bbox 865 1901 924 1950; x_wconf 86' lang='lat' dir='ltr'><strong>ad</strong></span> <span class='ocrx_word' id='word_1_198' title='bbox 978 1900 1187 1950; x_wconf 81' lang='lat' dir='ltr'><strong>verbera</strong></span> <span class='ocrx_word' id='word_1_199' title='bbox 1241 1901 1532 1967; x_wconf 89' lang='lat' dir='ltr'><strong>simpliciter</strong></span> <span class='ocrx_word' id='word_1_200' title='bbox 1583 1908 1808 1952; x_wconf 87' lang='lat' dir='ltr'><strong>sanctum</strong></span> 
     </span>
     <span class='ocr_line' id='line_1_25' title="bbox 122 1974 1808 2042; baseline -0.001 -17"><span class='ocrx_word' id='word_1_201' title='bbox 122 1976 338 2026; x_wconf 89' lang='lat' dir='ltr'><strong>dorsum.</strong></span> <span class='ocrx_word' id='word_1_202' title='bbox 416 1975 479 2024; x_wconf 91' lang='lat' dir='ltr'><strong>Et</strong></span> <span class='ocrx_word' id='word_1_203' title='bbox 518 1975 749 2040; x_wconf 91' lang='lat' dir='ltr'><strong>colaphos</strong></span> <span class='ocrx_word' id='word_1_204' title='bbox 789 1977 1036 2040; x_wconf 88' lang='lat' dir='ltr'><strong>accipiens</strong></span> <span class='ocrx_word' id='word_1_205' title='bbox 1075 1974 1270 2042; x_wconf 86' lang='lat' dir='ltr'><strong>tacebit,</strong></span> <span class='ocrx_word' id='word_1_206' title='bbox 1310 1991 1372 2024; x_wconf 90' lang='lat' dir='ltr'><strong>ne</strong></span> <span class='ocrx_word' id='word_1_207' title='bbox 1413 1977 1523 2039; x_wconf 91' lang='lat' dir='ltr'><strong>quis</strong></span> <span class='ocrx_word' id='word_1_208' title='bbox 1563 1982 1808 2042; x_wconf 83' lang='lat' dir='ltr'><strong>agnoscat,</strong></span> 
     </span>
     <span class='ocr_line' id='line_1_26' title="bbox 121 2049 1897 2115; baseline -0.002 -16"><span class='ocrx_word' id='word_1_209' title='bbox 121 2050 252 2115; x_wconf 91' lang='lat' dir='ltr'><strong>quod</strong></span> <span class='ocrx_word' id='word_1_210' title='bbox 300 2049 507 2099; x_wconf 89' lang='lat' dir='ltr'><strong>verbum</strong></span> <span class='ocrx_word' id='word_1_211' title='bbox 553 2049 629 2098; x_wconf 90' lang='lat' dir='ltr'><strong>vel</strong></span> <span class='ocrx_word' id='word_1_212' title='bbox 676 2049 806 2098; x_wconf 92' lang='lat' dir='ltr'><strong>unde</strong></span> <span class='ocrx_word' id='word_1_213' title='bbox 856 2050 1007 2114; x_wconf 87' lang='lat' dir='ltr'><strong>venit,</strong></span> <span class='ocrx_word' id='word_1_214' title='bbox 1054 2055 1110 2098; x_wconf 91' lang='lat' dir='ltr'><strong>ut</strong></span> <span class='ocrx_word' id='word_1_215' title='bbox 1156 2050 1330 2098; x_wconf 84' lang='lat' dir='ltr'><strong>inferis</strong></span> <span class='ocrx_word' id='word_1_216' title='bbox 1369 2049 1599 2114; x_wconf 89' lang='lat' dir='ltr'><strong>loquatur</strong></span> <span class='ocrx_word' id='word_1_217' title='bbox 1639 2057 1688 2099; x_wconf 91' lang='lat' dir='ltr'><strong>et</strong></span> <span class='ocrx_word' id='word_1_218' title='bbox 1728 2065 1806 2098; x_wconf 92' lang='lat' dir='ltr'><strong>co·</strong></span> <span class='ocrx_word' id='word_1_219' title='bbox 1842 2055 1897 2095; x_wconf 78' lang='lat'><strong>25</strong></span> 
     </span>
     <span class='ocr_line' id='line_1_27' title="bbox 119 2122 1808 2190; baseline -0.001 -17"><span class='ocrx_word' id='word_1_220' title='bbox 119 2139 240 2173; x_wconf 89' lang='lat' dir='ltr'><strong>rona</strong></span> <span class='ocrx_word' id='word_1_221' title='bbox 280 2125 450 2190; x_wconf 87' lang='lat' dir='ltr'><strong>spinea</strong></span> <span class='ocrx_word' id='word_1_222' title='bbox 489 2130 770 2172; x_wconf 87' lang='lat' dir='ltr'><strong>coronetur.</strong></span> <span class='ocrx_word' id='word_1_223' title='bbox 846 2122 918 2172; x_wconf 87' lang='lat' dir='ltr'><strong>Ad</strong></span> <span class='ocrx_word' id='word_1_224' title='bbox 966 2122 1130 2172; x_wconf 87' lang='lat' dir='ltr'><strong>cibum</strong></span> <span class='ocrx_word' id='word_1_225' title='bbox 1180 2129 1344 2172; x_wconf 85' lang='lat' dir='ltr'><strong>autem</strong></span> <span class='ocrx_word' id='word_1_226' title='bbox 1385 2123 1448 2172; x_wconf 91' lang='lat' dir='ltr'><strong>sel</strong></span> <span class='ocrx_word' id='word_1_227' title='bbox 1489 2130 1538 2172; x_wconf 92' lang='lat' dir='ltr'><strong>et</strong></span> <span class='ocrx_word' id='word_1_228' title='bbox 1577 2123 1635 2172; x_wconf 88' lang='lat' dir='ltr'><strong>ad</strong></span> <span class='ocrx_word' id='word_1_229' title='bbox 1676 2125 1808 2172; x_wconf 88' lang='lat' dir='ltr'><strong>sitim</strong></span> 
     </span>
     <span class='ocr_line' id='line_1_28' title="bbox 121 2195 1807 2264; baseline 0 -18"><span class='ocrx_word' id='word_1_230' title='bbox 121 2204 313 2247; x_wconf 83' lang='lat' dir='ltr'><strong>acetum</strong></span> <span class='ocrx_word' id='word_1_231' title='bbox 361 2195 626 2263; x_wconf 82' lang='lat' dir='ltr'><strong>dederunt3</strong></span> <span class='ocrx_word' id='word_1_232' title='bbox 674 2195 1071 2264; x_wconf 79' lang='lat' dir='ltr'><strong>inhospitalitatis</strong></span> <span class='ocrx_word' id='word_1_233' title='bbox 1122 2196 1249 2245; x_wconf 91' lang='lat' dir='ltr'><strong>hanc</strong></span> <span class='ocrx_word' id='word_1_234' title='bbox 1288 2197 1635 2246; x_wconf 88' lang='lat' dir='ltr'><strong>monstrabunt</strong></span> <span class='ocrx_word' id='word_1_235' title='bbox 1672 2213 1807 2246; x_wconf 90' lang='lat' dir='ltr'><strong>men-</strong></span> 
     </span>
     <span class='ocr_line' id='line_1_29' title="bbox 113 2269 1810 2336; baseline -0.001 -16"><span class='ocrx_word' id='word_1_236' title='bbox 113 2286 237 2320; x_wconf 86' lang='lat' dir='ltr'><strong>·sam.</strong></span> <span class='ocrx_word' id='word_1_237' title='bbox 316 2271 426 2336; x_wconf 86' lang='lat' dir='ltr'><strong>Ipsa</strong></span> <span class='ocrx_word' id='word_1_238' title='bbox 476 2273 608 2319; x_wconf 90' lang='lat' dir='ltr'><strong>enim</strong></span> <span class='ocrx_word' id='word_1_239' title='bbox 661 2272 900 2336; x_wconf 87' lang='lat' dir='ltr'><strong>insipiens</strong></span> <span class='ocrx_word' id='word_1_240' title='bbox 951 2277 1090 2319; x_wconf 89' lang='lat' dir='ltr'><strong>tuum</strong></span> <span class='ocrx_word' id='word_1_241' title='bbox 1149 2269 1305 2320; x_wconf 91' lang='lat' dir='ltr'><strong>Deum</strong></span> <span class='ocrx_word' id='word_1_242' title='bbox 1356 2286 1454 2319; x_wconf 90' lang='lat' dir='ltr'><strong>non</strong></span> <span class='ocrx_word' id='word_1_243' title='bbox 1508 2270 1810 2336; x_wconf 88' lang='lat' dir='ltr'><strong>intellexisti,</strong></span> 
     </span>
     <span class='ocr_line' id='line_1_30' title="bbox 120 2343 1810 2410; baseline 0 -17"><span class='ocrx_word' id='word_1_244' title='bbox 120 2344 371 2395; x_wconf 85' lang='lat' dir='ltr'><strong>ludentem</strong></span> <span class='ocrx_word' id='word_1_245' title='bbox 419 2344 699 2393; x_wconf 89' lang='lat' dir='ltr'><strong>mortalium</strong></span> <span class='ocrx_word' id='word_1_246' title='bbox 749 2343 1019 2410; x_wconf 85' lang='lat' dir='ltr'><strong>mentihuS,</strong></span> <span class='ocrx_word' id='word_1_247' title='bbox 1066 2343 1151 2393; x_wconf 89' lang='lat' dir='ltr'><strong>sed</strong></span> <span class='ocrx_word' id='word_1_248' title='bbox 1193 2350 1243 2393; x_wconf 88' lang='lat' dir='ltr'><strong>et</strong></span> <span class='ocrx_word' id='word_1_249' title='bbox 1281 2346 1435 2408; x_wconf 88' lang='lat' dir='ltr'><strong>spinis</strong></span> <span class='ocrx_word' id='word_1_250' title='bbox 1474 2346 1721 2394; x_wconf 88' lang='lat' dir='ltr'><strong>coronasti</strong></span> <span class='ocrx_word' id='word_1_251' title='bbox 1760 2350 1810 2393; x_wconf 90' lang='lat' dir='ltr'><strong>et</strong></span> 
     </span>
     <span class='ocr_line' id='line_1_31' title="bbox 123 2416 1896 2484; baseline -0.001 -18"><span class='ocrx_word' id='word_1_252' title='bbox 123 2417 378 2468; x_wconf 88' lang='lat' dir='ltr'><strong>horridum</strong></span> <span class='ocrx_word' id='word_1_253' title='bbox 419 2418 483 2467; x_wconf 84' lang='lat' dir='ltr'><strong>fel</strong></span> <span class='ocrx_word' id='word_1_254' title='bbox 522 2419 778 2467; x_wconf 90' lang='lat' dir='ltr'><strong>miscuisti.</strong></span> <span class='ocrx_word' id='word_1_255' title='bbox 855 2416 1046 2482; x_wconf 91' lang='lat' dir='ltr'><strong>Templi</strong></span> <span class='ocrx_word' id='word_1_256' title='bbox 1085 2433 1202 2466; x_wconf 79' lang='lat' dir='ltr'><strong>vero</strong></span> <span class='ocrx_word' id='word_1_257' title='bbox 1241 2418 1403 2467; x_wconf 86' lang='lat' dir='ltr'><strong>velum</strong></span> <span class='ocrx_word' id='word_1_258' title='bbox 1443 2418 1718 2484; x_wconf 84' lang='lat' dir='ltr'><strong>scindetur3</strong></span> <span class='ocrx_word' id='word_1_259' title='bbox 1758 2423 1808 2466; x_wconf 89' lang='lat' dir='ltr'><strong>et</strong></span> <span class='ocrx_word' id='word_1_260' title='bbox 1839 2425 1896 2464; x_wconf 92' lang='lat'><strong>30</strong></span> 
     </span>
     <span class='ocr_line' id='line_1_32' title="bbox 125 2490 1807 2541; baseline -0.001 0"><span class='ocrx_word' id='word_1_261' title='bbox 125 2491 284 2541; x_wconf 88' lang='lat' dir='ltr'><strong>medio</strong></span> <span class='ocrx_word' id='word_1_262' title='bbox 332 2492 410 2541; x_wconf 92' lang='lat' dir='ltr'><strong>die</strong></span> <span class='ocrx_word' id='word_1_263' title='bbox 459 2507 555 2540; x_wconf 84' lang='lat' dir='ltr'><strong>nox</strong></span> <span class='ocrx_word' id='word_1_264' title='bbox 606 2493 701 2540; x_wconf 90' lang='lat' dir='ltr'><strong>erit</strong></span> <span class='ocrx_word' id='word_1_265' title='bbox 739 2490 1003 2540; x_wconf 87' lang='lat' dir='ltr'><strong>tenebrosa</strong></span> <span class='ocrx_word' id='word_1_266' title='bbox 1042 2493 1188 2539; x_wconf 88' lang='lat' dir='ltr'><strong>nimis</strong></span> <span class='ocrx_word' id='word_1_267' title='bbox 1228 2493 1278 2540; x_wconf 89' lang='lat' dir='ltr'><strong>in</strong></span> <span class='ocrx_word' id='word_1_268' title='bbox 1319 2491 1478 2541; x_wconf 88' lang='lat' dir='ltr'><strong>tribus</strong></span> <span class='ocrx_word' id='word_1_269' title='bbox 1518 2491 1667 2540; x_wconf 80' lang='lat' dir='ltr'><strong>horis,</strong></span> <span class='ocrx_word' id='word_1_270' title='bbox 1743 2490 1807 2539; x_wconf 90' lang='lat' dir='ltr'><strong>Et</strong></span> 
     </span>
     <span class='ocr_line' id='line_1_33' title="bbox 120 2564 1807 2630; baseline -0.001 -17"><span class='ocrx_word' id='word_1_271' title='bbox 120 2571 279 2615; x_wconf 89' lang='lat' dir='ltr'><strong>morte</strong></span> <span class='ocrx_word' id='word_1_272' title='bbox 330 2567 570 2615; x_wconf 89' lang='lat' dir='ltr'><strong>morietur</strong></span> <span class='ocrx_word' id='word_1_273' title='bbox 619 2564 780 2614; x_wconf 89' lang='lat' dir='ltr'><strong>trihus</strong></span> <span class='ocrx_word' id='word_1_274' title='bbox 832 2565 1006 2614; x_wconf 89' lang='lat' dir='ltr'><strong>diebus</strong></span> <span class='ocrx_word' id='word_1_275' title='bbox 1058 2580 1229 2613; x_wconf 88' lang='lat' dir='ltr'><strong>somno</strong></span> <span class='ocrx_word' id='word_1_276' title='bbox 1281 2571 1533 2630; x_wconf 80' lang='lat' dir='ltr'><strong>suscept03</strong></span> <span class='ocrx_word' id='word_1_277' title='bbox 1590 2571 1638 2614; x_wconf 93' lang='lat' dir='ltr'><strong>et</strong></span> <span class='ocrx_word' id='word_1_278' title='bbox 1687 2571 1807 2613; x_wconf 88' lang='lat' dir='ltr'><strong>tunc</strong></span> 
     </span>
     <span class='ocr_line' id='line_1_34' title="bbox 121 2637 1804 2703; baseline 0 -17"><span class='ocrx_word' id='word_1_279' title='bbox 121 2637 179 2686; x_wconf 88' lang='lat' dir='ltr'><strong>ab</strong></span> <span class='ocrx_word' id='word_1_280' title='bbox 218 2640 392 2688; x_wconf 83' lang='lat' dir='ltr'><strong>inferis</strong></span> <span class='ocrx_word' id='word_1_281' title='bbox 438 2654 697 2703; x_wconf 87' lang='lat' dir='ltr'><strong>regressus</strong></span> <span class='ocrx_word' id='word_1_282' title='bbox 744 2638 802 2687; x_wconf 90' lang='lat' dir='ltr'><strong>ad</strong></span> <span class='ocrx_word' id='word_1_283' title='bbox 849 2638 1011 2688; x_wconf 90' lang='lat' dir='ltr'><strong>lucem</strong></span> <span class='ocrx_word' id='word_1_284' title='bbox 1050 2640 1214 2687; x_wconf 89' lang='lat' dir='ltr'><strong>veniet</strong></span> <span class='ocrx_word' id='word_1_285' title='bbox 1251 2640 1442 2703; x_wconf 90' lang='lat' dir='ltr'><strong>primus</strong></span> <span class='ocrx_word' id='word_1_286' title='bbox 1483 2639 1804 2688; x_wconf 86' lang='lat' dir='ltr'><strong>resurrectio·</strong></span> 
     </span>
    </p>
   </div>
   <div class='ocr_carea' id='block_1_3' title="bbox 242 2765 754 2822">
    <p class='ocr_par' dir='ltr' id='par_1_4' title="bbox 242 2765 754 2822">
     <span class='ocr_line' id='line_1_35' title="bbox 242 2765 754 2822; baseline 0.002 -13"><span class='ocrx_word' id='word_1_287' title='bbox 242 2767 311 2822; x_wconf 88' lang='grc'><strong>16)</strong></span> <span class='ocrx_word' id='word_1_288' title='bbox 343 2765 492 2811; x_wconf 73' lang='lat' dir='ltr'><strong>Instit.</strong></span> <span class='ocrx_word' id='word_1_289' title='bbox 525 2771 566 2822; x_wconf 83' lang='lat'><strong>4,</strong></span> <span class='ocrx_word' id='word_1_290' title='bbox 600 2770 654 2809; x_wconf 89' lang='lat'><strong>18</strong></span> <span class='ocrx_word' id='word_1_291' title='bbox 689 2781 754 2822; x_wconf 87' lang='lat' dir='ltr'><strong>sq.</strong></span> 
     </span>
    </p>
   </div>
   <div class='ocr_carea' id='block_1_4' title="bbox 116 2855 387 2864">
    <p class='ocr_par' dir='ltr' id='par_1_5' title="bbox 116 2855 387 2864">
     <span class='ocr_line' id='line_1_36' title="bbox 116 2855 387 2864; baseline 0 276"><span class='ocrx_word' id='word_1_292' title='bbox 116 2855 387 2864; x_wconf 95' lang='lat' dir='ltr'><strong> </strong></span> 
     </span>
    </p>
   </div>
   <div class='ocr_carea' id='block_1_5' title="bbox 238 2898 800 2954">
    <p class='ocr_par' dir='ltr' id='par_1_6' title="bbox 238 2898 800 2954">
     <span class='ocr_line' id='line_1_37' title="bbox 238 2898 800 2954; baseline 0.002 -13"><span class='ocrx_word' id='word_1_293' title='bbox 238 2903 295 2942; x_wconf 79' lang='lat'><strong>20</strong></span> <span class='ocrx_word' id='word_1_294' title='bbox 325 2898 508 2954; x_wconf 80' lang='lat' dir='ltr'><strong>iniquas</strong></span> <span class='ocrx_word' id='word_1_295' title='bbox 540 2910 622 2943; x_wconf 85' lang='lat' dir='ltr'><strong>om.</strong></span> <span class='ocrx_word' id='word_1_296' title='bbox 655 2899 800 2942; x_wconf 80' lang='lat' dir='ltr'><strong>RAF</strong></span> 
     </span>
    </p>
   </div>
  </div>
 </body>
</html>
