2004 3140
211 171 318 224 600
890 180 923 213 s.
947 179 1222 214 Auens'rmi

210 294 295 344 ubi
335 293 577 360 membra,
633 299 689 342 ut
726 292 1156 360 praeciderentur,
1201 307 1438 358 percussa
1476 292 1552 342 vel
1593 299 1725 342 secta
1765 301 1894 360 sunt,

209 368 277 418 ibi
317 370 601 433 cicatriceS,
657 367 742 416 sed
789 374 953 417 tamen
1003 367 1186 416 eisdem
1236 366 1468 416 membris
1508 366 1740 433 redditis,
1794 381 1894 416 non

209 441 431 508 perditiS,
472 440 791 506 apparebunt.
871 440 1101 499 Quamvis
1134 442 1299 504 itaque
1340 443 1502 490 omnia
1541 455 1664 505 quae
1707 440 1892 490 accide-

211 523 328 564 runt
360 517 555 580 corpori
592 516 706 564 vitia
745 522 865 564 tunc
905 529 1005 563 non
1045 519 1206 580 erunt,
1246 529 1345 563 non
1386 522 1501 565 sunt
1539 521 1703 564 tamen
1743 514 1893 579 depu-

154 601 177 640 5
212 589 355 638 tanda
395 588 470 638 vel
510 588 795 654 appellanda
835 590 950 637 vitia
988 589 1186 638 virtutis
1225 587 1417 638 indicia.

886 789 1081 844 CAPUT
1115 790 1229 846 XX.

218 899 364 957 Quod
394 883 444 947 iu
477 900 856 948 resurrectione
895 904 1209 948 mortuorum
1248 903 1439 948 natura
1480 912 1750 961 corporum
1789 902 1896 960 qui-

263 973 474 1022 buslibet
511 973 669 1020 modz's
710 973 1067 1034 dissipatorum
1107 975 1159 1021 in
1200 975 1450 1034 integrum
1489 974 1840 1034 undecumque

854 1048 1145 1095 revocanda
1183 1049 1261 1097 sit.

124 1160 178 1198 10
360 1147 499 1197 Absit
531 1155 709 1214 autem,
743 1155 798 1197 ut
831 1148 890 1197 ad
921 1149 1261 1198 resuscitanda
1295 1164 1503 1214 corpora
1534 1151 1758 1214 vitaeque
1790 1149 1900 1199 red-

213 1221 369 1270 denda
417 1237 515 1270 non
560 1224 717 1287 possit
764 1224 1119 1287 omnipotentia
1159 1221 1406 1272 Creatoris
1447 1225 1610 1272 omnia
1649 1238 1899 1290 revocare,

212 1310 335 1360 quae
370 1295 444 1344 vel
475 1295 660 1345 bestiae
694 1295 771 1345 vel
801 1298 928 1361 ignis
961 1295 1249 1362 absumpsit,
1291 1296 1366 1345 vel
1397 1299 1447 1345 in
1479 1296 1734 1362 pulverem
1768 1298 1898 1346 cine-

211 1384 376 1418 remve
426 1369 711 1434 conlapsum
773 1369 848 1418 vel
895 1372 946 1418 in
994 1384 1219 1419 umorem
1275 1369 1490 1420 solutum
1541 1370 1617 1419 vel
1663 1372 1714 1419 in
1755 1386 1900 1420 auras

212 1450 288 1491 est
319 1442 611 1492 exhalatum.
688 1442 827 1492 Absit
866 1449 921 1491 ut
961 1444 1098 1492 sinus
1138 1443 1267 1492 ullus
1308 1450 1654 1508 secretumque
1695 1450 1899 1493 naturae

127 1526 179 1566 15
212 1518 279 1565 ita
310 1517 517 1580 recipiat
549 1515 731 1580 aliquid
757 1515 1066 1566 subtractum
1099 1516 1327 1566 sensibus
1360 1514 1559 1583 nostriS,
1591 1524 1648 1567 ut
1679 1519 1899 1567 omnium

213 1588 460 1638 Creatoris
510 1596 594 1639 aut
643 1591 973 1654 cognitionem
1024 1589 1170 1639 lateat
1217 1597 1301 1640 aut
1352 1591 1552 1656 effugiat
1589 1597 1899 1656 potestatem.

211 1662 368 1711 Deum
407 1670 544 1712 certe
585 1663 775 1729 volenS,
824 1665 952 1712 sicut
989 1669 1207 1730 poterat,
1247 1664 1452 1714 definire
1494 1663 1666 1714 Cicero
1679 1705 1694 1731 ,
1733 1672 1899 1714 tantus

212 1744 383 1785 auctor
434 1739 680 1801 ipsorum:
742 1737 918 1804 „Mens
970 1737 1208 1802 quaedam
1260 1745 1360 1804 est,
1398 1740 1585 1805 inquit,
1641 1738 1799 1787 soluta
1851 1745 1900 1787 et

211 1809 387 1877 libera,
434 1817 625 1860 secreta
672 1810 731 1860 ab
779 1813 913 1859 omni
961 1813 1277 1861 concretione
1326 1811 1542 1878 mortali,
1588 1814 1750 1861 omnia
1790 1827 1899 1861 sen-

122 1894 179 1933 20
214 1885 342 1933 tiens
376 1891 425 1933 et
457 1899 658 1933 movens
690 1887 894 1949 ipsaque
933 1885 1155 1950 praedita
1195 1892 1331 1935 motu
1373 1880 1721 1950 sempiterno,“
1795 1884 1900 1934 Hoc

214 1963 377 2006 autem
409 1960 630 2022 repperit
662 1959 712 2006 in
746 1958 984 2007 doctrinis
1017 1973 1308 2023 magnorum
1338 1958 1759 2024 philosophorum.
1836 1957 1900 2007 Ut

211 2032 362 2094 igitur
403 2030 676 2081 secundum
716 2033 850 2098 ipsos
889 2031 1084 2097 loquar,
1124 2047 1222 2096 quo
1262 2032 1407 2081 modo
1447 2032 1629 2097 aliquid
1669 2032 1744 2080 vel
1782 2031 1902 2081 latet

212 2106 375 2152 omnia
438 2106 734 2154 sentientem
796 2105 871 2154 vel
932 2105 1328 2155 inrevocabiliter
1389 2106 1515 2170 fugit
1575 2107 1737 2157 omnia
1798 2121 1899 2154 mo·

209 2174 441 2226 ventem?

124 2259 178 2299 25
362 2249 501 2298 Unde
542 2252 638 2298 iam
679 2252 822 2300 etiam
866 2253 1087 2315 quaestio
1126 2251 1207 2300 illa
1247 2251 1477 2300 solvenda
1515 2259 1606 2318 est,
1646 2266 1769 2316 quae
1810 2251 1898 2300 dif-

212 2322 388 2371 ficilior
434 2322 629 2372 videtur
676 2325 856 2372 ceteris
869 2363 883 2390 ,
937 2323 1023 2373 ubi
1075 2327 1355 2391 quaeritur,
1411 2340 1523 2374 cum
1563 2340 1676 2374 caro
1717 2327 1900 2374 mortui

211 2395 423 2445 hominis
463 2398 610 2445 etiam
649 2396 853 2446 alterius
894 2398 948 2446 fit
986 2399 1193 2447 viventis
1235 2413 1363 2465 car0,
1403 2400 1483 2447 cui
1521 2400 1686 2463 potius
1727 2413 1898 2447 eorum

210 2471 261 2517 in
312 2472 682 2519 resurrectione
733 2470 982 2520 reddatur.
1063 2471 1115 2520 Si
1167 2473 1296 2520 enim
1349 2473 1591 2536 quispiam
1643 2472 1898 2521 confectus

212 2543 338 2591 same
365 2550 511 2607 atque
538 2544 824 2609 compulsus
856 2551 1084 2594 vescatur
1118 2544 1434 2595 cadaveribus
1466 2545 1735 2611 hominum,
1768 2544 1899 2609 quod

123 2626 181 2665 30
216 2615 395 2664 malum
444 2616 738 2680 aliquotiens
789 2618 1024 2667 accidisse
1074 2626 1123 2667 et
1168 2626 1309 2668 vetus
1357 2625 1568 2668 testatur
1606 2618 1811 2667 historia
1850 2623 1900 2667 et

327 2743 401 2796 20)
434 2741 567 2786 Tusc.
602 2748 640 2799 1,
674 2749 742 2789 27.

327 2907 380 2946 16
413 2903 492 2947 lat.
529 2918 659 2961 cogn.
692 2919 716 2948 v
741 2907 758 2961 Η
787 2908 841 2948 18
872 2904 1027 2959 inquit
1057 2907 1127 2949 est
1158 2919 1184 2948 v
