2054 3152
209 158 285 213 40
891 167 924 201 S.
949 167 1223 203 Auens'nm

212 283 380 348 ditque
421 284 667 332 confusos,
743 280 869 329 Hinc
909 287 984 330 est
1023 281 1174 346 quod,
1217 287 1386 346 postea
1429 296 1573 345 quam
1612 282 1895 332 mandatum

211 356 299 405 Dei
339 364 506 421 aperta
546 355 937 419 transgressione
976 354 1243 421 violarunt,
1284 356 1523 419 scriptum
1562 362 1637 404 est
1676 355 1736 404 de
1774 355 1897 406 illis:

211 431 277 479 Et
314 433 483 492 aperte·
525 434 643 478 sunt
687 430 824 478 oculi
867 429 1127 478 amborum
1167 436 1213 478 et
1253 435 1571 489 aqnoverunt
1607 431 1727 490 quia
1766 432 1897 479 nudi

211 510 373 563 erant,
413 509 462 552 et
492 507 802 552 consuerunt
826 501 954 563 folia
981 505 1075 562 fici
1104 509 1152 551 et
1176 501 1415 563 fecerunt
1445 503 1544 551 sibi
1573 506 1894 564 campestria.

152 586 178 625 5
211 578 394 638 Aperte·
429 582 566 636 sunt,
621 577 803 641 inquit,
859 578 995 625 oculi
1038 577 1323 635 amborum,
1378 590 1477 623 non
1518 575 1575 624 ad
1616 576 1897 642 videndum,

212 665 323 698 nam
363 655 413 698 et
444 656 585 698 antea
617 648 861 713 videbant,
899 649 985 698 sed
1025 649 1083 697 ad
1123 648 1505 697 discernendum
1542 650 1672 699 inter
1710 649 1894 698 bonum

213 722 343 787 quod
377 724 641 772 amiserant
673 730 723 771 et
755 722 933 771 malum
967 738 1063 786 quo
1097 722 1390 771 ceciderant.
1466 721 1605 771 Unde
1646 730 1695 772 et
1733 725 1894 788 ipsum

211 796 413 862 lignum,
452 811 510 845 eo
544 796 673 860 quod
699 797 842 845 istam
874 797 1058 844 faceret
1090 795 1492 862 dignoscentiam,
1533 797 1574 844 si
1605 796 1663 845 ad
1695 812 1894 846 vescen-

214 869 331 919 dum
372 876 543 918 contra
583 871 787 918 vetitum
826 876 1132 935 tangeretur,
1182 884 1242 917 ex
1281 884 1337 917 63
1376 884 1430 918 re
1471 884 1650 918 nomen
1690 872 1896 936 accepit,

127 953 180 992 10
214 950 269 992 ut
301 942 629 1008 appellaretur
660 943 847 1006 lignum
881 942 1068 991 sciendi
1098 941 1215 991 boni
1248 949 1296 991 et
1335 942 1462 991 mali.
1508 942 1724 1007 Experta
1765 945 1895 992 enim

213 1016 372 1064 morbi
426 1016 648 1065 molestia
700 1016 972 1064 evidentior
1022 1016 1076 1064 fit
1131 1017 1277 1065 etiam
1328 1016 1608 1065 iucunditas
1661 1018 1896 1066 sanitatis,

220 1091 570 1151 Coqnoverunt
600 1105 717 1154 ergo
749 1092 871 1151 quia
904 1091 1031 1139 nudi
1061 1095 1222 1150 erant,
1262 1090 1433 1139 nudati
1465 1089 1654 1139 scilicet
1693 1105 1747 1139 ea
1787 1105 1894 1154 gra·

212 1164 294 1229 tia,
334 1178 430 1226 (1113
468 1161 615 1213 fiebat
662 1169 717 1212 ut
764 1162 960 1212 nuditas
1001 1165 1224 1228 corporis
1263 1163 1396 1212 nulla
1435 1179 1520 1212 eos
1559 1163 1665 1227 lege
1704 1165 1897 1228 peccati

211 1238 366 1285 menti
406 1251 578 1285 eorum
610 1242 916 1301 repugnante
951 1236 1291 1286 confunderet.
1367 1236 1472 1285 Hoc
1511 1239 1676 1301 itaque
1717 1252 1895 1301 cogno-

124 1320 177 1360 15
211 1317 404 1370 verunt,
445 1311 576 1374 quod
609 1309 801 1358 felicius
833 1312 1133 1375 ignorarent,
1173 1311 1213 1358 si
1246 1309 1346 1358 Deo
1379 1310 1638 1359 credentes
1670 1317 1719 1360 et
1749 1309 1896 1359 oboe—

211 1383 402 1432 dientes
443 1398 542 1432 non
575 1385 957 1443 committerent,
999 1383 1130 1447 quod
1171 1399 1254 1432 eos
1295 1390 1492 1449 cogeret
1535 1385 1750 1448 experiri
1788 1385 1895 1432 infi-

211 1455 384 1504 delitas
439 1463 489 1506 et
543 1456 907 1506 inoboedientia
964 1456 1081 1521 qnid
1136 1464 1352 1506 noceret.
1430 1457 1647 1506 Proinde
1703 1458 1897 1506 confusi

209 1528 575 1579 inoboedientia
623 1532 785 1579 carnis
834 1545 972 1596 suae,
1020 1537 1266 1594 tamquam
1313 1537 1439 1579 teste
1486 1546 1644 1595 poena
1693 1530 1894 1579 inoboe-

214 1602 398 1652 dientia
445 1605 606 1652 carnis
657 1619 798 1669 suae,
853 1611 1101 1667 tamquam
1142 1611 1267 1652 teste
1307 1620 1463 1668 poena
1503 1603 1896 1653 inoboedientiae

120 1687 176 1726 20
210 1691 356 1743 snae,
411 1684 723 1727 consuerunt
770 1676 898 1739 folia
940 1680 1035 1736 fici
1082 1684 1130 1727 et
1162 1676 1403 1738 fecerunt
1439 1679 1539 1727 sibi
1576 1681 1898 1744 campestria,

209 1749 257 1798 id
310 1757 385 1799 est
433 1752 761 1800 succinctoria
809 1750 1108 1815 genitalium.
1185 1750 1307 1799 Nam
1354 1751 1552 1815 quidam
1597 1753 1897 1815 interpretes

209 1819 603 1888 „succinctoria“
631 1830 920 1889 posuerunt.
983 1823 1139 1872 Porro
1174 1831 1336 1874 autem
1374 1820 1730 1891 „campestria“
1767 1823 1895 1873 Lati-

212 1912 331 1946 num
364 1898 563 1962 quidem
593 1898 800 1948 verbum
833 1904 922 1963 est,
963 1897 1049 1946 sed
1083 1913 1141 1946 ex
1174 1913 1232 1947 eo
1266 1898 1467 1964 dictum,
1509 1898 1639 1962 qnod
1678 1899 1898 1963 iuveneS,

216 1972 301 2033 qui
356 1970 476 2020 nudi
531 1971 889 2020 exercebantur
942 1973 994 2019 in
1049 1986 1250 2037 camp0,
1302 1971 1532 2036 pudenda
1586 1970 1897 2035 operiebant3

123 2052 180 2092 25
213 2042 343 2091 unde
385 2046 470 2107 qui
508 2047 574 2094 ita
614 2046 855 2094 succincti
895 2051 1026 2110 sunt,
1065 2051 1419 2108 campestratos
1458 2044 1632 2108 vulgus
1672 2043 1896 2108 appellat.

215 2115 357 2172 Quod
418 2119 582 2181 itaque
655 2118 890 2168 adversus
960 2117 1235 2167 damnatam
1298 2117 1441 2182 culpa
1501 2116 1894 2166 inoboedientiae

212 2188 513 2239 voluntatem
560 2191 710 2240 libido
756 2191 1132 2241 inoboedienter
1171 2190 1417 2252 movebat,
1472 2189 1767 2239 verecundia
1806 2191 1923 2254 pu·'

215 2261 390 2311 denter
439 2263 646 2327 tegebat.
723 2265 795 2314 Ex
844 2265 937 2314 hoc
984 2280 1155 2314 omnes
1204 2270 1397 2330 genteS,
1445 2265 1675 2328 quoniam
1715 2262 1774 2311 ab
1814 2263 1895 2311 illa

215 2337 370 2399 stirpe
403 2343 689 2400 procreatae
723 2346 853 2404 sunt,
893 2354 1051 2403 usque
1077 2338 1198 2387 adeo
1232 2344 1402 2387 tenent
1431 2339 1636 2386 insitum
1666 2336 1895 2401 pudenda

121 2419 179 2458 30
213 2407 404 2474 velare,
459 2416 515 2458 ut
570 2410 767 2473 quidam
821 2411 1018 2460 barbari
1072 2412 1179 2461 illas
1227 2413 1448 2476 corporis
1471 2416 1663 2475 ‚partes
1713 2425 1804 2458 nec
1843 2411 1894 2458 in

210 2480 399 2531 balneis
438 2482 594 2531 nudas
634 2483 868 2549 habeant,
908 2485 995 2534 sed
1035 2501 1148 2534 cum
1188 2500 1357 2534 earum
1397 2485 1679 2548 tegimentis
1718 2483 1893 2532 lavent.

208 2554 305 2603 Per
345 2570 519 2621 opacas
568 2571 766 2620 quoque
806 2557 970 2605 Indiae
1023 2558 1336 2624 solitudineS,
1386 2573 1499 2608 cum
1539 2556 1735 2621 quidam
1775 2555 1896 2606 nudi

208 2627 634 2695 philosophentur,
666 2630 795 2678 unde
829 2631 1257 2695 gymnosophistae
1290 2633 1620 2696 nominantur,
1659 2628 1894 2678 adhibent

326 2756 370 2810 4)
405 2755 516 2800 Gen.
550 2761 592 2810 3,
626 2761 664 2800 7.

325 2891 350 2929 3
386 2889 707 2943 cognoverunt
738 2902 760 2932 υ
785 2890 800 2944 ΙΙ
824 2893 849 2930 9
883 2889 931 2933 et
961 2900 1017 2931 ex
1049 2886 1127 2943 VH
1153 2892 1205 2930 17
1239 2889 1462 2932 nocerent
1484 2902 1508 2932 v
1533 2890 1548 2944 ΙΙ
1572 2893 1624 2932 31
1660 2887 1822 2945 tegim.
1857 2887 1901 2931 V
