2004 3140
576 186 643 218 DE
668 184 907 219 CIVITATE
930 187 1018 218 Dm
1043 187 1084 218 L.
1109 187 1253 220 xvm.
1278 187 1314 220 c.
1339 189 1391 221 39.
1715 177 1822 230 315

139 300 244 348 suis
290 297 467 348 litteris
516 297 823 347 custoditam.
902 298 1122 362 Denique
1163 298 1356 364 Moyses
1395 301 1446 349 in
1484 299 1666 365 populo
1708 316 1822 349 con-

139 373 314 438 stituit,
354 374 439 436 qui
478 371 713 420 docendis
743 372 922 421 litteris
961 380 1264 437 praeessent,
1303 375 1591 438 priusquam
1632 372 1821 423 divinae

137 446 260 511 legis
298 445 421 495 ullas
460 445 650 494 litteras
691 452 909 495 nossent.
985 444 1086 494 Hos
1127 446 1336 511 appellat
1376 449 1620 512 scriptura
1667 467 1816 514 γραμ·

135 515 582 586 ματοεισαγωγούς,
638 521 724 583 qui
777 518 947 569 Latine
1005 519 1101 568 dici
1154 528 1364 584 possunt
1417 521 1695 570 litterarum
1749 524 1820 571 in-

134 593 366 643 ductores
406 592 482 642 vel
521 580 910 660 introductoreS,
960 608 1018 642 eo
1060 593 1191 657 quod
1232 609 1312 643 eas
1351 595 1610 660 inducant,
1656 595 1706 644 id
1746 603 1822 646 est
1854 605 1879 645 5

134 667 465 734 introducant,
505 666 715 731 quodam
748 667 893 716 modo
926 669 977 715 in
1010 666 1158 715 corda
1198 667 1495 717 discentium
1534 668 1608 717 vel
1647 670 1699 718 in
1739 685 1820 718 eas

68 733 78 741 ’
132 742 297 805 potius
344 742 479 806 ipsos
527 756 651 805 quos
701 740 892 790 docent.
969 740 1111 789 Nulla
1158 743 1310 806 igitur
1349 757 1470 807 gens
1511 741 1570 790 de
1612 744 1820 807 antiqui·

132 820 231 863 tate
265 829 382 864 suae
416 816 683 880 sapientiae
711 829 861 880 super
892 814 1197 879 patriarchas
1231 822 1278 865 et
1309 814 1576 880 prophetas
1610 822 1821 883 nostrOS,

135 887 316 953 quibus
357 887 518 937 divina
556 890 717 938 inerat
764 889 1024 954 sapientia,
1071 887 1168 937 ulla
1210 904 1261 938 se
1301 891 1513 938 vanitate
1554 891 1820 957 iactaverit,

132 961 327 1025 quando
369 977 458 1011 nec
493 961 741 1027 Aegyptus
780 963 1045 1028 invenitur,
1085 977 1209 1026 quae
1251 962 1376 1012 solet
1415 962 1535 1011 falso
1577 970 1626 1012 et
1664 965 1819 1012 inani-
1855 974 1908 1014 10

130 1043 209 1084 ter
248 1035 308 1084 de
348 1050 549 1085 suarum
589 1035 927 1085 doctrinarum
967 1037 1255 1100 antiquitate
1296 1036 1508 1101 gloriari,
1551 1036 1817 1101 qualicum-

134 1124 228 1174 que
262 1111 498 1174 sapientia
533 1124 619 1158 sua
658 1109 1051 1175 patriarcharum
1092 1117 1376 1159 nostrorum
1417 1117 1639 1175 tempore
1678 1127 1818 1176 prae—

130 1184 322 1231 venisse
375 1185 678 1248 sapientiam.
755 1178 926 1248 Neque
974 1185 1106 1231 enim
1154 1185 1413 1248 quisquam
1454 1184 1619 1232 dicere
1672 1186 1817 1234 aude-

134 1255 206 1305 bit
275 1255 572 1305 mi'rabilium
650 1256 1022 1322 disciplinarum
1100 1272 1184 1305 eos
1253 1259 1581 1322 peritissimos
1652 1258 1819 1325 fuisse,

128 1336 391 1394 antequam
437 1330 626 1379 litteras
674 1336 903 1397 nossent,
949 1330 998 1379 id
1047 1336 1144 1397 est,
1192 1338 1455 1396 antequam
1493 1331 1587 1380 Isis
1641 1347 1697 1380 eo
1738 1347 1816 1381 ve·
1855 1342 1908 1381 15

128 1404 284 1452 nisset
330 1418 511 1468 easque
559 1403 626 1452 ibi
674 1403 936 1453 docuisset.
1014 1403 1123 1468 Ipsa
1170 1419 1320 1469 porro
1362 1420 1535 1454 eorum
1574 1420 1814 1454 memora-

126 1476 239 1526 bilis
280 1477 524 1545 doctrina,
566 1493 690 1542 quae
731 1477 968 1543 appellata
1009 1484 1084 1527 est
1123 1480 1376 1544 sapientia,
1417 1478 1534 1542 quid
1574 1485 1680 1528 erat
1719 1482 1815 1528 nisi

127 1552 335 1599 maxime
383 1553 681 1601 astronomia
728 1558 777 1601 et
824 1553 866 1600 si
906 1551 1022 1616 quid
1063 1551 1194 1601 aliud
1233 1552 1403 1601 talium
1444 1552 1815 1617 disciplinarum
1838 1594 1857 1617 s

126 1626 281 1689 magis
331 1624 390 1673 ad
438 1625 710 1674 exercenda
756 1626 950 1690 ingenia
999 1636 1144 1689 quam
1192 1625 1251 1674 ad
1298 1625 1660 1675 inluminandas
1698 1642 1814 1676 vera

128 1699 367 1763 sapientia
427 1706 619 1765 mentes
681 1699 806 1748 solet
867 1695 1064 1747 valere?
1139 1698 1262 1748 Nam
1326 1700 1456 1764 quod
1512 1700 1699 1749 adtinet
1754 1701 1814 1749 ad
1848 1709 1904 1750 20

126 1771 500 1838 philosophiam,
541 1787 664 1836 quae
699 1788 751 1821 se
784 1772 963 1821 docere
994 1773 1258 1836 profitetur
1290 1772 1489 1836 aliquid,
1529 1773 1660 1821 unde
1700 1774 1818 1823 fiant

127 1845 352 1893 homines
385 1844 530 1911 beati,
570 1848 701 1895 circa
731 1852 954 1910 tempora
986 1845 1233 1911 Mercurii,
1267 1861 1414 1910 quem
1439 1846 1817 1911 Trismegistum

128 1926 447 1985 vocaverunt,
502 1921 551 1967 in
603 1919 699 1968 illis
755 1921 902 1968 terris
960 1921 1066 1968 eius
1116 1919 1248 1967 modi
1300 1919 1461 1969 studia
1516 1919 1817 1987 claruerunt,

127 1991 269 2056 longe
311 1992 510 2057 quidem
542 2000 655 2042 ante
697 1994 942 2058 sapientes
981 1993 1056 2041 vel
1095 1992 1413 2058 philosophos
1440 1993 1687 2060 Graeciae,
1728 1995 1815 2043 sed

49 2113 62 2119 ,
126 2073 291 2115 tamen
329 2072 442 2130 post
473 2065 716 2116 Abraham
756 2074 804 2116 et
836 2066 970 2115 Isaac
1010 2073 1059 2115 et
1083 2066 1226 2115 Iacob
1269 2074 1318 2116 et
1347 2066 1540 2133 Ioseph,
1581 2069 1812 2118 nimirum
1848 2077 1905 2116 25

127 2141 300 2188 etiam'
336 2146 449 2204 post
510 2142 676 2206 ipsum
728 2140 946 2205 Moysen.
1022 2136 1094 2188 Eo
1158 2142 1339 2205 quippe
1403 2147 1690 2207 tempore,-
1719 2157 1816 2206 quo

125 2212 319 2277 Moyses
351 2219 495 2262 natus
529 2222 617 2280 est,
649 2215 802 2263 fuisse
836 2215 1085 2279 reperitur
1110 2213 1277 2262 Atlans
1310 2213 1390 2262 ille
1423 2229 1629 2278 magnus
1662 2221 1816 2264 astro-

127 2285 283 2353 loguS,
321 2285 605 2337 Promethei
643 2289 818 2354 frater,
869 2293 1119 2337 maternus
1168 2303 1285 2336 avus
1325 2287 1559 2336 Mercurii
1601 2290 1816 2354 maioriS,

128 2361 270 2408 cuius
310 2375 463 2424 nepos
504 2362 597 2411 fuit
636 2361 988 2425 Trismegistus
1028 2362 1121 2409 iste
1161 2361 1452 2410 Mercurius.

249 2565 270 2602 1
317 2574 424 2616 pop.
467 2561 554 2605 Dei
599 2575 624 2605 v
670 2563 685 2617 ΙΙ
732 2567 757 2605 3
806 2561 1289 2618 grammatoisagogus
1329 2561 1398 2614 Β,-
1446 2574 1555 2617 -gas
1596 2561 1667 2614 A,·
1706 2575 1816 2618 -gos

129 2615 180 2660 F
185 2634 201 2671 ;
221 2625 747 2676 >γροιμμοιτοειςοιγωγεῖς
776 2633 801 2664 v
