<?xml version="1.0" encoding="UTF-8"?>
<!DOCTYPE html PUBLIC "-//W3C//DTD XHTML 1.0 Transitional//EN"
    "http://www.w3.org/TR/xhtml1/DTD/xhtml1-transitional.dtd">
<html xmlns="http://www.w3.org/1999/xhtml" xml:lang="en" lang="en">
 <head>
  <title>
</title>
<meta http-equiv="Content-Type" content="text/html;charset=utf-8" />
  <meta name='ocr-system' content='tesseract 3.04.00' />
  <meta name='ocr-capabilities' content='ocr_page ocr_carea ocr_par ocr_line ocrx_word'/>
</head>
<body>
  <div class='ocr_page' id='page_1' title='image "./decivitatedeilib02auguuoft_0467.png"; bbox 0 0 2004 3140; ppageno 0'>
   <div class='ocr_carea' id='block_1_1' title="bbox 553 138 1804 192">
    <p class='ocr_par' dir='ltr' id='par_1_1' title="bbox 553 138 1804 192">
     <span class='ocr_line' id='line_1_1' title="bbox 553 138 1804 192; baseline 0.008 -10"><span class='ocrx_word' id='word_1_1' title='bbox 553 150 620 182; x_wconf 82' lang='lat' dir='ltr'>DE</span> <span class='ocrx_word' id='word_1_2' title='bbox 645 148 884 182; x_wconf 78' lang='lat' dir='ltr'>CIVITATE</span> <span class='ocrx_word' id='word_1_3' title='bbox 908 150 998 184; x_wconf 87' lang='lat' dir='ltr'>DEI</span> <span class='ocrx_word' id='word_1_4' title='bbox 1020 150 1062 182; x_wconf 85' lang='lat' dir='ltr'>L.</span> <span class='ocrx_word' id='word_1_5' title='bbox 1085 150 1167 182; x_wconf 83' lang='lat' dir='ltr'>xx.</span> <span class='ocrx_word' id='word_1_6' title='bbox 1193 149 1229 183; x_wconf 88' lang='lat' dir='ltr'>c.</span> <span class='ocrx_word' id='word_1_7' title='bbox 1254 151 1308 182; x_wconf 83' lang='lat'>22.</span> <span class='ocrx_word' id='word_1_8' title='bbox 1333 151 1387 183; x_wconf 83' lang='lat'>23.</span> <span class='ocrx_word' id='word_1_9' title='bbox 1695 138 1804 192; x_wconf 83' lang='grc'>463</span> 
     </span>
    </p>
   </div>
   <div class='ocr_carea' id='block_1_2' title="bbox 112 262 1890 1361">
    <p class='ocr_par' dir='ltr' id='par_1_2' title="bbox 112 262 1890 1361">
     <span class='ocr_line' id='line_1_2' title="bbox 120 262 1804 328; baseline 0 -16"><span class='ocrx_word' id='word_1_10' title='bbox 120 270 315 321; x_wconf 89' lang='lat' dir='ltr'>manet;</span> <span class='ocrx_word' id='word_1_11' title='bbox 353 277 533 311; x_wconf 90' lang='lat' dir='ltr'>nomen</span> <span class='ocrx_word' id='word_1_12' title='bbox 566 277 681 311; x_wconf 88' lang='lat' dir='ltr'>vero</span> <span class='ocrx_word' id='word_1_13' title='bbox 715 262 773 312; x_wconf 88' lang='lat' dir='ltr'>de</span> <span class='ocrx_word' id='word_1_14' title='bbox 808 277 906 327; x_wconf 83' lang='lat' dir='ltr'>quo</span> <span class='ocrx_word' id='word_1_15' title='bbox 945 278 1033 328; x_wconf 88' lang='lat' dir='ltr'>per</span> <span class='ocrx_word' id='word_1_16' title='bbox 1074 263 1206 312; x_wconf 91' lang='lat' dir='ltr'>hunc</span> <span class='ocrx_word' id='word_1_17' title='bbox 1244 262 1437 313; x_wconf 85' lang='lat' dir='ltr'><strong>Esaiam</strong></span> <span class='ocrx_word' id='word_1_18' title='bbox 1478 263 1665 314; x_wconf 89' lang='lat' dir='ltr'>dictum</span> <span class='ocrx_word' id='word_1_19' title='bbox 1704 270 1804 313; x_wconf 89' lang='lat' dir='ltr'>est:</span> 
     </span>
     <span class='ocr_line' id='line_1_3' title="bbox 121 338 1807 388; baseline 0.001 -3"><span class='ocrx_word' id='word_1_20' title='bbox 121 339 309 387; x_wconf 83' lang='lat' dir='ltr'>Nomen</span> <span class='ocrx_word' id='word_1_21' title='bbox 348 343 609 386; x_wconf 87' lang='lat' dir='ltr'>aeternum</span> <span class='ocrx_word' id='word_1_22' title='bbox 641 339 771 386; x_wconf 84' lang='lat' dir='ltr'>dabo</span> <span class='ocrx_word' id='word_1_23' title='bbox 803 340 887 386; x_wconf 83' lang='lat' dir='ltr'>eis.</span> <span class='ocrx_word' id='word_1_24' title='bbox 965 338 1083 386; x_wconf 89' lang='lat' dir='ltr'>Erit</span> <span class='ocrx_word' id='word_1_25' title='bbox 1120 340 1191 386; x_wconf 81' lang='lat' dir='ltr'>eis</span> <span class='ocrx_word' id='word_1_26' title='bbox 1229 341 1411 388; x_wconf 81' lang='lat' dir='ltr'>mensis</span> <span class='ocrx_word' id='word_1_27' title='bbox 1450 353 1516 387; x_wconf 78' lang='lat' dir='ltr'>ex</span> <span class='ocrx_word' id='word_1_28' title='bbox 1553 352 1718 388; x_wconf 85' lang='lat' dir='ltr'>mense</span> <span class='ocrx_word' id='word_1_29' title='bbox 1758 343 1807 387; x_wconf 88' lang='lat' dir='ltr'>et</span> 
     </span>
     <span class='ocr_line' id='line_1_4' title="bbox 121 411 1803 475; baseline 0 -15"><span class='ocrx_word' id='word_1_30' title='bbox 121 413 382 460; x_wconf 79' lang='lat' dir='ltr'>sabbatum</span> <span class='ocrx_word' id='word_1_31' title='bbox 430 425 495 459; x_wconf 79' lang='lat' dir='ltr'>ex</span> <span class='ocrx_word' id='word_1_32' title='bbox 533 412 763 472; x_wconf 80' lang='lat' dir='ltr'>sabbate,</span> <span class='ocrx_word' id='word_1_33' title='bbox 811 419 1060 475; x_wconf 83' lang='lat' dir='ltr'><strong>tamquam</strong></span> <span class='ocrx_word' id='word_1_34' title='bbox 1107 411 1222 460; x_wconf 89' lang='lat' dir='ltr'>luna</span> <span class='ocrx_word' id='word_1_35' title='bbox 1263 427 1322 460; x_wconf 88' lang='lat' dir='ltr'>ex</span> <span class='ocrx_word' id='word_1_36' title='bbox 1361 411 1476 460; x_wconf 89' lang='lat' dir='ltr'>luna</span> <span class='ocrx_word' id='word_1_37' title='bbox 1516 419 1566 461; x_wconf 86' lang='lat' dir='ltr'>et</span> <span class='ocrx_word' id='word_1_38' title='bbox 1604 413 1803 475; x_wconf 82' lang='lat' dir='ltr'><strong>requies</strong></span> 
     </span>
     <span class='ocr_line' id='line_1_5' title="bbox 121 485 1800 550; baseline 0.001 -18"><span class='ocrx_word' id='word_1_39' title='bbox 121 500 178 533; x_wconf 87' lang='lat' dir='ltr'>ex</span> <span class='ocrx_word' id='word_1_40' title='bbox 218 486 404 550; x_wconf 87' lang='lat' dir='ltr'>requie,</span> <span class='ocrx_word' id='word_1_41' title='bbox 446 499 656 548; x_wconf 91' lang='lat' dir='ltr'>quorum</span> <span class='ocrx_word' id='word_1_42' title='bbox 700 493 967 549; x_wconf 90' lang='lat' dir='ltr'>utrumque</span> <span class='ocrx_word' id='word_1_43' title='bbox 1007 486 1102 550; x_wconf 91' lang='lat' dir='ltr'>ipsi</span> <span class='ocrx_word' id='word_1_44' title='bbox 1142 492 1288 534; x_wconf 89' lang='lat' dir='ltr'>erunt</span> <span class='ocrx_word' id='word_1_45' title='bbox 1328 501 1440 534; x_wconf 90' lang='lat' dir='ltr'>cum</span> <span class='ocrx_word' id='word_1_46' title='bbox 1481 501 1541 534; x_wconf 85' lang='lat' dir='ltr'>ex</span> <span class='ocrx_word' id='word_1_47' title='bbox 1579 485 1656 534; x_wconf 92' lang='lat' dir='ltr'>his</span> <span class='ocrx_word' id='word_1_48' title='bbox 1696 500 1800 534; x_wconf 91' lang='lat' dir='ltr'>um-</span> 
     </span>
     <span class='ocr_line' id='line_1_6' title="bbox 117 557 1861 624; baseline 0.001 -18"><span class='ocrx_word' id='word_1_49' title='bbox 117 557 224 606; x_wconf 87' lang='lat' dir='ltr'>bris</span> <span class='ocrx_word' id='word_1_50' title='bbox 277 557 526 607; x_wconf 88' lang='lat' dir='ltr'>veteribus</span> <span class='ocrx_word' id='word_1_51' title='bbox 581 566 631 608; x_wconf 86' lang='lat' dir='ltr'>et</span> <span class='ocrx_word' id='word_1_52' title='bbox 684 558 1036 624; x_wconf 81' lang='lat' dir='ltr'><strong>temporalibus</strong></span> <span class='ocrx_word' id='word_1_53' title='bbox 1091 561 1142 608; x_wconf 91' lang='lat' dir='ltr'>in</span> <span class='ocrx_word' id='word_1_54' title='bbox 1195 558 1277 607; x_wconf 90' lang='lat' dir='ltr'>illa</span> <span class='ocrx_word' id='word_1_55' title='bbox 1330 559 1515 607; x_wconf 90' lang='lat' dir='ltr'>lumina</span> <span class='ocrx_word' id='word_1_56' title='bbox 1569 574 1693 608; x_wconf 93' lang='lat' dir='ltr'>nova</span> <span class='ocrx_word' id='word_1_57' title='bbox 1747 574 1802 608; x_wconf 87' lang='lat' dir='ltr'>ac</span> <span class='ocrx_word' id='word_1_58' title='bbox 1835 566 1861 607; x_wconf 86' lang='lat'>5</span> 
     </span>
     <span class='ocr_line' id='line_1_7' title="bbox 117 632 1801 697; baseline 0.001 -17"><span class='ocrx_word' id='word_1_59' title='bbox 117 633 416 696; x_wconf 84' lang='lat' dir='ltr'>sempiterna</span> <span class='ocrx_word' id='word_1_60' title='bbox 463 632 757 682; x_wconf 89' lang='lat' dir='ltr'>transibunt.</span> <span class='ocrx_word' id='word_1_61' title='bbox 834 633 888 681; x_wconf 91' lang='lat' dir='ltr'>ln</span> <span class='ocrx_word' id='word_1_62' title='bbox 935 634 1108 697; x_wconf 88' lang='lat' dir='ltr'>poenis</span> <span class='ocrx_word' id='word_1_63' title='bbox 1158 639 1322 681; x_wconf 85' lang='lat' dir='ltr'>autem</span> <span class='ocrx_word' id='word_1_64' title='bbox 1362 632 1601 681; x_wconf 89' lang='lat' dir='ltr'>malorum</span> <span class='ocrx_word' id='word_1_65' title='bbox 1642 640 1692 682; x_wconf 93' lang='lat' dir='ltr'>et</span> <span class='ocrx_word' id='word_1_66' title='bbox 1730 634 1801 681; x_wconf 90' lang='lat' dir='ltr'>in-</span> 
     </span>
     <span class='ocr_line' id='line_1_8' title="bbox 117 705 1802 771; baseline 0 -17"><span class='ocrx_word' id='word_1_67' title='bbox 117 705 450 770; x_wconf 82' lang='lat' dir='ltr'>extinguibilis</span> <span class='ocrx_word' id='word_1_68' title='bbox 500 708 629 771; x_wconf 82' lang='lat' dir='ltr'>ignis</span> <span class='ocrx_word' id='word_1_69' title='bbox 680 714 730 756; x_wconf 95' lang='lat' dir='ltr'>et</span> <span class='ocrx_word' id='word_1_70' title='bbox 779 708 1116 756; x_wconf 82' lang='lat' dir='ltr'>vivacissimus</span> <span class='ocrx_word' id='word_1_71' title='bbox 1163 708 1346 755; x_wconf 90' lang='lat' dir='ltr'>vermis</span> <span class='ocrx_word' id='word_1_72' title='bbox 1392 706 1451 755; x_wconf 89' lang='lat' dir='ltr'>ab</span> <span class='ocrx_word' id='word_1_73' title='bbox 1499 706 1605 755; x_wconf 91' lang='lat' dir='ltr'>aliis</span> <span class='ocrx_word' id='word_1_74' title='bbox 1655 713 1802 770; x_wconf 86' lang='lat' dir='ltr'>atque</span> 
     </span>
     <span class='ocr_line' id='line_1_9' title="bbox 116 779 1800 845; baseline 0.001 -18"><span class='ocrx_word' id='word_1_75' title='bbox 116 779 222 828; x_wconf 89' lang='lat' dir='ltr'>aliis</span> <span class='ocrx_word' id='word_1_76' title='bbox 262 779 404 829; x_wconf 85' lang='lat' dir='ltr'>aliter</span> <span class='ocrx_word' id='word_1_77' title='bbox 436 787 582 844; x_wconf 88' lang='lat' dir='ltr'>atque</span> <span class='ocrx_word' id='word_1_78' title='bbox 616 780 756 830; x_wconf 92' lang='lat' dir='ltr'>aliter</span> <span class='ocrx_word' id='word_1_79' title='bbox 796 787 872 829; x_wconf 89' lang='lat' dir='ltr'>est</span> <span class='ocrx_word' id='word_1_80' title='bbox 912 782 1178 845; x_wconf 83' lang='lat' dir='ltr'>expositus,</span> <span class='ocrx_word' id='word_1_81' title='bbox 1255 780 1349 830; x_wconf 87' lang='lat' dir='ltr'>Alii</span> <span class='ocrx_word' id='word_1_82' title='bbox 1389 783 1571 845; x_wconf 86' lang='lat' dir='ltr'>quippe</span> <span class='ocrx_word' id='word_1_83' title='bbox 1611 787 1800 829; x_wconf 90' lang='lat' dir='ltr'>utrum-</span> 
     </span>
     <span class='ocr_line' id='line_1_10' title="bbox 117 853 1801 920; baseline 0 -18"><span class='ocrx_word' id='word_1_84' title='bbox 117 868 210 917; x_wconf 93' lang='lat' dir='ltr'>que</span> <span class='ocrx_word' id='word_1_85' title='bbox 267 853 327 902; x_wconf 90' lang='lat' dir='ltr'>ad</span> <span class='ocrx_word' id='word_1_86' title='bbox 381 869 586 920; x_wconf 82' lang='lat' dir='ltr'>corpuS‚</span> <span class='ocrx_word' id='word_1_87' title='bbox 640 854 721 903; x_wconf 89' lang='lat' dir='ltr'>alii</span> <span class='ocrx_word' id='word_1_88' title='bbox 774 861 1042 919; x_wconf 89' lang='lat' dir='ltr'>utrumque</span> <span class='ocrx_word' id='word_1_89' title='bbox 1098 854 1157 903; x_wconf 90' lang='lat' dir='ltr'>ad</span> <span class='ocrx_word' id='word_1_90' title='bbox 1212 856 1428 903; x_wconf 88' lang='lat' dir='ltr'>animum</span> <span class='ocrx_word' id='word_1_91' title='bbox 1479 853 1801 919; x_wconf 83' lang='lat' dir='ltr'>rettulerunt3</span> 
     </span>
     <span class='ocr_line' id='line_1_11' title="bbox 115 927 1890 994; baseline -0.001 -19"><span class='ocrx_word' id='word_1_92' title='bbox 115 927 195 976; x_wconf 89' lang='lat' dir='ltr'>alii</span> <span class='ocrx_word' id='word_1_93' title='bbox 246 929 446 992; x_wconf 79' lang='lat' dir='ltr'>proprie</span> <span class='ocrx_word' id='word_1_94' title='bbox 494 928 554 977; x_wconf 88' lang='lat' dir='ltr'>ad</span> <span class='ocrx_word' id='word_1_95' title='bbox 602 943 783 993; x_wconf 89' lang='lat' dir='ltr'>corpus</span> <span class='ocrx_word' id='word_1_96' title='bbox 834 930 1024 994; x_wconf 76' lang='lat' dir='ltr'>ignem,</span> <span class='ocrx_word' id='word_1_97' title='bbox 1074 929 1264 992; x_wconf 78' lang='lat' dir='ltr'>tropice</span> <span class='ocrx_word' id='word_1_98' title='bbox 1320 928 1378 977; x_wconf 86' lang='lat' dir='ltr'>ad</span> <span class='ocrx_word' id='word_1_99' title='bbox 1426 929 1643 977; x_wconf 90' lang='lat' dir='ltr'>animum</span> <span class='ocrx_word' id='word_1_100' title='bbox 1694 942 1799 976; x_wconf 88' lang='lat' dir='ltr'>ver·</span> <span class='ocrx_word' id='word_1_101' title='bbox 1836 935 1890 975; x_wconf 90' lang='grc'>10</span> 
     </span>
     <span class='ocr_line' id='line_1_12' title="bbox 115 1001 1801 1068; baseline 0.001 -19"><span class='ocrx_word' id='word_1_102' title='bbox 115 1015 266 1068; x_wconf 72' lang='lat' dir='ltr'>mem,</span> <span class='ocrx_word' id='word_1_103' title='bbox 322 1001 453 1066; x_wconf 91' lang='lat' dir='ltr'>quod</span> <span class='ocrx_word' id='word_1_104' title='bbox 501 1017 610 1051; x_wconf 86' lang='lat' dir='ltr'>esse</span> <span class='ocrx_word' id='word_1_105' title='bbox 658 1002 940 1051; x_wconf 83' lang='lat' dir='ltr'>credibilius</span> <span class='ocrx_word' id='word_1_106' title='bbox 987 1001 1195 1051; x_wconf 87' lang='lat' dir='ltr'>videtur.</span> <span class='ocrx_word' id='word_1_107' title='bbox 1274 1001 1371 1050; x_wconf 87' lang='lat' dir='ltr'>Sed</span> <span class='ocrx_word' id='word_1_108' title='bbox 1420 1017 1551 1050; x_wconf 89' lang='lat' dir='ltr'>nunc</span> <span class='ocrx_word' id='word_1_109' title='bbox 1600 1001 1659 1050; x_wconf 88' lang='lat' dir='ltr'>de</span> <span class='ocrx_word' id='word_1_110' title='bbox 1711 1001 1801 1050; x_wconf 91' lang='lat' dir='ltr'>hac</span> 
     </span>
     <span class='ocr_line' id='line_1_13' title="bbox 115 1074 1800 1141; baseline -0.001 -18"><span class='ocrx_word' id='word_1_111' title='bbox 115 1074 390 1124; x_wconf 83' lang='lat' dir='ltr'>differentia</span> <span class='ocrx_word' id='word_1_112' title='bbox 436 1091 535 1124; x_wconf 91' lang='lat' dir='ltr'>non</span> <span class='ocrx_word' id='word_1_113' title='bbox 583 1083 659 1125; x_wconf 88' lang='lat' dir='ltr'>est</span> <span class='ocrx_word' id='word_1_114' title='bbox 705 1078 943 1140; x_wconf 88' lang='lat' dir='ltr'>temporis</span> <span class='ocrx_word' id='word_1_115' title='bbox 991 1076 1258 1141; x_wconf 88' lang='lat' dir='ltr'>disputare.</span> <span class='ocrx_word' id='word_1_116' title='bbox 1336 1075 1405 1124; x_wconf 92' lang='lat' dir='ltr'>De</span> <span class='ocrx_word' id='word_1_117' title='bbox 1444 1074 1627 1124; x_wconf 88' lang='lat' dir='ltr'>iudicio</span> <span class='ocrx_word' id='word_1_118' title='bbox 1668 1090 1800 1123; x_wconf 88' lang='lat' dir='ltr'>nam-</span> 
     </span>
     <span class='ocr_line' id='line_1_14' title="bbox 116 1148 1801 1215; baseline -0.001 -18"><span class='ocrx_word' id='word_1_119' title='bbox 116 1163 210 1212; x_wconf 86' lang='lat' dir='ltr'>que</span> <span class='ocrx_word' id='word_1_120' title='bbox 250 1149 439 1215; x_wconf 88' lang='lat' dir='ltr'>ultimo‚</span> <span class='ocrx_word' id='word_1_121' title='bbox 478 1165 575 1214; x_wconf 89' lang='lat' dir='ltr'>quo</span> <span class='ocrx_word' id='word_1_122' title='bbox 616 1150 700 1198; x_wconf 88' lang='lat' dir='ltr'>fiet</span> <span class='ocrx_word' id='word_1_123' title='bbox 739 1149 1001 1214; x_wconf 84' lang='lat' dir='ltr'>diremptio</span> <span class='ocrx_word' id='word_1_124' title='bbox 1042 1149 1286 1199; x_wconf 90' lang='lat' dir='ltr'>bonorum</span> <span class='ocrx_word' id='word_1_125' title='bbox 1326 1155 1375 1197; x_wconf 88' lang='lat' dir='ltr'>et</span> <span class='ocrx_word' id='word_1_126' title='bbox 1413 1148 1669 1214; x_wconf 82' lang='lat' dir='ltr'>malorum,</span> <span class='ocrx_word' id='word_1_127' title='bbox 1707 1148 1801 1196; x_wconf 94' lang='lat' dir='ltr'>hoc</span> 
     </span>
     <span class='ocr_line' id='line_1_15' title="bbox 114 1221 1802 1289; baseline -0.001 -18"><span class='ocrx_word' id='word_1_128' title='bbox 114 1221 341 1272; x_wconf 90' lang='lat' dir='ltr'>volumen</span> <span class='ocrx_word' id='word_1_129' title='bbox 389 1222 592 1288; x_wconf 89' lang='lat' dir='ltr'>implere</span> <span class='ocrx_word' id='word_1_130' title='bbox 642 1225 972 1289; x_wconf 82' lang='lat' dir='ltr'>suscepimus3</span> <span class='ocrx_word' id='word_1_131' title='bbox 1020 1222 1078 1271; x_wconf 91' lang='lat' dir='ltr'>de</span> <span class='ocrx_word' id='word_1_132' title='bbox 1134 1224 1255 1287; x_wconf 89' lang='lat' dir='ltr'>ipsis</span> <span class='ocrx_word' id='word_1_133' title='bbox 1308 1237 1425 1271; x_wconf 90' lang='lat' dir='ltr'>vero</span> <span class='ocrx_word' id='word_1_134' title='bbox 1472 1223 1704 1287; x_wconf 89' lang='lat' dir='ltr'>praemiis</span> <span class='ocrx_word' id='word_1_135' title='bbox 1752 1230 1802 1270; x_wconf 92' lang='lat' dir='ltr'>et</span> 
     </span>
     <span class='ocr_line' id='line_1_16' title="bbox 112 1296 1890 1361; baseline -0.002 -16"><span class='ocrx_word' id='word_1_136' title='bbox 112 1298 286 1360; x_wconf 90' lang='lat' dir='ltr'>poenis</span> <span class='ocrx_word' id='word_1_137' title='bbox 326 1297 442 1346; x_wconf 90' lang='lat' dir='ltr'>alias</span> <span class='ocrx_word' id='word_1_138' title='bbox 483 1296 766 1361; x_wconf 86' lang='lat' dir='ltr'>diligentius</span> <span class='ocrx_word' id='word_1_139' title='bbox 806 1296 1150 1346; x_wconf 88' lang='lat' dir='ltr'>disserendum</span> <span class='ocrx_word' id='word_1_140' title='bbox 1191 1303 1279 1345; x_wconf 87' lang='lat' dir='ltr'>est.</span> <span class='ocrx_word' id='word_1_141' title='bbox 1835 1302 1890 1343; x_wconf 86' lang='lat'>15</span> 
     </span>
    </p>
   </div>
   <div class='ocr_carea' id='block_1_3' title="bbox 742 1484 1172 1539">
    <p class='ocr_par' dir='ltr' id='par_1_3' title="bbox 742 1484 1172 1539">
     <span class='ocr_line' id='line_1_17' title="bbox 742 1484 1172 1539; baseline 0 0"><span class='ocrx_word' id='word_1_142' title='bbox 742 1484 938 1539; x_wconf 80' lang='lat' dir='ltr'>CAPUT</span> <span class='ocrx_word' id='word_1_143' title='bbox 970 1484 1172 1539; x_wconf 88' lang='lat' dir='ltr'>XXIII.</span> 
     </span>
    </p>
   </div>
   <div class='ocr_carea' id='block_1_4' title="bbox 120 1592 1801 1728">
    <p class='ocr_par' dir='ltr' id='par_1_4' title="bbox 120 1592 1801 1728">
     <span class='ocr_line' id='line_1_18' title="bbox 120 1592 1801 1655; baseline 0 -15"><span class='ocrx_word' id='word_1_144' title='bbox 120 1592 254 1650; x_wconf 79' lang='lat' dir='ltr'>Quid</span> <span class='ocrx_word' id='word_1_145' title='bbox 283 1594 667 1655; x_wconf 76' lang='lat' dir='ltr'>prophetaverit</span> <span class='ocrx_word' id='word_1_146' title='bbox 709 1593 897 1642; x_wconf 85' lang='lat' dir='ltr'>Daniel</span> <span class='ocrx_word' id='word_1_147' title='bbox 933 1595 995 1641; x_wconf 81' lang='lat' dir='ltr'>de</span> <span class='ocrx_word' id='word_1_148' title='bbox 1027 1594 1383 1654; x_wconf 79' lang='lat' dir='ltr'>persecutione</span> <span class='ocrx_word' id='word_1_149' title='bbox 1412 1592 1716 1642; x_wconf 77' lang='lat' dir='ltr'>Antichristi</span> <span class='ocrx_word' id='word_1_150' title='bbox 1753 1597 1801 1641; x_wconf 89' lang='lat' dir='ltr'>et</span> 
     </span>
     <span class='ocr_line' id='line_1_19' title="bbox 424 1667 1492 1728; baseline -0.001 -12"><span class='ocrx_word' id='word_1_151' title='bbox 424 1669 486 1716; x_wconf 83' lang='lat' dir='ltr'>de</span> <span class='ocrx_word' id='word_1_152' title='bbox 525 1669 715 1716; x_wconf 85' lang='lat' dir='ltr'>iudicio</span> <span class='ocrx_word' id='word_1_153' title='bbox 755 1667 855 1716; x_wconf 86' lang='lat' dir='ltr'>Dei</span> <span class='ocrx_word' id='word_1_154' title='bbox 890 1680 1149 1728; x_wconf 69' lang='lat' dir='ltr'>reynoque</span> <span class='ocrx_word' id='word_1_155' title='bbox 1186 1671 1492 1715; x_wconf 83' lang='lat' dir='ltr'>sanctorum.</span> 
     </span>
    </p>
   </div>
   <div class='ocr_carea' id='block_1_5' title="bbox 110 1767 1888 2567">
    <p class='ocr_par' dir='ltr' id='par_1_5' title="bbox 110 1767 1888 2567">
     <span class='ocr_line' id='line_1_20' title="bbox 261 1767 1797 1834; baseline -0.001 -16"><span class='ocrx_word' id='word_1_156' title='bbox 261 1768 430 1818; x_wconf 80' lang='lat' dir='ltr'>Daniel</span> <span class='ocrx_word' id='word_1_157' title='bbox 470 1769 529 1818; x_wconf 88' lang='lat' dir='ltr'>de</span> <span class='ocrx_word' id='word_1_158' title='bbox 573 1769 667 1818; x_wconf 92' lang='lat' dir='ltr'>hoc</span> <span class='ocrx_word' id='word_1_159' title='bbox 706 1769 877 1819; x_wconf 88' lang='lat' dir='ltr'>ultimo</span> <span class='ocrx_word' id='word_1_160' title='bbox 917 1769 1099 1818; x_wconf 91' lang='lat' dir='ltr'>iudicio</span> <span class='ocrx_word' id='word_1_161' title='bbox 1141 1770 1210 1817; x_wconf 91' lang='lat' dir='ltr'>sic</span> <span class='ocrx_word' id='word_1_162' title='bbox 1250 1767 1529 1834; x_wconf 81' lang='lat' dir='ltr'>prophetat,</span> <span class='ocrx_word' id='word_1_163' title='bbox 1568 1775 1624 1817; x_wconf 88' lang='lat' dir='ltr'>ut</span> <span class='ocrx_word' id='word_1_164' title='bbox 1663 1767 1797 1817; x_wconf 84' lang='lat' dir='ltr'>Anti-</span> 
     </span>
     <span class='ocr_line' id='line_1_21' title="bbox 113 1842 1888 1908; baseline -0.001 -17"><span class='ocrx_word' id='word_1_165' title='bbox 113 1842 352 1892; x_wconf 90' lang='lat' dir='ltr'>christum</span> <span class='ocrx_word' id='word_1_166' title='bbox 401 1858 596 1907; x_wconf 89' lang='lat' dir='ltr'>quoque</span> <span class='ocrx_word' id='word_1_167' title='bbox 643 1845 783 1908; x_wconf 88' lang='lat' dir='ltr'>prius</span> <span class='ocrx_word' id='word_1_168' title='bbox 829 1850 1094 1892; x_wconf 89' lang='lat' dir='ltr'>venturum</span> <span class='ocrx_word' id='word_1_169' title='bbox 1142 1857 1251 1891; x_wconf 88' lang='lat' dir='ltr'>esse</span> <span class='ocrx_word' id='word_1_170' title='bbox 1296 1843 1613 1907; x_wconf 87' lang='lat' dir='ltr'>praenuntiet</span> <span class='ocrx_word' id='word_1_171' title='bbox 1652 1848 1798 1907; x_wconf 88' lang='lat' dir='ltr'>atque</span> <span class='ocrx_word' id='word_1_172' title='bbox 1832 1848 1888 1888; x_wconf 81' lang='lat'>20</span> 
     </span>
     <span class='ocr_line' id='line_1_22' title="bbox 112 1915 1799 1982; baseline -0.001 -17"><span class='ocrx_word' id='word_1_173' title='bbox 112 1917 170 1966; x_wconf 90' lang='lat' dir='ltr'>ad</span> <span class='ocrx_word' id='word_1_174' title='bbox 226 1923 483 1966; x_wconf 90' lang='lat' dir='ltr'>aeternum</span> <span class='ocrx_word' id='word_1_175' title='bbox 547 1932 754 1982; x_wconf 84' lang='lat' dir='ltr'>regnum</span> <span class='ocrx_word' id='word_1_176' title='bbox 819 1923 1102 1966; x_wconf 89' lang='lat' dir='ltr'>sanctorum</span> <span class='ocrx_word' id='word_1_177' title='bbox 1164 1915 1404 1980; x_wconf 86' lang='lat' dir='ltr'>perducat</span> <span class='ocrx_word' id='word_1_178' title='bbox 1464 1917 1799 1965; x_wconf 86' lang='lat' dir='ltr'>narrationem</span> 
     </span>
     <span class='ocr_line' id='line_1_23' title="bbox 113 1988 1798 2055; baseline -0.001 -15"><span class='ocrx_word' id='word_1_179' title='bbox 113 2005 264 2040; x_wconf 89' lang='lat' dir='ltr'>suam.</span> <span class='ocrx_word' id='word_1_180' title='bbox 330 1990 452 2040; x_wconf 88' lang='lat' dir='ltr'>Cum</span> <span class='ocrx_word' id='word_1_181' title='bbox 487 1993 618 2040; x_wconf 90' lang='lat' dir='ltr'>enim</span> <span class='ocrx_word' id='word_1_182' title='bbox 648 1992 836 2039; x_wconf 90' lang='lat' dir='ltr'>visione</span> <span class='ocrx_word' id='word_1_183' title='bbox 869 1990 1157 2055; x_wconf 87' lang='lat' dir='ltr'>prophetica</span> <span class='ocrx_word' id='word_1_184' title='bbox 1183 1996 1417 2054; x_wconf 86' lang='lat' dir='ltr'>quattuor</span> <span class='ocrx_word' id='word_1_185' title='bbox 1440 1988 1624 2038; x_wconf 86' lang='lat' dir='ltr'>bestias</span> <span class='ocrx_word' id='word_1_186' title='bbox 1650 1989 1798 2055; x_wconf 85' lang='lat' dir='ltr'>signi-</span> 
     </span>
     <span class='ocr_line' id='line_1_24' title="bbox 111 2064 1799 2130; baseline -0.001 -18"><span class='ocrx_word' id='word_1_187' title='bbox 111 2065 314 2114; x_wconf 86' lang='lat' dir='ltr'>ficantes</span> <span class='ocrx_word' id='word_1_188' title='bbox 367 2071 600 2128; x_wconf 88' lang='lat' dir='ltr'>quattuor</span> <span class='ocrx_word' id='word_1_189' title='bbox 661 2074 812 2129; x_wconf 85' lang='lat' dir='ltr'>regna</span> <span class='ocrx_word' id='word_1_190' title='bbox 859 2064 1082 2130; x_wconf 82' lang='lat' dir='ltr'>vidisset,</span> <span class='ocrx_word' id='word_1_191' title='bbox 1151 2065 1413 2128; x_wconf 89' lang='lat' dir='ltr'>ipsumque</span> <span class='ocrx_word' id='word_1_192' title='bbox 1479 2069 1710 2127; x_wconf 89' lang='lat' dir='ltr'>quartum</span> <span class='ocrx_word' id='word_1_193' title='bbox 1772 2078 1799 2110; x_wconf 91' lang='lat' dir='ltr'>a</span> 
     </span>
     <span class='ocr_line' id='line_1_25' title="bbox 112 2137 1799 2204; baseline -0.001 -17"><span class='ocrx_word' id='word_1_194' title='bbox 112 2138 321 2202; x_wconf 85' lang='lat' dir='ltr'>quodam</span> <span class='ocrx_word' id='word_1_195' title='bbox 370 2153 486 2202; x_wconf 85' lang='lat' dir='ltr'>rege</span> <span class='ocrx_word' id='word_1_196' title='bbox 534 2145 843 2204; x_wconf 85' lang='lat' dir='ltr'>superatum,</span> <span class='ocrx_word' id='word_1_197' title='bbox 891 2140 976 2202; x_wconf 89' lang='lat' dir='ltr'>qui</span> <span class='ocrx_word' id='word_1_198' title='bbox 1015 2137 1351 2187; x_wconf 87' lang='lat' dir='ltr'>Antichristus</span> <span class='ocrx_word' id='word_1_199' title='bbox 1391 2139 1696 2203; x_wconf 80' lang='lat' dir='ltr'>agnoscitur,</span> <span class='ocrx_word' id='word_1_200' title='bbox 1749 2142 1799 2185; x_wconf 89' lang='lat' dir='ltr'>et</span> 
     </span>
     <span class='ocr_line' id='line_1_26' title="bbox 110 2210 1886 2277; baseline -0.003 -17"><span class='ocrx_word' id='word_1_201' title='bbox 110 2218 224 2276; x_wconf 89' lang='lat' dir='ltr'>post</span> <span class='ocrx_word' id='word_1_202' title='bbox 260 2211 380 2260; x_wconf 88' lang='lat' dir='ltr'>haec</span> <span class='ocrx_word' id='word_1_203' title='bbox 422 2218 679 2261; x_wconf 86' lang='lat' dir='ltr'>aeternum</span> <span class='ocrx_word' id='word_1_204' title='bbox 717 2227 926 2276; x_wconf 87' lang='lat' dir='ltr'>regnum</span> <span class='ocrx_word' id='word_1_205' title='bbox 965 2211 1052 2260; x_wconf 88' lang='lat' dir='ltr'>filii</span> <span class='ocrx_word' id='word_1_206' title='bbox 1090 2211 1330 2277; x_wconf 73' lang='lat' dir='ltr'>hominis,</span> <span class='ocrx_word' id='word_1_207' title='bbox 1370 2212 1455 2274; x_wconf 89' lang='lat' dir='ltr'>qui</span> <span class='ocrx_word' id='word_1_208' title='bbox 1494 2210 1797 2275; x_wconf 87' lang='lat' dir='ltr'>intellegitur</span> <span class='ocrx_word' id='word_1_209' title='bbox 1831 2214 1886 2256; x_wconf 85' lang='lat'>25</span> 
     </span>
     <span class='ocr_line' id='line_1_27' title="bbox 113 2284 1798 2351; baseline -0.001 -18"><span class='ocrx_word' id='word_1_210' title='bbox 113 2284 361 2334; x_wconf 85' lang='lat' dir='ltr'>Christus:</span> <span class='ocrx_word' id='word_1_211' title='bbox 408 2286 648 2347; x_wconf 86' lang='lat' dir='ltr'>Horruit,</span> <span class='ocrx_word' id='word_1_212' title='bbox 697 2287 880 2351; x_wconf 89' lang='lat' dir='ltr'>inquit,</span> <span class='ocrx_word' id='word_1_213' title='bbox 919 2287 1129 2348; x_wconf 84' lang='lat' dir='ltr'>spiritus</span> <span class='ocrx_word' id='word_1_214' title='bbox 1168 2299 1328 2350; x_wconf 80' lang='lat' dir='ltr'>meus,</span> <span class='ocrx_word' id='word_1_215' title='bbox 1368 2298 1458 2345; x_wconf 72' lang='lat' dir='ltr'>eqo</span> <span class='ocrx_word' id='word_1_216' title='bbox 1499 2285 1704 2345; x_wconf 78' lang='lat' dir='ltr'>Daniel,</span> <span class='ocrx_word' id='word_1_217' title='bbox 1745 2287 1798 2332; x_wconf 90' lang='lat' dir='ltr'>in</span> 
     </span>
     <span class='ocr_line' id='line_1_28' title="bbox 112 2359 1796 2421; baseline -0.001 -14"><span class='ocrx_word' id='word_1_218' title='bbox 112 2360 406 2409; x_wconf 76' lang='lat' dir='ltr'>habitudine</span> <span class='ocrx_word' id='word_1_219' title='bbox 452 2374 584 2420; x_wconf 86' lang='lat' dir='ltr'>mea,</span> <span class='ocrx_word' id='word_1_220' title='bbox 641 2366 691 2409; x_wconf 88' lang='lat' dir='ltr'>et</span> <span class='ocrx_word' id='word_1_221' title='bbox 734 2362 867 2408; x_wconf 83' lang='lat' dir='ltr'>visus</span> <span class='ocrx_word' id='word_1_222' title='bbox 915 2361 1098 2421; x_wconf 81' lang='lat' dir='ltr'>capitis</span> <span class='ocrx_word' id='word_1_223' title='bbox 1148 2361 1248 2408; x_wconf 86' lang='lat' dir='ltr'>mei</span> <span class='ocrx_word' id='word_1_224' title='bbox 1293 2359 1671 2408; x_wconf 77' lang='lat' dir='ltr'>conturbabant</span> <span class='ocrx_word' id='word_1_225' title='bbox 1706 2372 1796 2406; x_wconf 87' lang='lat' dir='ltr'>me.</span> 
     </span>
     <span class='ocr_line' id='line_1_29' title="bbox 111 2432 1798 2499; baseline -0.001 -18"><span class='ocrx_word' id='word_1_226' title='bbox 111 2432 180 2481; x_wconf 89' lang='lat' dir='ltr'>Et</span> <span class='ocrx_word' id='word_1_227' title='bbox 225 2435 438 2494; x_wconf 82' lang='lat' dir='ltr'>accessi,</span> <span class='ocrx_word' id='word_1_228' title='bbox 485 2435 671 2499; x_wconf 82' lang='lat' dir='ltr'>inquit,</span> <span class='ocrx_word' id='word_1_229' title='bbox 722 2435 793 2482; x_wconf 83' lang='lat' dir='ltr'>ad</span> <span class='ocrx_word' id='word_1_230' title='bbox 836 2447 990 2482; x_wconf 86' lang='lat' dir='ltr'>unum</span> <span class='ocrx_word' id='word_1_231' title='bbox 1030 2434 1093 2482; x_wconf 84' lang='lat' dir='ltr'>de</span> <span class='ocrx_word' id='word_1_232' title='bbox 1131 2434 1401 2492; x_wconf 76' lang='lat' dir='ltr'>stantibu8‚</span> <span class='ocrx_word' id='word_1_233' title='bbox 1449 2437 1498 2480; x_wconf 89' lang='lat' dir='ltr'>et</span> <span class='ocrx_word' id='word_1_234' title='bbox 1535 2434 1798 2480; x_wconf 85' lang='lat' dir='ltr'>veritatem</span> 
     </span>
     <span class='ocr_line' id='line_1_30' title="bbox 113 2505 1795 2567; baseline -0.002 -13"><span class='ocrx_word' id='word_1_235' title='bbox 113 2507 417 2565; x_wconf 82' lang='lat' dir='ltr'>quaerebam</span> <span class='ocrx_word' id='word_1_236' title='bbox 465 2508 528 2556; x_wconf 94' lang='lat' dir='ltr'>ab</span> <span class='ocrx_word' id='word_1_237' title='bbox 576 2522 633 2556; x_wconf 87' lang='lat' dir='ltr'>eo</span> <span class='ocrx_word' id='word_1_238' title='bbox 681 2509 743 2556; x_wconf 83' lang='lat' dir='ltr'>de</span> <span class='ocrx_word' id='word_1_239' title='bbox 782 2507 1007 2556; x_wconf 83' lang='lat' dir='ltr'>omnibus</span> <span class='ocrx_word' id='word_1_240' title='bbox 1046 2507 1144 2567; x_wconf 69' lang='lat' dir='ltr'>bie,</span> <span class='ocrx_word' id='word_1_241' title='bbox 1196 2512 1243 2554; x_wconf 87' lang='lat' dir='ltr'>et</span> <span class='ocrx_word' id='word_1_242' title='bbox 1282 2508 1415 2554; x_wconf 74' lang='lat' dir='ltr'>discit</span> <span class='ocrx_word' id='word_1_243' title='bbox 1451 2505 1576 2552; x_wconf 77' lang='lat' dir='ltr'>mibi</span> <span class='ocrx_word' id='word_1_244' title='bbox 1612 2506 1795 2553; x_wconf 80' lang='lat' dir='ltr'>verita-</span> 
     </span>
    </p>
   </div>
   <div class='ocr_carea' id='block_1_6' title="bbox 235 2631 1249 2689">
    <p class='ocr_par' dir='ltr' id='par_1_6' title="bbox 235 2631 1249 2689">
     <span class='ocr_line' id='line_1_31' title="bbox 235 2631 1249 2689; baseline 0 -15"><span class='ocrx_word' id='word_1_245' title='bbox 235 2633 277 2687; x_wconf 87' lang='lat'>1)</span> <span class='ocrx_word' id='word_1_246' title='bbox 313 2636 349 2675; x_wconf 92' lang='lat'>1.</span> <span class='ocrx_word' id='word_1_247' title='bbox 383 2632 445 2676; x_wconf 91' lang='lat'>10.</span> <span class='ocrx_word' id='word_1_248' title='bbox 481 2637 521 2687; x_wconf 89' lang='lat'>3,</span> <span class='ocrx_word' id='word_1_249' title='bbox 556 2637 594 2678; x_wconf 83' lang='lat'>9.</span> <span class='ocrx_word' id='word_1_250' title='bbox 659 2635 702 2689; x_wconf 87' lang='lat'>3)</span> <span class='ocrx_word' id='word_1_251' title='bbox 735 2631 855 2677; x_wconf 79' lang='lat' dir='ltr'>Esai.</span> <span class='ocrx_word' id='word_1_252' title='bbox 892 2637 962 2688; x_wconf 83' lang='lat'>56,</span> <span class='ocrx_word' id='word_1_253' title='bbox 995 2637 1041 2685; x_wconf 76' lang='lat'>53</span> <span class='ocrx_word' id='word_1_254' title='bbox 1076 2637 1147 2687; x_wconf 83' lang='lat'>66,</span> <span class='ocrx_word' id='word_1_255' title='bbox 1180 2636 1249 2674; x_wconf 80' lang='lat'>23.</span> 
     </span>
    </p>
   </div>
   <div class='ocr_carea' id='block_1_7' title="bbox 114 2813 1795 2936">
    <p class='ocr_par' dir='ltr' id='par_1_7' title="bbox 114 2813 1795 2936">
     <span class='ocr_line' id='line_1_32' title="bbox 233 2813 1795 2878; baseline 0 -15"><span class='ocrx_word' id='word_1_256' title='bbox 233 2825 258 2863; x_wconf 77' lang='lat'><strong>2</strong></span> <span class='ocrx_word' id='word_1_257' title='bbox 292 2813 382 2864; x_wconf 75' lang='lat' dir='ltr'>erit</span> <span class='ocrx_word' id='word_1_258' title='bbox 411 2820 532 2874; x_wconf 80' lang='lat' dir='ltr'><em>RA‚·</em></span> <span class='ocrx_word' id='word_1_259' title='bbox 570 2822 630 2864; x_wconf 71' lang='lat' dir='ltr'>Et</span> <span class='ocrx_word' id='word_1_260' title='bbox 661 2821 749 2866; x_wconf 75' lang='lat' dir='ltr'>erit,</span> <span class='ocrx_word' id='word_1_261' title='bbox 779 2835 804 2865; x_wconf 87' lang='lat' dir='ltr'><em>v</em></span> <span class='ocrx_word' id='word_1_262' title='bbox 851 2824 866 2878; x_wconf 76' lang='grc' dir='ltr'>ΙῙ</span> <span class='ocrx_word' id='word_1_263' title='bbox 912 2821 977 2865; x_wconf 87' lang='lat' dir='ltr'>eis</span> <span class='ocrx_word' id='word_1_264' title='bbox 1017 2823 1064 2865; x_wconf 73' lang='lat' dir='ltr'>et</span> <span class='ocrx_word' id='word_1_265' title='bbox 1092 2820 1265 2865; x_wconf 81' lang='lat' dir='ltr'>mensis</span> <span class='ocrx_word' id='word_1_266' title='bbox 1297 2819 1411 2865; x_wconf 83' lang='lat' dir='ltr'>R¹A</span> <span class='ocrx_word' id='word_1_267' title='bbox 1458 2822 1472 2876; x_wconf 76' lang='grc' dir='ltr'>Η</span> <span class='ocrx_word' id='word_1_268' title='bbox 1520 2825 1573 2864; x_wconf 88' lang='grc'><strong>19</strong></span> <span class='ocrx_word' id='word_1_269' title='bbox 1607 2818 1795 2864; x_wconf 86' lang='lat' dir='ltr'>danihel</span> 
     </span>
     <span class='ocr_line' id='line_1_33' title="bbox 114 2877 753 2936; baseline 0.003 -14"><span class='ocrx_word' id='word_1_270' title='bbox 114 2877 323 2934; x_wconf 77' lang='lat' dir='ltr'><strong>RA1120</strong></span> <span class='ocrx_word' id='word_1_271' title='bbox 354 2879 480 2935; x_wconf 85' lang='lat' dir='ltr'>prius</span> <span class='ocrx_word' id='word_1_272' title='bbox 514 2893 696 2936; x_wconf 88' lang='lat' dir='ltr'>quoque</span> <span class='ocrx_word' id='word_1_273' title='bbox 728 2894 753 2924; x_wconf 83' lang='lat' dir='ltr'><em>v</em></span> 
     </span>
    </p>
   </div>
  </div>
 </body>
</html>
