2054 3152
122 932 177 971 10

124 1299 176 1338 15

211 133 315 187 136
896 142 929 176 s,
953 143 1226 178 Ancusrnu

210 260 310 307 sive
352 273 526 307 sonum
567 259 668 306 sive
709 255 925 321 qualibet
963 257 1031 322 vi,
1071 255 1287 321 qualibet
1323 263 1478 323 parte,
1519 256 1735 322 qualibet
1772 273 1890 322 qua-

210 332 344 381 litate
397 338 642 380 naturam:
692 345 753 379 ex
802 329 884 379 illo
932 345 1031 379 uno
1081 330 1386 395 protoplasto
1428 333 1667 396 originem
1707 330 1891 381 ducere

211 405 375 454 nullus
408 404 626 453 fidelium
659 403 969 453 dubitaverit.
1054 404 1269 469 Apparet
1300 411 1463 454 tamen
1497 405 1612 470 quid
1649 407 1699 454 in
1738 405 1890 470 pluri-

211 478 302 528 bus
342 485 516 527 natura
556 477 828 527 obtinuerit
866 484 915 527 et
955 477 1071 542 quid
1112 480 1175 527 sit
1213 481 1318 543 ipsa
1357 480 1557 528 raritate
1598 478 1836 528 mirabile.

361 551 528 609 Qualis
569 559 731 601 autem
771 553 896 600 ratio
935 551 1160 601 redditur
1200 552 1259 600 de
1300 555 1593 602 monstrosis
1632 553 1761 618 apud
1801 568 1893 601 nos

208 625 462 674 hominum
502 625 764 692 partubUS,
815 625 923 674 talis
963 625 1022 674 de
1070 628 1363 675 monstrosis
1405 625 1697 690 quibusdam
1736 627 1892 690 genti-

209 699 302 749 hus
354 699 493 748 reddi
543 705 720 764 potest.
796 698 929 748 Deus
978 701 1108 747 enim
1159 706 1352 748 creator
1392 707 1467 748 est
1507 701 1753 765 omnium,
1806 701 1891 764 qui

211 772 294 822 ubi
346 779 395 822 et
446 773 639 837 quando
689 774 847 821 creari
899 773 1014 837 quid
1055 779 1280 837 oporteat
1318 773 1393 822 vel
1431 775 1733 840 oportuerit,
1784 775 1891 838 ipse

210 848 357 912 novit,
397 848 558 895 sciens
598 848 932 895 universitatis
971 846 1389 910 pulchritudinem
1429 862 1637 911 quarum
1675 849 1890 911 partium

210 920 284 969 vel
331 920 649 987 similitudine
699 919 773 968 vel
820 920 1101 969 diversitate
1152 926 1393 970 contexat.
1472 919 1567 969 Sed
1610 921 1694 984 qui
1733 927 1893 969 totum

208 995 453 1058 inspicere
494 1009 594 1042 non
632 999 820 1060 potest,
859 999 1106 1058 tamquam
1147 994 1456 1043 deformitate
1495 995 1649 1058 partis
1689 994 1891 1042 offendi-

210 1074 314 1133 tur,
376 1069 607 1132 quoniam
670 1068 751 1116 cui
814 1074 1052 1132 congruat
1113 1074 1163 1117 et
1225 1083 1322 1132 quo
1384 1068 1630 1117 reseratur
1685 1069 1892 1132 ignorat.

208 1140 441 1190 Pluribus
475 1156 620 1205 quam
660 1142 824 1205 quinis
864 1140 1027 1206 digitis
1066 1143 1117 1190 in
1157 1141 1383 1191 manibus
1423 1148 1473 1191 et
1510 1140 1719 1206 pedibus
1758 1143 1894 1190 nasci

208 1215 434 1264 homines
474 1216 723 1280 novimus3
765 1221 813 1264 et
852 1215 972 1264 haec
1011 1215 1165 1264 levior
1206 1222 1281 1264 est
1321 1230 1467 1280 quam
1507 1215 1603 1263 ulla
1643 1215 1896 1282 distantia;

212 1289 299 1338 sed
354 1295 516 1338 tamen
572 1288 719 1354 absit,
773 1294 830 1338 ιιι
885 1291 995 1353 quis
1045 1291 1114 1338 ita
1164 1289 1393 1355 desipiat,
1447 1296 1503 1337 ut
1549 1290 1797 1338 existimet
1843 1291 1895 1338 in

211 1377 419 1412 numero
466 1362 794 1411 humanorum
834 1362 1101 1427 digitorum
1140 1378 1331 1412 errasse
1374 1362 1679 1428 Creatorem,
1728 1377 1896 1427 quam-

159 1452 161 1455 ·
210 1438 282 1485 vis
329 1437 557 1485 nesciens
608 1451 697 1485 cur
748 1435 841 1485 hoc
893 1437 1080 1486 fecerit.
1165 1436 1235 1485 Ita
1287 1438 1381 1486 etsi
1432 1439 1586 1485 maior
1637 1435 1895 1486 diversitas

123 1668 178 1708 20

125 2036 179 2075 25

125 2405 182 2444 30

211 1512 421 1575 oriatur,
462 1511 555 1559 scit
593 1509 673 1558 ille
715 1510 830 1573 quid
872 1512 1054 1576 egerit,
1095 1512 1236 1559 cuius
1275 1525 1425 1575 opera
1464 1512 1592 1559 iuste
1632 1524 1776 1559 nemo
1817 1525 1895 1559 re-

209 1583 485 1648 prehendit.
562 1582 703 1648 Apud
734 1582 1012 1648 Hipponem
1044 1583 1261 1633 Zaritum
1294 1591 1370 1633 est
1401 1584 1545 1632 homo
1579 1585 1720 1648 quasi
1757 1583 1894 1633 luna-

210 1664 285 1706 tas
323 1656 510 1706 habens
549 1656 738 1722 plantas
783 1664 843 1718 <et
894 1659 945 1707 in
995 1659 1067 1706 eis
1118 1657 1261 1707 binos
1317 1657 1653 1720 tantummodo
1701 1657 1897 1724 digitoS,

213 1731 396 1779 similes
437 1737 486 1779 et
530 1745 720 1779 manus,
800 1731 852 1780 Si
883 1732 1041 1796 aliqua
1075 1747 1195 1796 gens
1228 1731 1337 1780 talis
1378 1738 1523 1798 esset,
1562 1730 1632 1779 illi
1671 1733 1897 1781 curiosae

211 1811 358 1869 atque
413 1803 624 1853 mirabili
686 1804 950 1854 adderetur
1012 1805 1260 1855 historiae.
1349 1805 1478 1855 Num
1540 1806 1691 1869 igitur
1744 1806 1895 1855 istum

209 1885 415 1943 propter
462 1878 555 1927 hoc
603 1878 890 1942 negabimus
939 1894 999 1928 ex
1045 1879 1126 1928 illo
1175 1894 1298 1945 uno,
1345 1881 1430 1943 qui
1468 1880 1659 1944 primus
1698 1886 1896 1928 creatus

213 1958 303 2017 est,
342 1967 451 2000 esse
482 1950 842 2017 propagatum?
895 1952 1191 2019 Androgyni,
1233 1967 1356 2016 quos
1389 1954 1535 2001 etiam
1566 1951 1896 2016 Hermaphro-

213 2025 342 2074 ditos
397 2032 713 2092 nuncupant,
768 2027 988 2090 quamvis
1034 2026 1094 2074 ad
1141 2026 1342 2075 modum
1381 2028 1481 2074 rari
1519 2027 1643 2090 sint,
1697 2025 1896 2074 difficile

212 2106 289 2147 est
337 2106 501 2148 tamen
551 2106 607 2147 ut
657 2099 964 2163 temporibus
1018 2099 1207 2165 desint,
1253 2101 1303 2147 in
1353 2098 1532 2163 quibus
1573 2100 1642 2147 sic
1682 2105 1894 2163 uterque

213 2187 360 2221 sexus
392 2179 608 2237 apparet,
647 2179 717 2238 ut,
756 2188 815 2221 ex
849 2187 946 2236 quo
979 2174 1144 2237 potius
1185 2171 1396 2221 debeant
1435 2175 1659 2237 accipere
1700 2187 1897 2238 nomen,

211 2248 458 2294 incertum
497 2247 580 2311 sit3
631 2261 658 2294 a
696 2246 898 2294 meliore
949 2253 1135 2306 tamen,
1183 2246 1276 2295 hoc
1315 2253 1391 2295 est
1431 2261 1457 2294 a
1495 2245 1793 2311 masculino,
1840 2254 1899 2295 ut

214 2318 594 2385 appellarentur,
632 2319 865 2383 loquendi
897 2319 1203 2369 consuetudo
1235 2319 1518 2384 praevaluit.
1595 2319 1719 2368 Nam
1748 2334 1898 2367 nemo

215 2407 448 2457 umquam
504 2392 909 2458 Androgynaecas
960 2400 1043 2441 aut
1093 2393 1529 2458 Hermaphroditas
1579 2394 1894 2457 nuncupavit.

212 2468 335 2515 Ante
391 2481 544 2515 annos
599 2466 803 2530 aliquot,
859 2474 1027 2515 nostra
1083 2473 1216 2516 certe
1273 2469 1530 2532 memoria,
1584 2468 1635 2515 in
1690 2465 1894 2515 Oriente

213 2539 392 2605 duplex
431 2540 577 2588 homo
617 2547 760 2589 natus
801 2547 876 2589 est
908 2540 1248 2604 superioribus
1288 2540 1538 2606 membriS,
1576 2538 1894 2588 inferioribus

214 2613 435 2678 simplex.
513 2613 636 2662 Nam
683 2613 779 2663 duo
827 2620 967 2662 erant
1015 2615 1198 2680 capita,
1249 2615 1345 2664 duo
1384 2620 1609 2679 pectora,
1662 2618 1897 2678 quattuor

333 2759 358 2799 2
391 2757 606 2799 naturam
646 2754 805 2808 VRF,·
841 2757 1008 2798 natura
1038 2756 1108 2809 A‚·
1146 2758 1340 2800 naturae
1371 2770 1396 2800 v
1420 2757 1435 2812 ΙΙ
1459 2760 1484 2799 6
1515 2755 1726 2811 partibus
1757 2754 1848 2798 ΒΑ
1885 2755 1887 2786 ἓ

215 2819 271 2857 14
300 2814 398 2858 ulla
428 2827 539 2867 mss;
568 2814 652 2858 illa
681 2828 708 2858 υ
731 2815 747 2870 Ι]
773 2818 826 2857 19
858 2813 1064 2858 Zaritum
1112 2814 1197 2858 VR
1227 2819 1354 2870 (108,
1385 2819 1469 2868 30‚·
1500 2813 1727 2868 Roemch,
1759 2813 1870 2857 Ital.

204 2887 255 2929 p.
289 2877 423 2929 457ss
455 2872 675 2917 diaritum
706 2875 776 2926 A;
808 2872 1106 2928 Diarrhytum
1137 2886 1164 2917 v
