<?xml version="1.0" encoding="UTF-8"?>
<!DOCTYPE html PUBLIC "-//W3C//DTD XHTML 1.0 Transitional//EN"
    "http://www.w3.org/TR/xhtml1/DTD/xhtml1-transitional.dtd">
<html xmlns="http://www.w3.org/1999/xhtml" xml:lang="en" lang="en">
 <head>
  <title>
</title>
<meta http-equiv="Content-Type" content="text/html;charset=utf-8" />
  <meta name='ocr-system' content='tesseract 3.04.00' />
  <meta name='ocr-capabilities' content='ocr_page ocr_carea ocr_par ocr_line ocrx_word'/>
</head>
<body>
  <div class='ocr_page' id='page_1' title='image "./decivitatedeilib02auguuoft_0259.png"; bbox 0 0 2044 3146; ppageno 0'>
   <div class='ocr_carea' id='block_1_1' title="bbox 383 153 1803 206">
    <p class='ocr_par' dir='ltr' id='par_1_1' title="bbox 383 153 1803 206">
     <span class='ocr_line' id='line_1_1' title="bbox 383 153 1803 206; baseline -0.003 -6"><span class='ocrx_word' id='word_1_1' title='bbox 383 168 449 200; x_wconf 78' lang='lat' dir='ltr'>DE</span> <span class='ocrx_word' id='word_1_2' title='bbox 475 165 715 199; x_wconf 69' lang='lat' dir='ltr'>civirATE</span> <span class='ocrx_word' id='word_1_3' title='bbox 739 166 827 197; x_wconf 73' lang='lat' dir='ltr'>Dm</span> <span class='ocrx_word' id='word_1_4' title='bbox 850 165 891 197; x_wconf 79' lang='lat' dir='ltr'>L.</span> <span class='ocrx_word' id='word_1_5' title='bbox 916 165 1040 197; x_wconf 74' lang='lat' dir='ltr'>xvn.</span> <span class='ocrx_word' id='word_1_6' title='bbox 1065 165 1101 197; x_wconf 81' lang='lat' dir='ltr'>c.</span> <span class='ocrx_word' id='word_1_7' title='bbox 1128 167 1179 197; x_wconf 72' lang='lat'>24.</span> <span class='ocrx_word' id='word_1_8' title='bbox 1204 165 1245 197; x_wconf 81' lang='lat' dir='ltr'>L.</span> <span class='ocrx_word' id='word_1_9' title='bbox 1270 165 1412 197; x_wconf 75' lang='lat' dir='ltr'>xvm.</span> <span class='ocrx_word' id='word_1_10' title='bbox 1439 164 1475 198; x_wconf 89' lang='lat' dir='ltr'>c.</span> <span class='ocrx_word' id='word_1_11' title='bbox 1501 167 1532 197; x_wconf 89' lang='lat'>1.</span> <span class='ocrx_word' id='word_1_12' title='bbox 1694 153 1803 206; x_wconf 82' lang='lat'>255</span> 
     </span>
    </p>
   </div>
   <div class='ocr_carea' id='block_1_2' title="bbox 114 277 1804 992">
    <p class='ocr_par' dir='ltr' id='par_1_2' title="bbox 114 277 1804 992">
     <span class='ocr_line' id='line_1_2' title="bbox 118 277 1797 344; baseline -0.002 -15"><span class='ocrx_word' id='word_1_13' title='bbox 118 288 194 329; x_wconf 85' lang='lat' dir='ltr'>est</span> <span class='ocrx_word' id='word_1_14' title='bbox 239 277 539 329; x_wconf 83' lang='lat' dir='ltr'>inmutabilis</span> <span class='ocrx_word' id='word_1_15' title='bbox 585 279 941 343; x_wconf 86' lang='lat' dir='ltr'>praenuntiata.</span> <span class='ocrx_word' id='word_1_16' title='bbox 1020 277 1301 326; x_wconf 81' lang='lat' dir='ltr'>Malachiam</span> <span class='ocrx_word' id='word_1_17' title='bbox 1349 293 1488 344; x_wconf 81' lang='lat' dir='ltr'>vero,</span> <span class='ocrx_word' id='word_1_18' title='bbox 1534 277 1797 344; x_wconf 81' lang='lat' dir='ltr'>Aggaeum‚</span> 
     </span>
     <span class='ocr_line' id='line_1_3' title="bbox 121 350 1802 416; baseline -0.001 -14"><span class='ocrx_word' id='word_1_19' title='bbox 121 353 400 402; x_wconf 79' lang='lat' dir='ltr'>Zachariam</span> <span class='ocrx_word' id='word_1_20' title='bbox 449 359 499 401; x_wconf 87' lang='lat' dir='ltr'>et</span> <span class='ocrx_word' id='word_1_21' title='bbox 544 350 751 400; x_wconf 86' lang='lat' dir='ltr'><strong>Esdram</strong></span> <span class='ocrx_word' id='word_1_22' title='bbox 798 353 944 400; x_wconf 87' lang='lat' dir='ltr'>etiam</span> <span class='ocrx_word' id='word_1_23' title='bbox 984 351 1150 400; x_wconf 86' lang='lat' dir='ltr'>ludaei</span> <span class='ocrx_word' id='word_1_24' title='bbox 1197 351 1398 416; x_wconf 80' lang='lat' dir='ltr'>reprobi</span> <span class='ocrx_word' id='word_1_25' title='bbox 1444 354 1493 400; x_wconf 89' lang='lat' dir='ltr'>in</span> <span class='ocrx_word' id='word_1_26' title='bbox 1540 354 1802 401; x_wconf 88' lang='lat' dir='ltr'>auctorita·</span> 
     </span>
     <span class='ocr_line' id='line_1_4' title="bbox 119 424 1804 490; baseline -0.001 -14"><span class='ocrx_word' id='word_1_27' title='bbox 119 436 218 476; x_wconf 82' lang='lat' dir='ltr'>tem</span> <span class='ocrx_word' id='word_1_28' title='bbox 266 426 476 475; x_wconf 90' lang='lat' dir='ltr'>divinam</span> <span class='ocrx_word' id='word_1_29' title='bbox 523 432 751 490; x_wconf 86' lang='lat' dir='ltr'>receptos</span> <span class='ocrx_word' id='word_1_30' title='bbox 798 427 1090 474; x_wconf 89' lang='lat' dir='ltr'>novissimos</span> <span class='ocrx_word' id='word_1_31' title='bbox 1137 424 1332 474; x_wconf 89' lang='lat' dir='ltr'>habent.</span> <span class='ocrx_word' id='word_1_32' title='bbox 1411 425 1537 475; x_wconf 88' lang='lat' dir='ltr'>Sunt</span> <span class='ocrx_word' id='word_1_33' title='bbox 1583 428 1713 474; x_wconf 87' lang='lat' dir='ltr'>enim</span> <span class='ocrx_word' id='word_1_34' title='bbox 1754 433 1804 474; x_wconf 91' lang='lat' dir='ltr'>et</span> 
     </span>
     <span class='ocr_line' id='line_1_5' title="bbox 124 499 1802 565; baseline -0.001 -16"><span class='ocrx_word' id='word_1_35' title='bbox 124 502 306 565; x_wconf 87' lang='lat' dir='ltr'>scripta</span> <span class='ocrx_word' id='word_1_36' title='bbox 354 514 551 565; x_wconf 86' lang='lat' dir='ltr'>eorum,</span> <span class='ocrx_word' id='word_1_37' title='bbox 599 501 728 548; x_wconf 90' lang='lat' dir='ltr'>sicut</span> <span class='ocrx_word' id='word_1_38' title='bbox 775 499 1007 564; x_wconf 82' lang='lat' dir='ltr'>aliorum,</span> <span class='ocrx_word' id='word_1_39' title='bbox 1053 501 1136 563; x_wconf 88' lang='lat' dir='ltr'>qui</span> <span class='ocrx_word' id='word_1_40' title='bbox 1183 501 1234 547; x_wconf 92' lang='lat' dir='ltr'>in</span> <span class='ocrx_word' id='word_1_41' title='bbox 1274 514 1447 563; x_wconf 86' lang='lat' dir='ltr'>magna</span> <span class='ocrx_word' id='word_1_42' title='bbox 1488 499 1802 549; x_wconf 89' lang='lat' dir='ltr'>multitudine</span> 
     </span>
     <span class='ocr_line' id='line_1_6' title="bbox 119 573 1804 639; baseline -0.001 -17"><span class='ocrx_word' id='word_1_43' title='bbox 119 573 474 639; x_wconf 85' lang='lat' dir='ltr'>prophetarum</span> <span class='ocrx_word' id='word_1_44' title='bbox 519 575 756 638; x_wconf 82' lang='lat' dir='ltr'>perpauci</span> <span class='ocrx_word' id='word_1_45' title='bbox 804 588 859 621; x_wconf 86' lang='lat' dir='ltr'>ea</span> <span class='ocrx_word' id='word_1_46' title='bbox 907 575 1236 639; x_wconf 80' lang='lat' dir='ltr'>scripserunt,</span> <span class='ocrx_word' id='word_1_47' title='bbox 1288 588 1412 637; x_wconf 89' lang='lat' dir='ltr'>quae</span> <span class='ocrx_word' id='word_1_48' title='bbox 1460 575 1804 622; x_wconf 88' lang='lat' dir='ltr'>auctoritatem</span> 
     </span>
     <span class='ocr_line' id='line_1_7' title="bbox 124 646 1803 713; baseline -0.001 -17"><span class='ocrx_word' id='word_1_49' title='bbox 124 649 325 696; x_wconf 87' lang='lat' dir='ltr'>canonis</span> <span class='ocrx_word' id='word_1_50' title='bbox 387 646 682 696; x_wconf 83' lang='lat' dir='ltr'>obtinerent.</span> <span class='ocrx_word' id='word_1_51' title='bbox 782 647 851 696; x_wconf 91' lang='lat' dir='ltr'>De</span> <span class='ocrx_word' id='word_1_52' title='bbox 922 661 1132 710; x_wconf 88' lang='lat' dir='ltr'>quorum</span> <span class='ocrx_word' id='word_1_53' title='bbox 1194 647 1488 713; x_wconf 83' lang='lat' dir='ltr'>praedictiS‚</span> <span class='ocrx_word' id='word_1_54' title='bbox 1558 662 1682 711; x_wconf 88' lang='lat' dir='ltr'>quae</span> <span class='ocrx_word' id='word_1_55' title='bbox 1745 647 1803 695; x_wconf 89' lang='lat' dir='ltr'>ad</span> 
     </span>
     <span class='ocr_line' id='line_1_8' title="bbox 122 720 1804 788; baseline 0 -19"><span class='ocrx_word' id='word_1_56' title='bbox 122 720 375 770; x_wconf 85' lang='lat' dir='ltr'>Christum</span> <span class='ocrx_word' id='word_1_57' title='bbox 422 721 779 786; x_wconf 82' lang='lat' dir='ltr'>ecclesiamque</span> <span class='ocrx_word' id='word_1_58' title='bbox 827 723 934 769; x_wconf 88' lang='lat' dir='ltr'>eius</span> <span class='ocrx_word' id='word_1_59' title='bbox 980 723 1253 788; x_wconf 80' lang='lat' dir='ltr'>pertinent,</span> <span class='ocrx_word' id='word_1_60' title='bbox 1307 720 1540 770; x_wconf 88' lang='lat' dir='ltr'>nonnulla</span> <span class='ocrx_word' id='word_1_61' title='bbox 1586 720 1706 770; x_wconf 92' lang='lat' dir='ltr'>mihi</span> <span class='ocrx_word' id='word_1_62' title='bbox 1753 723 1804 769; x_wconf 90' lang='lat' dir='ltr'>in</span> 
     </span>
     <span class='ocr_line' id='line_1_9' title="bbox 114 795 1804 861; baseline 0 -18"><span class='ocrx_word' id='word_1_63' title='bbox 114 795 209 844; x_wconf 91' lang='lat' dir='ltr'>hoc</span> <span class='ocrx_word' id='word_1_64' title='bbox 259 810 408 860; x_wconf 88' lang='lat' dir='ltr'>opere</span> <span class='ocrx_word' id='word_1_65' title='bbox 457 795 596 844; x_wconf 89' lang='lat' dir='ltr'>video</span> <span class='ocrx_word' id='word_1_66' title='bbox 645 811 754 844; x_wconf 88' lang='lat' dir='ltr'>esse</span> <span class='ocrx_word' id='word_1_67' title='bbox 792 795 1040 861; x_wconf 79' lang='lat' dir='ltr'>ponenda3</span> <span class='ocrx_word' id='word_1_68' title='bbox 1089 795 1218 859; x_wconf 90' lang='lat' dir='ltr'>quod</span> <span class='ocrx_word' id='word_1_69' title='bbox 1259 795 1563 844; x_wconf 86' lang='lat' dir='ltr'>commodius</span> <span class='ocrx_word' id='word_1_70' title='bbox 1602 795 1685 843; x_wconf 85' lang='lat' dir='ltr'>fiet</span> <span class='ocrx_word' id='word_1_71' title='bbox 1724 795 1804 843; x_wconf 92' lang='lat' dir='ltr'>ad·</span> 
     </span>
     <span class='ocr_line' id='line_1_10' title="bbox 118 868 1803 935; baseline -0.001 -17"><span class='ocrx_word' id='word_1_72' title='bbox 118 871 314 918; x_wconf 87' lang='lat' dir='ltr'>iuvante</span> <span class='ocrx_word' id='word_1_73' title='bbox 370 868 576 918; x_wconf 90' lang='lat' dir='ltr'>Domino</span> <span class='ocrx_word' id='word_1_74' title='bbox 632 871 859 934; x_wconf 82' lang='lat' dir='ltr'>sequenti</span> <span class='ocrx_word' id='word_1_75' title='bbox 913 868 1062 935; x_wconf 84' lang='lat' dir='ltr'>libro,</span> <span class='ocrx_word' id='word_1_76' title='bbox 1116 884 1178 918; x_wconf 91' lang='lat' dir='ltr'>ne</span> <span class='ocrx_word' id='word_1_77' title='bbox 1227 869 1359 918; x_wconf 87' lang='lat' dir='ltr'>hunc</span> <span class='ocrx_word' id='word_1_78' title='bbox 1414 877 1512 918; x_wconf 85' lang='lat' dir='ltr'>tam</span> <span class='ocrx_word' id='word_1_79' title='bbox 1558 868 1803 933; x_wconf 85' lang='lat' dir='ltr'>prolixum</span> 
     </span>
     <span class='ocr_line' id='line_1_11' title="bbox 116 942 644 992; baseline 0.002 -1"><span class='ocrx_word' id='word_1_80' title='bbox 116 942 327 992; x_wconf 88' lang='lat' dir='ltr'>ulterius</span> <span class='ocrx_word' id='word_1_81' title='bbox 367 958 644 992; x_wconf 69' lang='lat' dir='ltr'>oneremus</span> 
     </span>
    </p>
   </div>
   <div class='ocr_carea' id='block_1_3' title="bbox 646 1263 1268 1318">
    <p class='ocr_par' dir='ltr' id='par_1_3' title="bbox 646 1263 1268 1318">
     <span class='ocr_line' id='line_1_12' title="bbox 646 1263 1268 1318; baseline 0.002 -2"><span class='ocrx_word' id='word_1_82' title='bbox 646 1263 956 1317; x_wconf 84' lang='lat' dir='ltr'>LIBER</span> <span class='ocrx_word' id='word_1_83' title='bbox 1005 1263 1268 1318; x_wconf 88' lang='lat' dir='ltr'><strong>XVIII.</strong></span> 
     </span>
    </p>
   </div>
   <div class='ocr_carea' id='block_1_4' title="bbox 819 1485 1093 1539">
    <p class='ocr_par' dir='ltr' id='par_1_4' title="bbox 819 1485 1093 1539">
     <span class='ocr_line' id='line_1_13' title="bbox 819 1485 1093 1539; baseline -0.004 0"><span class='ocrx_word' id='word_1_84' title='bbox 819 1485 1011 1539; x_wconf 83' lang='lat' dir='ltr'>CAPUT</span> <span class='ocrx_word' id='word_1_85' title='bbox 1052 1486 1093 1539; x_wconf 89' lang='grc' dir='ltr'>Ι.</span> 
     </span>
    </p>
   </div>
   <div class='ocr_carea' id='block_1_5' title="bbox 173 1594 1738 1730">
    <p class='ocr_par' dir='ltr' id='par_1_5' title="bbox 173 1594 1738 1730">
     <span class='ocr_line' id='line_1_14' title="bbox 173 1594 1738 1656; baseline 0 -14"><span class='ocrx_word' id='word_1_86' title='bbox 173 1594 248 1642; x_wconf 83' lang='lat' dir='ltr'>De</span> <span class='ocrx_word' id='word_1_87' title='bbox 286 1595 377 1653; x_wconf 66' lang='lat' dir='ltr'>his,</span> <span class='ocrx_word' id='word_1_88' title='bbox 418 1608 549 1654; x_wconf 79' lang='lat' dir='ltr'>quae</span> <span class='ocrx_word' id='word_1_89' title='bbox 586 1608 745 1655; x_wconf 80' lang='lat' dir='ltr'>usque</span> <span class='ocrx_word' id='word_1_90' title='bbox 785 1595 856 1642; x_wconf 84' lang='lat' dir='ltr'>ad</span> <span class='ocrx_word' id='word_1_91' title='bbox 892 1600 1118 1656; x_wconf 78' lang='lat' dir='ltr'>tempora</span> <span class='ocrx_word' id='word_1_92' title='bbox 1159 1594 1440 1643; x_wconf 75' lang='lat' dir='ltr'>Salvatorz&#39;s</span> <span class='ocrx_word' id='word_1_93' title='bbox 1480 1595 1651 1643; x_wconf 81' lang='lat' dir='ltr'>decem</span> <span class='ocrx_word' id='word_1_94' title='bbox 1690 1600 1738 1643; x_wconf 83' lang='lat' dir='ltr'>et</span> 
     </span>
     <span class='ocr_line' id='line_1_15' title="bbox 445 1669 1467 1730; baseline 0 -14"><span class='ocrx_word' id='word_1_95' title='bbox 445 1673 629 1730; x_wconf 80' lang='lat' dir='ltr'>septem</span> <span class='ocrx_word' id='word_1_96' title='bbox 668 1669 1002 1717; x_wconf 77' lang='lat' dir='ltr'>voluminibus</span> <span class='ocrx_word' id='word_1_97' title='bbox 1041 1669 1299 1730; x_wconf 80' lang='lat' dir='ltr'>disputata</span> <span class='ocrx_word' id='word_1_98' title='bbox 1338 1674 1467 1716; x_wconf 79' lang='lat' dir='ltr'>sunt.</span> 
     </span>
    </p>
   </div>
   <div class='ocr_carea' id='block_1_6' title="bbox 114 1768 1805 2647">
    <p class='ocr_par' dir='ltr' id='par_1_6' title="bbox 114 1768 1805 2647">
     <span class='ocr_line' id='line_1_16' title="bbox 264 1768 1803 1836; baseline 0.001 -19"><span class='ocrx_word' id='word_1_99' title='bbox 264 1768 331 1817; x_wconf 91' lang='lat' dir='ltr'>De</span> <span class='ocrx_word' id='word_1_100' title='bbox 366 1771 617 1818; x_wconf 83' lang='lat' dir='ltr'>civitatum</span> <span class='ocrx_word' id='word_1_101' title='bbox 657 1770 881 1836; x_wconf 81' lang='lat' dir='ltr'>duarum,</span> <span class='ocrx_word' id='word_1_102' title='bbox 922 1785 1130 1834; x_wconf 85' lang='lat' dir='ltr'>quarum</span> <span class='ocrx_word' id='word_1_103' title='bbox 1165 1769 1252 1818; x_wconf 91' lang='lat' dir='ltr'>Dei</span> <span class='ocrx_word' id='word_1_104' title='bbox 1285 1785 1396 1836; x_wconf 85' lang='lat' dir='ltr'>una,</span> <span class='ocrx_word' id='word_1_105' title='bbox 1438 1770 1621 1819; x_wconf 89' lang='lat' dir='ltr'>saeculi</span> <span class='ocrx_word' id='word_1_106' title='bbox 1654 1770 1803 1819; x_wconf 87' lang='lat' dir='ltr'>huius</span> 
     </span>
     <span class='ocr_line' id='line_1_17' title="bbox 114 1842 1801 1910; baseline 0.001 -19"><span class='ocrx_word' id='word_1_107' title='bbox 114 1849 190 1891; x_wconf 87' lang='lat' dir='ltr'>est</span> <span class='ocrx_word' id='word_1_108' title='bbox 229 1842 403 1910; x_wconf 85' lang='lat' dir='ltr'>altera,</span> <span class='ocrx_word' id='word_1_109' title='bbox 449 1844 499 1891; x_wconf 91' lang='lat' dir='ltr'>in</span> <span class='ocrx_word' id='word_1_110' title='bbox 539 1858 634 1907; x_wconf 90' lang='lat' dir='ltr'>qua</span> <span class='ocrx_word' id='word_1_111' title='bbox 675 1851 773 1910; x_wconf 79' lang='lat' dir='ltr'>est,</span> <span class='ocrx_word' id='word_1_112' title='bbox 824 1851 1061 1908; x_wconf 90' lang='lat' dir='ltr'>quantum</span> <span class='ocrx_word' id='word_1_113' title='bbox 1102 1843 1160 1892; x_wconf 89' lang='lat' dir='ltr'>ad</span> <span class='ocrx_word' id='word_1_114' title='bbox 1201 1843 1457 1892; x_wconf 89' lang='lat' dir='ltr'>hominum</span> <span class='ocrx_word' id='word_1_115' title='bbox 1495 1859 1652 1908; x_wconf 87' lang='lat' dir='ltr'>genus</span> <span class='ocrx_word' id='word_1_116' title='bbox 1691 1859 1801 1908; x_wconf 91' lang='lat' dir='ltr'>per—</span> 
     </span>
     <span class='ocr_line' id='line_1_18' title="bbox 116 1917 1803 1982; baseline 0.001 -17"><span class='ocrx_word' id='word_1_117' title='bbox 116 1918 265 1982; x_wconf 85' lang='lat' dir='ltr'>tinet,</span> <span class='ocrx_word' id='word_1_118' title='bbox 306 1918 452 1965; x_wconf 87' lang='lat' dir='ltr'>etiam</span> <span class='ocrx_word' id='word_1_119' title='bbox 491 1918 583 1966; x_wconf 90' lang='lat' dir='ltr'>ista</span> <span class='ocrx_word' id='word_1_120' title='bbox 622 1919 905 1982; x_wconf 83' lang='lat' dir='ltr'>peregrina,</span> <span class='ocrx_word' id='word_1_121' title='bbox 946 1924 1121 1966; x_wconf 82' lang='lat' dir='ltr'>exortu</span> <span class='ocrx_word' id='word_1_122' title='bbox 1162 1924 1210 1966; x_wconf 89' lang='lat' dir='ltr'>et</span> <span class='ocrx_word' id='word_1_123' title='bbox 1248 1932 1495 1982; x_wconf 88' lang='lat' dir='ltr'>procursu</span> <span class='ocrx_word' id='word_1_124' title='bbox 1536 1924 1585 1966; x_wconf 91' lang='lat' dir='ltr'>et</span> <span class='ocrx_word' id='word_1_125' title='bbox 1624 1917 1803 1966; x_wconf 88' lang='lat' dir='ltr'>debitis</span> 
     </span>
     <span class='ocr_line' id='line_1_19' title="bbox 116 1989 1802 2057; baseline 0.001 -19"><span class='ocrx_word' id='word_1_126' title='bbox 116 1989 296 2038; x_wconf 79' lang='lat' dir='ltr'>finibus</span> <span class='ocrx_word' id='word_1_127' title='bbox 342 2005 420 2039; x_wconf 91' lang='lat' dir='ltr'>me</span> <span class='ocrx_word' id='word_1_128' title='bbox 469 1992 772 2055; x_wconf 87' lang='lat' dir='ltr'>scripturum</span> <span class='ocrx_word' id='word_1_129' title='bbox 821 2006 930 2040; x_wconf 89' lang='lat' dir='ltr'>esse</span> <span class='ocrx_word' id='word_1_130' title='bbox 969 1993 1197 2057; x_wconf 81' lang='lat' dir='ltr'>promisi,</span> <span class='ocrx_word' id='word_1_131' title='bbox 1244 2007 1357 2040; x_wconf 88' lang='lat' dir='ltr'>cum</span> <span class='ocrx_word' id='word_1_132' title='bbox 1397 1993 1536 2056; x_wconf 89' lang='lat' dir='ltr'>prius</span> <span class='ocrx_word' id='word_1_133' title='bbox 1576 1993 1802 2040; x_wconf 89' lang='lat' dir='ltr'>inimicos</span> 
     </span>
     <span class='ocr_line' id='line_1_20' title="bbox 114 2063 1800 2129; baseline 0.001 -18"><span class='ocrx_word' id='word_1_134' title='bbox 114 2065 323 2112; x_wconf 85' lang='lat' dir='ltr'>civitatis</span> <span class='ocrx_word' id='word_1_135' title='bbox 372 2063 481 2127; x_wconf 85' lang='lat' dir='ltr'>Dei,</span> <span class='ocrx_word' id='word_1_136' title='bbox 531 2066 615 2128; x_wconf 88' lang='lat' dir='ltr'>qui</span> <span class='ocrx_word' id='word_1_137' title='bbox 662 2064 907 2114; x_wconf 86' lang='lat' dir='ltr'>conditori</span> <span class='ocrx_word' id='word_1_138' title='bbox 954 2066 1060 2114; x_wconf 85' lang='lat' dir='ltr'>eius</span> <span class='ocrx_word' id='word_1_139' title='bbox 1102 2063 1298 2114; x_wconf 88' lang='lat' dir='ltr'>Christo</span> <span class='ocrx_word' id='word_1_140' title='bbox 1346 2065 1465 2114; x_wconf 87' lang='lat' dir='ltr'>deos</span> <span class='ocrx_word' id='word_1_141' title='bbox 1506 2080 1622 2114; x_wconf 90' lang='lat' dir='ltr'>suos</span> <span class='ocrx_word' id='word_1_142' title='bbox 1662 2080 1800 2129; x_wconf 85' lang='lat' dir='ltr'>prae-</span> 
     </span>
     <span class='ocr_line' id='line_1_21' title="bbox 115 2137 1803 2204; baseline 0.001 -18"><span class='ocrx_word' id='word_1_143' title='bbox 115 2138 283 2186; x_wconf 87' lang='lat' dir='ltr'>ferunt</span> <span class='ocrx_word' id='word_1_144' title='bbox 337 2145 386 2186; x_wconf 91' lang='lat' dir='ltr'>et</span> <span class='ocrx_word' id='word_1_145' title='bbox 448 2137 600 2187; x_wconf 90' lang='lat' dir='ltr'>livore</span> <span class='ocrx_word' id='word_1_146' title='bbox 664 2137 758 2187; x_wconf 88' lang='lat' dir='ltr'>sibi</span> <span class='ocrx_word' id='word_1_147' title='bbox 812 2140 1231 2204; x_wconf 88' lang='lat' dir='ltr'>perniciosissimo</span> <span class='ocrx_word' id='word_1_148' title='bbox 1294 2140 1529 2188; x_wconf 87' lang='lat' dir='ltr'>atrociter</span> <span class='ocrx_word' id='word_1_149' title='bbox 1583 2139 1803 2188; x_wconf 86' lang='lat' dir='ltr'>invident</span> 
     </span>
     <span class='ocr_line' id='line_1_22' title="bbox 116 2210 1802 2279; baseline 0.001 -20"><span class='ocrx_word' id='word_1_150' title='bbox 116 2210 420 2277; x_wconf 85' lang='lat' dir='ltr'>ChristianiS‚</span> <span class='ocrx_word' id='word_1_151' title='bbox 461 2218 698 2276; x_wconf 87' lang='lat' dir='ltr'>quantum</span> <span class='ocrx_word' id='word_1_152' title='bbox 730 2228 808 2261; x_wconf 86' lang='lat' dir='ltr'>me</span> <span class='ocrx_word' id='word_1_153' title='bbox 849 2211 1102 2262; x_wconf 86' lang='lat' dir='ltr'>adiuvaret</span> <span class='ocrx_word' id='word_1_154' title='bbox 1140 2214 1246 2262; x_wconf 89' lang='lat' dir='ltr'>eius</span> <span class='ocrx_word' id='word_1_155' title='bbox 1286 2214 1455 2279; x_wconf 84' lang='lat' dir='ltr'>gratia,</span> <span class='ocrx_word' id='word_1_156' title='bbox 1494 2211 1802 2277; x_wconf 86' lang='lat' dir='ltr'>refellissem,</span> 
     </span>
     <span class='ocr_line' id='line_1_23' title="bbox 116 2284 1800 2351; baseline 0 -17"><span class='ocrx_word' id='word_1_157' title='bbox 116 2284 246 2349; x_wconf 91' lang='lat' dir='ltr'>quod</span> <span class='ocrx_word' id='word_1_158' title='bbox 298 2284 630 2335; x_wconf 89' lang='lat' dir='ltr'>voluminibus</span> <span class='ocrx_word' id='word_1_159' title='bbox 685 2285 856 2336; x_wconf 89' lang='lat' dir='ltr'>decem</span> <span class='ocrx_word' id='word_1_160' title='bbox 910 2285 1161 2351; x_wconf 87' lang='lat' dir='ltr'>prioribus</span> <span class='ocrx_word' id='word_1_161' title='bbox 1217 2287 1325 2335; x_wconf 83' lang='lat' dir='ltr'>feci.</span> <span class='ocrx_word' id='word_1_162' title='bbox 1414 2286 1484 2335; x_wconf 93' lang='lat' dir='ltr'>De</span> <span class='ocrx_word' id='word_1_163' title='bbox 1540 2286 1630 2334; x_wconf 90' lang='lat' dir='ltr'>hac</span> <span class='ocrx_word' id='word_1_164' title='bbox 1684 2301 1800 2335; x_wconf 78' lang='lat' dir='ltr'>vero</span> 
     </span>
     <span class='ocr_line' id='line_1_24' title="bbox 114 2360 1802 2426; baseline 0.001 -19"><span class='ocrx_word' id='word_1_165' title='bbox 114 2373 247 2424; x_wconf 88' lang='lat' dir='ltr'>mea,</span> <span class='ocrx_word' id='word_1_166' title='bbox 302 2374 448 2423; x_wconf 87' lang='lat' dir='ltr'>quam</span> <span class='ocrx_word' id='word_1_167' title='bbox 503 2360 646 2408; x_wconf 91' lang='lat' dir='ltr'>modo</span> <span class='ocrx_word' id='word_1_168' title='bbox 705 2361 1104 2426; x_wconf 83' lang='lat' dir='ltr'>commemoravi,</span> <span class='ocrx_word' id='word_1_169' title='bbox 1155 2362 1413 2425; x_wconf 63' lang='lat' dir='ltr'>tripertita</span> <span class='ocrx_word' id='word_1_170' title='bbox 1474 2361 1802 2425; x_wconf 87' lang='lat' dir='ltr'>promissione</span> 
     </span>
     <span class='ocr_line' id='line_1_25' title="bbox 116 2430 1802 2498; baseline 0.001 -18"><span class='ocrx_word' id='word_1_171' title='bbox 116 2430 361 2482; x_wconf 89' lang='lat' dir='ltr'>decimum</span> <span class='ocrx_word' id='word_1_172' title='bbox 394 2433 718 2497; x_wconf 87' lang='lat' dir='ltr'>sequentibus</span> <span class='ocrx_word' id='word_1_173' title='bbox 750 2440 983 2498; x_wconf 85' lang='lat' dir='ltr'>quattuor</span> <span class='ocrx_word' id='word_1_174' title='bbox 1015 2433 1154 2482; x_wconf 87' lang='lat' dir='ltr'>libris</span> <span class='ocrx_word' id='word_1_175' title='bbox 1187 2433 1443 2483; x_wconf 84' lang='lat' dir='ltr'>ambarum</span> <span class='ocrx_word' id='word_1_176' title='bbox 1474 2440 1549 2482; x_wconf 86' lang='lat' dir='ltr'>est</span> <span class='ocrx_word' id='word_1_177' title='bbox 1580 2433 1802 2497; x_wconf 85' lang='lat' dir='ltr'>digestus</span> 
     </span>
     <span class='ocr_line' id='line_1_26' title="bbox 116 2505 1802 2573; baseline 0 -19"><span class='ocrx_word' id='word_1_178' title='bbox 116 2513 331 2573; x_wconf 82' lang='lat' dir='ltr'>exortus,</span> <span class='ocrx_word' id='word_1_179' title='bbox 371 2505 546 2555; x_wconf 87' lang='lat' dir='ltr'>deinde</span> <span class='ocrx_word' id='word_1_180' title='bbox 587 2522 858 2572; x_wconf 89' lang='lat' dir='ltr'>procursus</span> <span class='ocrx_word' id='word_1_181' title='bbox 898 2506 957 2556; x_wconf 91' lang='lat' dir='ltr'>ab</span> <span class='ocrx_word' id='word_1_182' title='bbox 996 2507 1194 2556; x_wconf 82' lang='lat' dir='ltr'>homine</span> <span class='ocrx_word' id='word_1_183' title='bbox 1234 2509 1394 2573; x_wconf 89' lang='lat' dir='ltr'>primo</span> <span class='ocrx_word' id='word_1_184' title='bbox 1434 2522 1593 2572; x_wconf 86' lang='lat' dir='ltr'>usque</span> <span class='ocrx_word' id='word_1_185' title='bbox 1632 2506 1691 2555; x_wconf 89' lang='lat' dir='ltr'>ad</span> <span class='ocrx_word' id='word_1_186' title='bbox 1731 2505 1802 2554; x_wconf 89' lang='lat' dir='ltr'>di-</span> 
     </span>
     <span class='ocr_line' id='line_1_27' title="bbox 114 2577 1805 2647; baseline 0.001 -20"><span class='ocrx_word' id='word_1_187' title='bbox 114 2577 299 2628; x_wconf 89' lang='lat' dir='ltr'>luvium</span> <span class='ocrx_word' id='word_1_188' title='bbox 346 2579 472 2628; x_wconf 85' lang='lat' dir='ltr'>libro</span> <span class='ocrx_word' id='word_1_189' title='bbox 523 2596 644 2647; x_wconf 85' lang='lat' dir='ltr'>un0,</span> <span class='ocrx_word' id='word_1_190' title='bbox 692 2583 775 2645; x_wconf 89' lang='lat' dir='ltr'>qui</span> <span class='ocrx_word' id='word_1_191' title='bbox 816 2587 892 2629; x_wconf 88' lang='lat' dir='ltr'>est</span> <span class='ocrx_word' id='word_1_192' title='bbox 931 2580 1077 2630; x_wconf 85' lang='lat' dir='ltr'>huius</span> <span class='ocrx_word' id='word_1_193' title='bbox 1118 2583 1283 2646; x_wconf 88' lang='lat' dir='ltr'>operis</span> <span class='ocrx_word' id='word_1_194' title='bbox 1324 2583 1526 2646; x_wconf 89' lang='lat' dir='ltr'>quintus</span> <span class='ocrx_word' id='word_1_195' title='bbox 1566 2579 1805 2645; x_wconf 84' lang='lat' dir='ltr'>decimuS,</span> 
     </span>
    </p>
   </div>
   <div class='ocr_carea' id='block_1_7' title="bbox 110 2779 1805 2955">
    <p class='ocr_par' dir='ltr' id='par_1_7' title="bbox 110 2779 1805 2955">
     <span class='ocr_line' id='line_1_28' title="bbox 235 2779 1805 2838; baseline 0.002 -16"><span class='ocrx_word' id='word_1_196' title='bbox 235 2784 260 2822; x_wconf 88' lang='lat'>3</span> <span class='ocrx_word' id='word_1_197' title='bbox 302 2779 509 2823; x_wconf 74' lang='lat' dir='ltr'>diuinam</span> <span class='ocrx_word' id='word_1_198' title='bbox 548 2780 594 2824; x_wconf 84' lang='lat' dir='ltr'><em>R</em></span> <span class='ocrx_word' id='word_1_199' title='bbox 602 2797 619 2834; x_wconf 90' lang='grc'>,·</span> <span class='ocrx_word' id='word_1_200' title='bbox 660 2781 932 2826; x_wconf 84' lang='lat' dir='ltr'>canonicam</span> <span class='ocrx_word' id='word_1_201' title='bbox 971 2795 997 2825; x_wconf 85' lang='grc' dir='ltr'><strong><em>υ</em></strong></span> <span class='ocrx_word' id='word_1_202' title='bbox 1043 2784 1058 2838; x_wconf 77' lang='grc' dir='ltr'>ΙΙ</span> <span class='ocrx_word' id='word_1_203' title='bbox 1107 2787 1160 2825; x_wconf 93' lang='grc'>10</span> <span class='ocrx_word' id='word_1_204' title='bbox 1195 2785 1303 2837; x_wconf 73' lang='lat' dir='ltr'>post</span> <span class='ocrx_word' id='word_1_205' title='bbox 1342 2794 1585 2825; x_wconf 85' lang='lat' dir='ltr'>oneremus</span> <span class='ocrx_word' id='word_1_206' title='bbox 1618 2779 1669 2823; x_wconf 84' lang='lat' dir='ltr'><em>F</em></span> <span class='ocrx_word' id='word_1_207' title='bbox 1695 2781 1805 2825; x_wconf 78' lang='lat' dir='ltr'>haec</span> 
     </span>
     <span class='ocr_line' id='line_1_29' title="bbox 110 2838 1803 2896; baseline 0.001 -16"><span class='ocrx_word' id='word_1_208' title='bbox 110 2839 321 2893; x_wconf 73' lang='lat' dir='ltr'>praebet.-</span> <span class='ocrx_word' id='word_1_209' title='bbox 353 2838 529 2882; x_wconf 74' lang='lat' dir='ltr'>contuli</span> <span class='ocrx_word' id='word_1_210' title='bbox 559 2852 710 2895; x_wconf 85' lang='lat' dir='ltr'>poena.</span> <span class='ocrx_word' id='word_1_211' title='bbox 740 2840 853 2895; x_wconf 86' lang='lat' dir='ltr'>quid</span> <span class='ocrx_word' id='word_1_212' title='bbox 886 2842 957 2884; x_wconf 75' lang='lat' dir='ltr'>est</span> <span class='ocrx_word' id='word_1_213' title='bbox 986 2840 1217 2896; x_wconf 82' lang='lat' dir='ltr'>prolixum</span> <span class='ocrx_word' id='word_1_214' title='bbox 1251 2839 1445 2883; x_wconf 76' lang='lat' dir='ltr'>ulterius</span> <span class='ocrx_word' id='word_1_215' title='bbox 1477 2839 1589 2895; x_wconf 89' lang='lat' dir='ltr'>quid</span> <span class='ocrx_word' id='word_1_216' title='bbox 1621 2840 1692 2883; x_wconf 75' lang='lat' dir='ltr'>est</span> <span class='ocrx_word' id='word_1_217' title='bbox 1724 2838 1803 2895; x_wconf 89' lang='lat' dir='ltr'>qui</span> 
     </span>
     <span class='ocr_line' id='line_1_30' title="bbox 118 2895 1514 2955; baseline 0.003 -16"><span class='ocrx_word' id='word_1_218' title='bbox 118 2895 363 2941; x_wconf 70' lang='lat' dir='ltr'>benedicat</span> <span class='ocrx_word' id='word_1_219' title='bbox 393 2897 549 2941; x_wconf 75' lang='lat' dir='ltr'>anima</span> <span class='ocrx_word' id='word_1_220' title='bbox 579 2911 684 2942; x_wconf 82' lang='lat' dir='ltr'>mea</span> <span class='ocrx_word' id='word_1_221' title='bbox 712 2897 986 2943; x_wconf 73' lang='lat' dir='ltr'>benedictus</span> <span class='ocrx_word' id='word_1_222' title='bbox 1019 2901 1127 2955; x_wconf 74' lang='lat' dir='ltr'>estu</span> <span class='ocrx_word' id='word_1_223' title='bbox 1154 2903 1206 2944; x_wconf 87' lang='lat'>18</span> <span class='ocrx_word' id='word_1_224' title='bbox 1238 2913 1358 2943; x_wconf 87' lang='lat' dir='ltr'>nunc</span> <span class='ocrx_word' id='word_1_225' title='bbox 1390 2899 1460 2943; x_wconf 73' lang='lat' dir='ltr'>est</span> <span class='ocrx_word' id='word_1_226' title='bbox 1487 2912 1514 2943; x_wconf 86' lang='lat' dir='ltr'><em>v</em></span> 
     </span>
    </p>
   </div>
   <div class='ocr_carea' id='block_1_8' title="bbox 1838 951 1893 991">
    <p class='ocr_par' dir='ltr' id='par_1_8' title="bbox 1838 951 1893 991">
     <span class='ocr_line' id='line_1_31' title="bbox 1838 951 1893 991; baseline 0.018 -1"><span class='ocrx_word' id='word_1_227' title='bbox 1838 951 1893 991; x_wconf 90' lang='grc'>10</span> 
     </span>
    </p>
   </div>
   <div class='ocr_carea' id='block_1_9' title="bbox 1841 1602 1894 1642">
    <p class='ocr_par' dir='ltr' id='par_1_9' title="bbox 1841 1602 1894 1642">
     <span class='ocr_line' id='line_1_32' title="bbox 1841 1602 1894 1642; baseline 0.019 -1"><span class='ocrx_word' id='word_1_228' title='bbox 1841 1602 1894 1642; x_wconf 86' lang='grc'>15</span> 
     </span>
    </p>
   </div>
   <div class='ocr_carea' id='block_1_10' title="bbox 1836 2002 1894 2042">
    <p class='ocr_par' dir='ltr' id='par_1_10' title="bbox 1836 2002 1894 2042">
     <span class='ocr_line' id='line_1_33' title="bbox 1836 2002 1894 2042; baseline 0.034 -2"><span class='ocrx_word' id='word_1_229' title='bbox 1836 2002 1894 2042; x_wconf 83' lang='lat'>20</span> 
     </span>
    </p>
   </div>
   <div class='ocr_carea' id='block_1_11' title="bbox 1836 2370 1893 2410">
    <p class='ocr_par' dir='ltr' id='par_1_11' title="bbox 1836 2370 1893 2410">
     <span class='ocr_line' id='line_1_34' title="bbox 1836 2370 1893 2410; baseline 0.018 -1"><span class='ocrx_word' id='word_1_230' title='bbox 1836 2370 1893 2410; x_wconf 78' lang='lat'>25</span> 
     </span>
    </p>
   </div>
  </div>
 </body>
</html>
