<?xml version="1.0" encoding="UTF-8"?>
<!DOCTYPE html PUBLIC "-//W3C//DTD XHTML 1.0 Transitional//EN"
    "http://www.w3.org/TR/xhtml1/DTD/xhtml1-transitional.dtd">
<html xmlns="http://www.w3.org/1999/xhtml" xml:lang="en" lang="en">
 <head>
  <title>
</title>
<meta http-equiv="Content-Type" content="text/html;charset=utf-8" />
  <meta name='ocr-system' content='tesseract 3.04.00' />
  <meta name='ocr-capabilities' content='ocr_page ocr_carea ocr_par ocr_line ocrx_word'/>
</head>
<body>
  <div class='ocr_page' id='page_1' title='image "./decivitatedeilib02auguuoft_0374.png"; bbox 0 0 2004 3140; ppageno 0'>
   <div class='ocr_carea' id='block_1_1' title="bbox 231 130 1228 185">
    <p class='ocr_par' dir='ltr' id='par_1_1' title="bbox 231 130 1228 185">
     <span class='ocr_line' id='line_1_1' title="bbox 231 130 1228 185; baseline -0.003 -11"><span class='ocrx_word' id='word_1_1' title='bbox 231 130 342 185; x_wconf 84' lang='lat'>370</span> <span class='ocrx_word' id='word_1_2' title='bbox 892 138 927 172; x_wconf 82' lang='lat' dir='ltr'>s,</span> <span class='ocrx_word' id='word_1_3' title='bbox 952 137 1228 173; x_wconf 70' lang='lat' dir='ltr'>Aneus&#39;mu</span> 
     </span>
    </p>
   </div>
   <div class='ocr_carea' id='block_1_2' title="bbox 231 253 1924 395">
    <p class='ocr_par' dir='ltr' id='par_1_2' title="bbox 231 253 1924 395">
     <span class='ocr_line' id='line_1_2' title="bbox 231 253 1924 321; baseline -0.001 -15"><span class='ocrx_word' id='word_1_4' title='bbox 231 254 544 306; x_wconf 79' lang='lat' dir='ltr'>exactoribus</span> <span class='ocrx_word' id='word_1_5' title='bbox 593 254 765 303; x_wconf 92' lang='lat' dir='ltr'>talium</span> <span class='ocrx_word' id='word_1_6' title='bbox 811 260 1162 319; x_wconf 88' lang='lat' dir='ltr'>tantorumque</span> <span class='ocrx_word' id='word_1_7' title='bbox 1209 253 1531 321; x_wconf 82' lang='lat' dir='ltr'><strong>dedecorum,</strong></span> <span class='ocrx_word' id='word_1_8' title='bbox 1581 254 1699 303; x_wconf 88' lang='lat' dir='ltr'>satis</span> <span class='ocrx_word' id='word_1_9' title='bbox 1751 253 1810 303; x_wconf 81' lang='lat' dir='ltr'>ab</span> <span class='ocrx_word' id='word_1_10' title='bbox 1852 256 1924 304; x_wconf 88' lang='lat' dir='ltr'>eis</span> 
     </span>
     <span class='ocr_line' id='line_1_3' title="bbox 231 329 975 395; baseline -0.004 -16"><span class='ocrx_word' id='word_1_11' title='bbox 231 332 316 395; x_wconf 90' lang='lat' dir='ltr'>qui</span> <span class='ocrx_word' id='word_1_12' title='bbox 357 329 581 379; x_wconf 82' lang='lat' dir='ltr'>colantur</span> <span class='ocrx_word' id='word_1_13' title='bbox 621 335 846 393; x_wconf 88' lang='lat' dir='ltr'>apertum</span> <span class='ocrx_word' id='word_1_14' title='bbox 887 334 975 377; x_wconf 89' lang='lat' dir='ltr'>est.</span> 
     </span>
    </p>
   </div>
   <div class='ocr_carea' id='block_1_3' title="bbox 929 500 1218 555">
    <p class='ocr_par' dir='ltr' id='par_1_3' title="bbox 929 500 1218 555">
     <span class='ocr_line' id='line_1_4' title="bbox 929 500 1218 555; baseline -0.003 0"><span class='ocrx_word' id='word_1_15' title='bbox 929 500 1124 555; x_wconf 78' lang='lat' dir='ltr'>CAPUT</span> <span class='ocrx_word' id='word_1_16' title='bbox 1154 500 1218 554; x_wconf 91' lang='lat' dir='ltr'>X.</span> 
     </span>
    </p>
   </div>
   <div class='ocr_carea' id='block_1_4' title="bbox 175 610 1930 746">
    <p class='ocr_par' dir='ltr' id='par_1_4' title="bbox 175 610 1930 746">
     <span class='ocr_line' id='line_1_5' title="bbox 241 610 1930 673; baseline 0 -12"><span class='ocrx_word' id='word_1_17' title='bbox 241 613 363 672; x_wconf 77' lang='lat' dir='ltr'>Quis</span> <span class='ocrx_word' id='word_1_18' title='bbox 390 610 595 672; x_wconf 83' lang='lat' dir='ltr'>fructus</span> <span class='ocrx_word' id='word_1_19' title='bbox 627 611 817 660; x_wconf 76' lang='lat' dir='ltr'>sanctis</span> <span class='ocrx_word' id='word_1_20' title='bbox 858 610 920 659; x_wconf 83' lang='lat' dir='ltr'>de</span> <span class='ocrx_word' id='word_1_21' title='bbox 958 614 1203 671; x_wconf 81' lang='lat' dir='ltr'>superata</span> <span class='ocrx_word' id='word_1_22' title='bbox 1242 610 1392 658; x_wconf 76' lang='lat' dir='ltr'>huius</span> <span class='ocrx_word' id='word_1_23' title='bbox 1430 611 1563 660; x_wconf 77' lang='lat' dir='ltr'>vitae</span> <span class='ocrx_word' id='word_1_24' title='bbox 1603 613 1930 673; x_wconf 74' lang='lat' dir='ltr'><em>temptatione</em></span> 
     </span>
     <span class='ocr_line' id='line_1_6' title="bbox 175 686 1204 746; baseline -0.003 -12"><span class='ocrx_word' id='word_1_25' title='bbox 175 694 200 734; x_wconf 88' lang='lat'>5</span> <span class='ocrx_word' id='word_1_26' title='bbox 943 686 1204 746; x_wconf 78' lang='lat' dir='ltr'>pariatur.</span> 
     </span>
    </p>
   </div>
   <div class='ocr_carea' id='block_1_5' title="bbox 146 785 2001 2770">
    <p class='ocr_par' dir='ltr' id='par_1_5' title="bbox 232 785 1926 1077">
     <span class='ocr_line' id='line_1_7' title="bbox 383 785 1926 853; baseline -0.001 -15"><span class='ocrx_word' id='word_1_27' title='bbox 383 788 478 838; x_wconf 87' lang='lat' dir='ltr'>Sed</span> <span class='ocrx_word' id='word_1_28' title='bbox 512 802 673 853; x_wconf 88' lang='lat' dir='ltr'>neque</span> <span class='ocrx_word' id='word_1_29' title='bbox 708 788 866 836; x_wconf 84' lang='lat' dir='ltr'>sancti</span> <span class='ocrx_word' id='word_1_30' title='bbox 905 793 955 835; x_wconf 86' lang='lat' dir='ltr'>et</span> <span class='ocrx_word' id='word_1_31' title='bbox 985 785 1154 835; x_wconf 85' lang='lat' dir='ltr'>fideles</span> <span class='ocrx_word' id='word_1_32' title='bbox 1193 787 1340 835; x_wconf 90' lang='lat' dir='ltr'>unius</span> <span class='ocrx_word' id='word_1_33' title='bbox 1379 787 1483 835; x_wconf 88' lang='lat' dir='ltr'>veri</span> <span class='ocrx_word' id='word_1_34' title='bbox 1515 785 1603 836; x_wconf 90' lang='lat' dir='ltr'>Dei</span> <span class='ocrx_word' id='word_1_35' title='bbox 1643 789 1926 852; x_wconf 80' lang='lat' dir='ltr'><strong>summique</strong></span> 
     </span>
     <span class='ocr_line' id='line_1_8' title="bbox 233 859 1922 926; baseline -0.001 -13"><span class='ocrx_word' id='word_1_36' title='bbox 233 863 456 923; x_wconf 77' lang='lat' dir='ltr'>cultores</span> <span class='ocrx_word' id='word_1_37' title='bbox 491 862 549 912; x_wconf 92' lang='lat' dir='ltr'>ab</span> <span class='ocrx_word' id='word_1_38' title='bbox 600 876 773 911; x_wconf 90' lang='lat' dir='ltr'>eorum</span> <span class='ocrx_word' id='word_1_39' title='bbox 821 859 1023 910; x_wconf 82' lang='lat' dir='ltr'>fallaciis</span> <span class='ocrx_word' id='word_1_40' title='bbox 1064 868 1114 909; x_wconf 91' lang='lat' dir='ltr'>et</span> <span class='ocrx_word' id='word_1_41' title='bbox 1152 859 1443 909; x_wconf 86' lang='lat' dir='ltr'>multiformi</span> <span class='ocrx_word' id='word_1_42' title='bbox 1483 863 1804 926; x_wconf 82' lang='lat' dir='ltr'>temptatione</span> <span class='ocrx_word' id='word_1_43' title='bbox 1846 877 1922 911; x_wconf 88' lang='lat' dir='ltr'>se-</span> 
     </span>
     <span class='ocr_line' id='line_1_9' title="bbox 233 934 1923 988; baseline -0.001 -1"><span class='ocrx_word' id='word_1_44' title='bbox 233 939 340 988; x_wconf 90' lang='lat' dir='ltr'>curi</span> <span class='ocrx_word' id='word_1_45' title='bbox 382 943 510 986; x_wconf 89' lang='lat' dir='ltr'>sunt.</span> <span class='ocrx_word' id='word_1_46' title='bbox 590 935 644 984; x_wconf 89' lang='lat' dir='ltr'>In</span> <span class='ocrx_word' id='word_1_47' title='bbox 695 935 790 984; x_wconf 88' lang='lat' dir='ltr'>hoc</span> <span class='ocrx_word' id='word_1_48' title='bbox 830 936 962 983; x_wconf 85' lang='lat' dir='ltr'>enim</span> <span class='ocrx_word' id='word_1_49' title='bbox 1001 934 1109 982; x_wconf 91' lang='lat' dir='ltr'>loco</span> <span class='ocrx_word' id='word_1_50' title='bbox 1148 934 1446 983; x_wconf 88' lang='lat' dir='ltr'>infirmitatis</span> <span class='ocrx_word' id='word_1_51' title='bbox 1487 941 1537 983; x_wconf 88' lang='lat' dir='ltr'>et</span> <span class='ocrx_word' id='word_1_52' title='bbox 1576 934 1750 984; x_wconf 87' lang='lat' dir='ltr'>diebus</span> <span class='ocrx_word' id='word_1_53' title='bbox 1788 936 1923 985; x_wconf 89' lang='lat' dir='ltr'>mali·</span> 
     </span>
     <span class='ocr_line' id='line_1_10' title="bbox 232 1007 1924 1077; baseline -0.001 -17"><span class='ocrx_word' id='word_1_54' title='bbox 232 1013 341 1077; x_wconf 85' lang='lat' dir='ltr'>gnis</span> <span class='ocrx_word' id='word_1_55' title='bbox 381 1012 528 1060; x_wconf 85' lang='lat' dir='ltr'>etiam</span> <span class='ocrx_word' id='word_1_56' title='bbox 567 1011 662 1059; x_wconf 86' lang='lat' dir='ltr'>ista</span> <span class='ocrx_word' id='word_1_57' title='bbox 702 1008 979 1058; x_wconf 88' lang='lat' dir='ltr'>sollicitudo</span> <span class='ocrx_word' id='word_1_58' title='bbox 1018 1023 1118 1057; x_wconf 92' lang='lat' dir='ltr'>non</span> <span class='ocrx_word' id='word_1_59' title='bbox 1158 1015 1234 1056; x_wconf 91' lang='lat' dir='ltr'>est</span> <span class='ocrx_word' id='word_1_60' title='bbox 1272 1007 1485 1075; x_wconf 85' lang='lat' dir='ltr'>inutilis,</span> <span class='ocrx_word' id='word_1_61' title='bbox 1525 1015 1580 1058; x_wconf 89' lang='lat' dir='ltr'>ut</span> <span class='ocrx_word' id='word_1_62' title='bbox 1618 1008 1698 1057; x_wconf 87' lang='lat' dir='ltr'>illa</span> <span class='ocrx_word' id='word_1_63' title='bbox 1739 1012 1924 1059; x_wconf 90' lang='lat' dir='ltr'>securi-</span> 
     </span>
    </p>

    <p class='ocr_par' dir='ltr' id='par_1_6' title="bbox 146 1082 1925 1300">
     <span class='ocr_line' id='line_1_11' title="bbox 146 1082 1925 1151; baseline -0.001 -17"><span class='ocrx_word' id='word_1_64' title='bbox 146 1095 200 1134; x_wconf 88' lang='lat'>10</span> <span class='ocrx_word' id='word_1_65' title='bbox 231 1093 333 1151; x_wconf 90' lang='lat' dir='ltr'>tas,</span> <span class='ocrx_word' id='word_1_66' title='bbox 385 1084 471 1135; x_wconf 90' lang='lat' dir='ltr'>ubi</span> <span class='ocrx_word' id='word_1_67' title='bbox 522 1099 615 1149; x_wconf 85' lang='lat' dir='ltr'>pax</span> <span class='ocrx_word' id='word_1_68' title='bbox 664 1082 947 1148; x_wconf 89' lang='lat' dir='ltr'>plenissima</span> <span class='ocrx_word' id='word_1_69' title='bbox 999 1089 1145 1146; x_wconf 90' lang='lat' dir='ltr'>atque</span> <span class='ocrx_word' id='word_1_70' title='bbox 1194 1083 1468 1131; x_wconf 86' lang='lat' dir='ltr'>certissima</span> <span class='ocrx_word' id='word_1_71' title='bbox 1521 1089 1622 1147; x_wconf 88' lang='lat' dir='ltr'>est,</span> <span class='ocrx_word' id='word_1_72' title='bbox 1678 1083 1925 1132; x_wconf 86' lang='lat' dir='ltr'>desiderio</span> 
     </span>
     <span class='ocr_line' id='line_1_12' title="bbox 233 1155 1923 1224; baseline -0.001 -16"><span class='ocrx_word' id='word_1_73' title='bbox 233 1160 531 1208; x_wconf 81' lang='lat' dir='ltr'>ferventiore</span> <span class='ocrx_word' id='word_1_74' title='bbox 588 1162 867 1222; x_wconf 79' lang='lat' dir='ltr'>quaeratur.</span> <span class='ocrx_word' id='word_1_75' title='bbox 944 1155 1017 1204; x_wconf 91' lang='lat' dir='ltr'>Ibi</span> <span class='ocrx_word' id='word_1_76' title='bbox 1069 1157 1200 1204; x_wconf 88' lang='lat' dir='ltr'>enim</span> <span class='ocrx_word' id='word_1_77' title='bbox 1251 1162 1400 1205; x_wconf 91' lang='lat' dir='ltr'>erunt</span> <span class='ocrx_word' id='word_1_78' title='bbox 1445 1163 1649 1208; x_wconf 83' lang='lat' dir='ltr'>naturae</span> <span class='ocrx_word' id='word_1_79' title='bbox 1701 1172 1923 1224; x_wconf 89' lang='lat' dir='ltr'>munera,</span> 
     </span>
     <span class='ocr_line' id='line_1_13' title="bbox 230 1228 1925 1300; baseline -0.002 -17"><span class='ocrx_word' id='word_1_80' title='bbox 230 1233 326 1282; x_wconf 92' lang='lat' dir='ltr'>hoc</span> <span class='ocrx_word' id='word_1_81' title='bbox 381 1239 485 1300; x_wconf 87' lang='lat' dir='ltr'>est,</span> <span class='ocrx_word' id='word_1_82' title='bbox 553 1247 678 1296; x_wconf 88' lang='lat' dir='ltr'>quae</span> <span class='ocrx_word' id='word_1_83' title='bbox 733 1237 936 1279; x_wconf 86' lang='lat' dir='ltr'>naturae</span> <span class='ocrx_word' id='word_1_84' title='bbox 992 1236 1190 1278; x_wconf 87' lang='lat' dir='ltr'>nostrae</span> <span class='ocrx_word' id='word_1_85' title='bbox 1246 1228 1305 1278; x_wconf 89' lang='lat' dir='ltr'>ab</span> <span class='ocrx_word' id='word_1_86' title='bbox 1361 1232 1581 1279; x_wconf 92' lang='lat' dir='ltr'>omnium</span> <span class='ocrx_word' id='word_1_87' title='bbox 1635 1237 1925 1281; x_wconf 87' lang='lat' dir='ltr'>naturarum</span> 
     </span>
    </p>

    <p class='ocr_par' dir='ltr' id='par_1_7' title="bbox 189 1302 1925 1447">
     <span class='ocr_line' id='line_1_14' title="bbox 189 1302 1925 1371; baseline -0.002 -14"><span class='ocrx_word' id='word_1_88' title='bbox 189 1319 197 1327; x_wconf 89' lang='lat'><strong>·</strong></span> <span class='ocrx_word' id='word_1_89' title='bbox 233 1315 457 1356; x_wconf 85' lang='lat' dir='ltr'>creatore</span> <span class='ocrx_word' id='word_1_90' title='bbox 497 1305 770 1371; x_wconf 86' lang='lat' dir='ltr'>donantur,</span> <span class='ocrx_word' id='word_1_91' title='bbox 818 1319 917 1353; x_wconf 91' lang='lat' dir='ltr'>non</span> <span class='ocrx_word' id='word_1_92' title='bbox 958 1303 1117 1352; x_wconf 89' lang='lat' dir='ltr'>solum</span> <span class='ocrx_word' id='word_1_93' title='bbox 1157 1302 1307 1370; x_wconf 85' lang='lat' dir='ltr'>bona,</span> <span class='ocrx_word' id='word_1_94' title='bbox 1345 1319 1517 1352; x_wconf 88' lang='lat' dir='ltr'>verum</span> <span class='ocrx_word' id='word_1_95' title='bbox 1559 1305 1706 1353; x_wconf 90' lang='lat' dir='ltr'>etiam</span> <span class='ocrx_word' id='word_1_96' title='bbox 1747 1306 1925 1370; x_wconf 87' lang='lat' dir='ltr'>sempi—</span> 
     </span>
     <span class='ocr_line' id='line_1_15' title="bbox 233 1378 1925 1447; baseline -0.001 -17"><span class='ocrx_word' id='word_1_97' title='bbox 233 1388 398 1447; x_wconf 87' lang='lat' dir='ltr'>terna,</span> <span class='ocrx_word' id='word_1_98' title='bbox 447 1394 546 1428; x_wconf 90' lang='lat' dir='ltr'>non</span> <span class='ocrx_word' id='word_1_99' title='bbox 597 1378 756 1428; x_wconf 91' lang='lat' dir='ltr'>solum</span> <span class='ocrx_word' id='word_1_100' title='bbox 795 1379 846 1426; x_wconf 91' lang='lat' dir='ltr'>in</span> <span class='ocrx_word' id='word_1_101' title='bbox 885 1379 1047 1426; x_wconf 88' lang='lat' dir='ltr'>animo</span> <span class='ocrx_word' id='word_1_102' title='bbox 1060 1417 1074 1444; x_wconf 92' lang='lat'>,</span> <span class='ocrx_word' id='word_1_103' title='bbox 1125 1379 1210 1442; x_wconf 91' lang='lat' dir='ltr'>qui</span> <span class='ocrx_word' id='word_1_104' title='bbox 1250 1384 1449 1426; x_wconf 88' lang='lat' dir='ltr'>sanatur</span> <span class='ocrx_word' id='word_1_105' title='bbox 1488 1393 1578 1443; x_wconf 88' lang='lat' dir='ltr'>per</span> <span class='ocrx_word' id='word_1_106' title='bbox 1618 1379 1925 1445; x_wconf 84' lang='lat' dir='ltr'>sapientiam,</span> 
     </span>
    </p>

    <p class='ocr_par' dir='ltr' id='par_1_8' title="bbox 147 1450 1925 1814">
     <span class='ocr_line' id='line_1_16' title="bbox 147 1450 1925 1519; baseline -0.002 -15"><span class='ocrx_word' id='word_1_107' title='bbox 147 1465 200 1503; x_wconf 85' lang='lat'>15</span> <span class='ocrx_word' id='word_1_108' title='bbox 233 1469 407 1504; x_wconf 87' lang='lat' dir='ltr'>verum</span> <span class='ocrx_word' id='word_1_109' title='bbox 447 1455 594 1503; x_wconf 88' lang='lat' dir='ltr'>etiam</span> <span class='ocrx_word' id='word_1_110' title='bbox 633 1453 683 1501; x_wconf 89' lang='lat' dir='ltr'>in</span> <span class='ocrx_word' id='word_1_111' title='bbox 724 1466 955 1518; x_wconf 87' lang='lat' dir='ltr'>corpore,</span> <span class='ocrx_word' id='word_1_112' title='bbox 1004 1450 1134 1515; x_wconf 91' lang='lat' dir='ltr'>quod</span> <span class='ocrx_word' id='word_1_113' title='bbox 1174 1453 1542 1500; x_wconf 84' lang='lat' dir='ltr'>resurrectione</span> <span class='ocrx_word' id='word_1_114' title='bbox 1583 1451 1925 1519; x_wconf 79' lang='lat' dir='ltr'>renovabitur3</span> 
     </span>
     <span class='ocr_line' id='line_1_17' title="bbox 233 1525 1920 1591; baseline -0.002 -13"><span class='ocrx_word' id='word_1_115' title='bbox 233 1527 303 1578; x_wconf 85' lang='lat' dir='ltr'>ibi</span> <span class='ocrx_word' id='word_1_116' title='bbox 348 1530 579 1589; x_wconf 80' lang='lat' dir='ltr'>vi1·tuteS‚</span> <span class='ocrx_word' id='word_1_117' title='bbox 627 1541 725 1574; x_wconf 88' lang='lat' dir='ltr'>non</span> <span class='ocrx_word' id='word_1_118' title='bbox 774 1532 946 1575; x_wconf 89' lang='lat' dir='ltr'>contra</span> <span class='ocrx_word' id='word_1_119' title='bbox 993 1525 1090 1574; x_wconf 89' lang='lat' dir='ltr'>ulla</span> <span class='ocrx_word' id='word_1_120' title='bbox 1141 1526 1254 1573; x_wconf 88' lang='lat' dir='ltr'>vitia</span> <span class='ocrx_word' id='word_1_121' title='bbox 1302 1525 1377 1573; x_wconf 89' lang='lat' dir='ltr'>vel</span> <span class='ocrx_word' id='word_1_122' title='bbox 1416 1525 1539 1574; x_wconf 88' lang='lat' dir='ltr'>mala</span> <span class='ocrx_word' id='word_1_123' title='bbox 1580 1540 1920 1591; x_wconf 87' lang='lat' dir='ltr'>quaecumque</span> 
     </span>
     <span class='ocr_line' id='line_1_18' title="bbox 235 1598 1924 1667; baseline -0.002 -15"><span class='ocrx_word' id='word_1_124' title='bbox 235 1608 506 1667; x_wconf 82' lang='lat' dir='ltr'>certanteS‚</span> <span class='ocrx_word' id='word_1_125' title='bbox 553 1599 638 1649; x_wconf 86' lang='lat' dir='ltr'>sed</span> <span class='ocrx_word' id='word_1_126' title='bbox 690 1598 927 1649; x_wconf 85' lang='lat' dir='ltr'>habentes</span> <span class='ocrx_word' id='word_1_127' title='bbox 966 1600 1200 1648; x_wconf 89' lang='lat' dir='ltr'>victoriae</span> <span class='ocrx_word' id='word_1_128' title='bbox 1238 1600 1512 1663; x_wconf 88' lang='lat' dir='ltr'>praemium</span> <span class='ocrx_word' id='word_1_129' title='bbox 1553 1605 1803 1648; x_wconf 85' lang='lat' dir='ltr'>aeternam</span> <span class='ocrx_word' id='word_1_130' title='bbox 1841 1615 1924 1664; x_wconf 87' lang='lat' dir='ltr'>pa—</span> 
     </span>
     <span class='ocr_line' id='line_1_19' title="bbox 234 1672 1924 1742; baseline -0.001 -17"><span class='ocrx_word' id='word_1_131' title='bbox 234 1691 365 1742; x_wconf 88' lang='lat' dir='ltr'>cem,</span> <span class='ocrx_word' id='word_1_132' title='bbox 414 1690 559 1739; x_wconf 88' lang='lat' dir='ltr'>quam</span> <span class='ocrx_word' id='word_1_133' title='bbox 606 1673 771 1722; x_wconf 90' lang='lat' dir='ltr'>nullus</span> <span class='ocrx_word' id='word_1_134' title='bbox 819 1673 1129 1722; x_wconf 87' lang='lat' dir='ltr'>adversarius</span> <span class='ocrx_word' id='word_1_135' title='bbox 1175 1674 1431 1736; x_wconf 88' lang='lat' dir='ltr'>inquietet.</span> <span class='ocrx_word' id='word_1_136' title='bbox 1509 1672 1619 1738; x_wconf 90' lang='lat' dir='ltr'>Ipsa</span> <span class='ocrx_word' id='word_1_137' title='bbox 1670 1679 1746 1722; x_wconf 87' lang='lat' dir='ltr'>est</span> <span class='ocrx_word' id='word_1_138' title='bbox 1792 1676 1924 1723; x_wconf 92' lang='lat' dir='ltr'>enim</span> 
     </span>
     <span class='ocr_line' id='line_1_20' title="bbox 235 1747 1924 1814; baseline -0.002 -14"><span class='ocrx_word' id='word_1_139' title='bbox 235 1749 488 1799; x_wconf 84' lang='lat' dir='ltr'>beatitudo</span> <span class='ocrx_word' id='word_1_140' title='bbox 528 1747 707 1814; x_wconf 84' lang='lat' dir='ltr'>finaliS,</span> <span class='ocrx_word' id='word_1_141' title='bbox 753 1748 860 1812; x_wconf 92' lang='lat' dir='ltr'>ipse</span> <span class='ocrx_word' id='word_1_142' title='bbox 899 1747 1219 1812; x_wconf 84' lang='lat' dir='ltr'>perfectionis</span> <span class='ocrx_word' id='word_1_143' title='bbox 1260 1747 1385 1814; x_wconf 84' lang='lat' dir='ltr'>finiS,</span> <span class='ocrx_word' id='word_1_144' title='bbox 1426 1748 1509 1811; x_wconf 90' lang='lat' dir='ltr'>qui</span> <span class='ocrx_word' id='word_1_145' title='bbox 1551 1755 1924 1797; x_wconf 79' lang='lat' dir='ltr'>consumentem</span> 
     </span>
    </p>

    <p class='ocr_par' dir='ltr' id='par_1_9' title="bbox 149 1819 1930 2182">
     <span class='ocr_line' id='line_1_21' title="bbox 149 1819 1930 1888; baseline -0.002 -14"><span class='ocrx_word' id='word_1_146' title='bbox 149 1835 204 1874; x_wconf 75' lang='lat'>20</span> <span class='ocrx_word' id='word_1_147' title='bbox 237 1838 338 1873; x_wconf 92' lang='lat' dir='ltr'>non</span> <span class='ocrx_word' id='word_1_148' title='bbox 398 1822 547 1872; x_wconf 86' lang='lat' dir='ltr'>habet</span> <span class='ocrx_word' id='word_1_149' title='bbox 609 1822 771 1870; x_wconf 87' lang='lat' dir='ltr'>finem.</span> <span class='ocrx_word' id='word_1_150' title='bbox 870 1820 961 1870; x_wconf 91' lang='lat' dir='ltr'>Hic</span> <span class='ocrx_word' id='word_1_151' title='bbox 1023 1828 1186 1870; x_wconf 88' lang='lat' dir='ltr'>autem</span> <span class='ocrx_word' id='word_1_152' title='bbox 1250 1819 1460 1869; x_wconf 90' lang='lat' dir='ltr'>dicimur</span> <span class='ocrx_word' id='word_1_153' title='bbox 1521 1820 1721 1885; x_wconf 91' lang='lat' dir='ltr'>quidem</span> <span class='ocrx_word' id='word_1_154' title='bbox 1780 1820 1930 1888; x_wconf 85' lang='lat' dir='ltr'>beati,</span> 
     </span>
     <span class='ocr_line' id='line_1_22' title="bbox 238 1893 1926 1962; baseline -0.001 -16"><span class='ocrx_word' id='word_1_155' title='bbox 238 1897 433 1962; x_wconf 87' lang='lat' dir='ltr'>quando</span> <span class='ocrx_word' id='word_1_156' title='bbox 480 1910 653 1961; x_wconf 88' lang='lat' dir='ltr'>pacem</span> <span class='ocrx_word' id='word_1_157' title='bbox 692 1895 954 1961; x_wconf 84' lang='lat' dir='ltr'>habemuS,</span> <span class='ocrx_word' id='word_1_158' title='bbox 1002 1894 1449 1959; x_wconf 87' lang='lat' dir='ltr'>quantulacumque</span> <span class='ocrx_word' id='word_1_159' title='bbox 1490 1894 1570 1943; x_wconf 92' lang='lat' dir='ltr'>hic</span> <span class='ocrx_word' id='word_1_160' title='bbox 1611 1893 1780 1943; x_wconf 85' lang='lat' dir='ltr'>haberi</span> <span class='ocrx_word' id='word_1_161' title='bbox 1818 1902 1926 1960; x_wconf 88' lang='lat' dir='ltr'>pot·</span> 
     </span>
     <span class='ocr_line' id='line_1_23' title="bbox 238 1967 1927 2034; baseline -0.001 -14"><span class='ocrx_word' id='word_1_162' title='bbox 238 1978 314 2021; x_wconf 90' lang='lat' dir='ltr'>est</span> <span class='ocrx_word' id='word_1_163' title='bbox 358 1973 410 2019; x_wconf 91' lang='lat' dir='ltr'>in</span> <span class='ocrx_word' id='word_1_164' title='bbox 455 1972 553 2019; x_wconf 88' lang='lat' dir='ltr'>vita</span> <span class='ocrx_word' id='word_1_165' title='bbox 599 1969 748 2034; x_wconf 84' lang='lat' dir='ltr'>bona;</span> <span class='ocrx_word' id='word_1_166' title='bbox 797 1969 883 2018; x_wconf 89' lang='lat' dir='ltr'>sed</span> <span class='ocrx_word' id='word_1_167' title='bbox 933 1968 1054 2018; x_wconf 91' lang='lat' dir='ltr'>haec</span> <span class='ocrx_word' id='word_1_168' title='bbox 1100 1967 1351 2017; x_wconf 85' lang='lat' dir='ltr'>beatitudo</span> <span class='ocrx_word' id='word_1_169' title='bbox 1397 1967 1489 2034; x_wconf 86' lang='lat' dir='ltr'>illi,</span> <span class='ocrx_word' id='word_1_170' title='bbox 1537 1983 1684 2032; x_wconf 85' lang='lat' dir='ltr'>quam</span> <span class='ocrx_word' id='word_1_171' title='bbox 1730 1969 1927 2018; x_wconf 85' lang='lat' dir='ltr'>finalem</span> 
     </span>
     <span class='ocr_line' id='line_1_24' title="bbox 237 2042 1924 2110; baseline -0.001 -16"><span class='ocrx_word' id='word_1_172' title='bbox 237 2045 470 2110; x_wconf 77' lang='lat' dir='ltr'>dicimus,</span> <span class='ocrx_word' id='word_1_173' title='bbox 518 2042 809 2092; x_wconf 89' lang='lat' dir='ltr'>beatitudini</span> <span class='ocrx_word' id='word_1_174' title='bbox 856 2049 1132 2107; x_wconf 88' lang='lat' dir='ltr'>comparata</span> <span class='ocrx_word' id='word_1_175' title='bbox 1181 2057 1387 2107; x_wconf 89' lang='lat' dir='ltr'>prorsus</span> <span class='ocrx_word' id='word_1_176' title='bbox 1429 2043 1623 2091; x_wconf 89' lang='lat' dir='ltr'>miseria</span> <span class='ocrx_word' id='word_1_177' title='bbox 1663 2044 1924 2107; x_wconf 88' lang='lat' dir='ltr'>reperitur.</span> 
     </span>
     <span class='ocr_line' id='line_1_25' title="bbox 237 2115 1926 2182; baseline -0.001 -15"><span class='ocrx_word' id='word_1_178' title='bbox 237 2118 375 2167; x_wconf 89' lang='lat' dir='ltr'>Hanc</span> <span class='ocrx_word' id='word_1_179' title='bbox 408 2132 524 2182; x_wconf 87' lang='lat' dir='ltr'>ergo</span> <span class='ocrx_word' id='word_1_180' title='bbox 550 2131 736 2181; x_wconf 84' lang='lat' dir='ltr'>pacem,</span> <span class='ocrx_word' id='word_1_181' title='bbox 776 2116 932 2181; x_wconf 91' lang='lat' dir='ltr'>qualis</span> <span class='ocrx_word' id='word_1_182' title='bbox 964 2116 1044 2164; x_wconf 93' lang='lat' dir='ltr'>hic</span> <span class='ocrx_word' id='word_1_183' title='bbox 1076 2121 1241 2180; x_wconf 85' lang='lat' dir='ltr'>potest</span> <span class='ocrx_word' id='word_1_184' title='bbox 1275 2130 1399 2181; x_wconf 85' lang='lat' dir='ltr'>esse,</span> <span class='ocrx_word' id='word_1_185' title='bbox 1438 2115 1671 2164; x_wconf 88' lang='lat' dir='ltr'>mortales</span> <span class='ocrx_word' id='word_1_186' title='bbox 1700 2115 1926 2165; x_wconf 83' lang='lat' dir='ltr'>homines</span> 
     </span>
    </p>

    <p class='ocr_par' dir='ltr' id='par_1_10' title="bbox 146 2188 1997 2550">
     <span class='ocr_line' id='line_1_26' title="bbox 146 2188 1923 2254; baseline -0.002 -13"><span class='ocrx_word' id='word_1_187' title='bbox 146 2202 203 2242; x_wconf 82' lang='lat'>25</span> <span class='ocrx_word' id='word_1_188' title='bbox 236 2193 287 2240; x_wconf 91' lang='lat' dir='ltr'>in</span> <span class='ocrx_word' id='word_1_189' title='bbox 337 2190 488 2239; x_wconf 83' lang='lat' dir='ltr'>rebus</span> <span class='ocrx_word' id='word_1_190' title='bbox 534 2188 827 2238; x_wconf 86' lang='lat' dir='ltr'>mortalibus</span> <span class='ocrx_word' id='word_1_191' title='bbox 874 2188 1069 2253; x_wconf 87' lang='lat' dir='ltr'>quando</span> <span class='ocrx_word' id='word_1_192' title='bbox 1117 2188 1378 2254; x_wconf 75' lang='lat' dir='ltr'>habemUS,</span> <span class='ocrx_word' id='word_1_193' title='bbox 1429 2191 1471 2237; x_wconf 90' lang='lat' dir='ltr'>si</span> <span class='ocrx_word' id='word_1_194' title='bbox 1518 2195 1654 2238; x_wconf 87' lang='lat' dir='ltr'>recte</span> <span class='ocrx_word' id='word_1_195' title='bbox 1700 2191 1923 2250; x_wconf 86' lang='lat' dir='ltr'>vivimus,</span> 
     </span>
     <span class='ocr_line' id='line_1_27' title="bbox 235 2261 1993 2327; baseline -0.002 -13"><span class='ocrx_word' id='word_1_196' title='bbox 235 2265 379 2314; x_wconf 88' lang='lat' dir='ltr'>honis</span> <span class='ocrx_word' id='word_1_197' title='bbox 434 2265 540 2313; x_wconf 88' lang='lat' dir='ltr'>eius</span> <span class='ocrx_word' id='word_1_198' title='bbox 594 2269 730 2312; x_wconf 88' lang='lat' dir='ltr'>recte</span> <span class='ocrx_word' id='word_1_199' title='bbox 793 2263 950 2311; x_wconf 83' lang='lat' dir='ltr'>utitur</span> <span class='ocrx_word' id='word_1_200' title='bbox 1003 2263 1182 2327; x_wconf 81' lang='lat' dir='ltr'>virtus3</span> <span class='ocrx_word' id='word_1_201' title='bbox 1241 2261 1435 2326; x_wconf 89' lang='lat' dir='ltr'>quando</span> <span class='ocrx_word' id='word_1_202' title='bbox 1490 2277 1607 2310; x_wconf 86' lang='lat' dir='ltr'>vero</span> <span class='ocrx_word' id='word_1_203' title='bbox 1665 2277 1771 2311; x_wconf 88' lang='lat' dir='ltr'>eam</span> <span class='ocrx_word' id='word_1_204' title='bbox 1825 2278 1924 2311; x_wconf 89' lang='lat' dir='ltr'>non</span> <span class='ocrx_word' id='word_1_205' title='bbox 1988 2285 1993 2289; x_wconf 86' lang='lat'><strong>·</strong></span> 
     </span>
     <span class='ocr_line' id='line_1_28' title="bbox 234 2335 1926 2403; baseline -0.001 -16"><span class='ocrx_word' id='word_1_206' title='bbox 234 2337 499 2403; x_wconf 85' lang='lat' dir='ltr'>hahemuS,</span> <span class='ocrx_word' id='word_1_207' title='bbox 556 2338 704 2385; x_wconf 88' lang='lat' dir='ltr'>etiam</span> <span class='ocrx_word' id='word_1_208' title='bbox 750 2335 917 2402; x_wconf 87' lang='lat' dir='ltr'>malis,</span> <span class='ocrx_word' id='word_1_209' title='bbox 967 2350 1092 2400; x_wconf 88' lang='lat' dir='ltr'>quae</span> <span class='ocrx_word' id='word_1_210' title='bbox 1138 2335 1285 2383; x_wconf 91' lang='lat' dir='ltr'>homo</span> <span class='ocrx_word' id='word_1_211' title='bbox 1332 2337 1543 2401; x_wconf 86' lang='lat' dir='ltr'>patitur,</span> <span class='ocrx_word' id='word_1_212' title='bbox 1592 2335 1718 2384; x_wconf 90' lang='lat' dir='ltr'>bene</span> <span class='ocrx_word' id='word_1_213' title='bbox 1766 2338 1926 2385; x_wconf 88' lang='lat' dir='ltr'>utitur</span> 
     </span>
     <span class='ocr_line' id='line_1_29' title="bbox 237 2408 1926 2476; baseline -0.002 -15"><span class='ocrx_word' id='word_1_214' title='bbox 237 2414 409 2461; x_wconf 87' lang='lat' dir='ltr'>virtus.</span> <span class='ocrx_word' id='word_1_215' title='bbox 488 2410 586 2459; x_wconf 89' lang='lat' dir='ltr'>Sed</span> <span class='ocrx_word' id='word_1_216' title='bbox 619 2417 737 2459; x_wconf 92' lang='lat' dir='ltr'>tunc</span> <span class='ocrx_word' id='word_1_217' title='bbox 777 2416 852 2459; x_wconf 90' lang='lat' dir='ltr'>est</span> <span class='ocrx_word' id='word_1_218' title='bbox 890 2423 1005 2459; x_wconf 87' lang='lat' dir='ltr'>vera</span> <span class='ocrx_word' id='word_1_219' title='bbox 1042 2410 1216 2475; x_wconf 81' lang='lat' dir='ltr'>virtuS‚</span> <span class='ocrx_word' id='word_1_220' title='bbox 1257 2408 1450 2472; x_wconf 88' lang='lat' dir='ltr'>quando</span> <span class='ocrx_word' id='word_1_221' title='bbox 1492 2415 1541 2457; x_wconf 92' lang='lat' dir='ltr'>et</span> <span class='ocrx_word' id='word_1_222' title='bbox 1580 2410 1743 2458; x_wconf 91' lang='lat' dir='ltr'>omnia</span> <span class='ocrx_word' id='word_1_223' title='bbox 1782 2408 1926 2476; x_wconf 91' lang='lat' dir='ltr'>bona,</span> 
     </span>
     <span class='ocr_line' id='line_1_30' title="bbox 240 2481 1997 2550; baseline -0.001 -16"><span class='ocrx_word' id='word_1_224' title='bbox 240 2485 420 2550; x_wconf 88' lang='lat' dir='ltr'>quibus</span> <span class='ocrx_word' id='word_1_225' title='bbox 459 2484 584 2533; x_wconf 89' lang='lat' dir='ltr'>bene</span> <span class='ocrx_word' id='word_1_226' title='bbox 624 2485 797 2549; x_wconf 88' lang='lat' dir='ltr'>utitur,</span> <span class='ocrx_word' id='word_1_227' title='bbox 837 2490 885 2532; x_wconf 89' lang='lat' dir='ltr'>et</span> <span class='ocrx_word' id='word_1_228' title='bbox 925 2481 1162 2547; x_wconf 86' lang='lat' dir='ltr'>quidquid</span> <span class='ocrx_word' id='word_1_229' title='bbox 1201 2484 1251 2531; x_wconf 91' lang='lat' dir='ltr'>in</span> <span class='ocrx_word' id='word_1_230' title='bbox 1291 2481 1420 2531; x_wconf 91' lang='lat' dir='ltr'>bono</span> <span class='ocrx_word' id='word_1_231' title='bbox 1460 2497 1554 2531; x_wconf 90' lang='lat' dir='ltr'>usu</span> <span class='ocrx_word' id='word_1_232' title='bbox 1593 2481 1837 2532; x_wconf 87' lang='lat' dir='ltr'>honorum</span> <span class='ocrx_word' id='word_1_233' title='bbox 1877 2490 1926 2532; x_wconf 88' lang='lat' dir='ltr'>et</span> <span class='ocrx_word' id='word_1_234' title='bbox 1994 2536 1997 2537; x_wconf 13' lang='lat'><em>⁷</em></span> 
     </span>
    </p>

    <p class='ocr_par' dir='ltr' id='par_1_11' title="bbox 148 2555 2001 2770">
     <span class='ocr_line' id='line_1_31' title="bbox 148 2555 1923 2624; baseline -0.003 -14"><span class='ocrx_word' id='word_1_235' title='bbox 148 2571 205 2610; x_wconf 84' lang='lat'>30</span> <span class='ocrx_word' id='word_1_236' title='bbox 239 2559 479 2608; x_wconf 86' lang='lat' dir='ltr'>malorum</span> <span class='ocrx_word' id='word_1_237' title='bbox 535 2558 675 2624; x_wconf 84' lang='lat' dir='ltr'>facit,</span> <span class='ocrx_word' id='word_1_238' title='bbox 729 2564 779 2606; x_wconf 88' lang='lat' dir='ltr'>et</span> <span class='ocrx_word' id='word_1_239' title='bbox 830 2572 881 2605; x_wconf 87' lang='lat' dir='ltr'>se</span> <span class='ocrx_word' id='word_1_240' title='bbox 932 2558 1087 2621; x_wconf 89' lang='lat' dir='ltr'>ipsam</span> <span class='ocrx_word' id='word_1_241' title='bbox 1139 2555 1197 2604; x_wconf 89' lang='lat' dir='ltr'>ad</span> <span class='ocrx_word' id='word_1_242' title='bbox 1250 2571 1364 2605; x_wconf 92' lang='lat' dir='ltr'>eum</span> <span class='ocrx_word' id='word_1_243' title='bbox 1409 2556 1558 2604; x_wconf 83' lang='lat' dir='ltr'>finem</span> <span class='ocrx_word' id='word_1_244' title='bbox 1604 2556 1786 2624; x_wconf 83' lang='lat' dir='ltr'>refert,</span> <span class='ocrx_word' id='word_1_245' title='bbox 1837 2555 1923 2605; x_wconf 90' lang='lat' dir='ltr'>ubi</span> 
     </span>
     <span class='ocr_line' id='line_1_32' title="bbox 239 2629 2001 2696; baseline -0.002 -15"><span class='ocrx_word' id='word_1_246' title='bbox 239 2632 381 2682; x_wconf 86' lang='lat' dir='ltr'>nobis</span> <span class='ocrx_word' id='word_1_247' title='bbox 428 2631 537 2681; x_wconf 90' lang='lat' dir='ltr'>talis</span> <span class='ocrx_word' id='word_1_248' title='bbox 585 2638 635 2680; x_wconf 91' lang='lat' dir='ltr'>et</span> <span class='ocrx_word' id='word_1_249' title='bbox 680 2638 813 2680; x_wconf 88' lang='lat' dir='ltr'>tanta</span> <span class='ocrx_word' id='word_1_250' title='bbox 859 2645 952 2696; x_wconf 85' lang='lat' dir='ltr'>pax</span> <span class='ocrx_word' id='word_1_251' title='bbox 999 2632 1119 2696; x_wconf 79' lang='lat' dir='ltr'>erit,</span> <span class='ocrx_word' id='word_1_252' title='bbox 1168 2642 1262 2694; x_wconf 91' lang='lat' dir='ltr'>qua</span> <span class='ocrx_word' id='word_1_253' title='bbox 1309 2629 1481 2678; x_wconf 88' lang='lat' dir='ltr'>melior</span> <span class='ocrx_word' id='word_1_254' title='bbox 1533 2637 1582 2679; x_wconf 91' lang='lat' dir='ltr'>et</span> <span class='ocrx_word' id='word_1_255' title='bbox 1619 2631 1774 2678; x_wconf 88' lang='lat' dir='ltr'>maior</span> <span class='ocrx_word' id='word_1_256' title='bbox 1814 2644 1928 2678; x_wconf 77' lang='lat' dir='ltr'>esse</span> <span class='ocrx_word' id='word_1_257' title='bbox 1989 2681 2001 2693; x_wconf 63' lang='lat'>‚</span> 
     </span>
     <span class='ocr_line' id='line_1_33' title="bbox 239 2707 546 2770; baseline -0.007 -15"><span class='ocrx_word' id='word_1_258' title='bbox 239 2721 337 2755; x_wconf 92' lang='lat' dir='ltr'>non</span> <span class='ocrx_word' id='word_1_259' title='bbox 376 2707 546 2770; x_wconf 88' lang='lat' dir='ltr'>possit.</span> 
     </span>
    </p>
   </div>
   <div class='ocr_carea' id='block_1_6' title="bbox 360 2875 1194 2933">
    <p class='ocr_par' dir='ltr' id='par_1_12' title="bbox 360 2875 1194 2933">
     <span class='ocr_line' id='line_1_34' title="bbox 360 2875 1194 2933; baseline -0.001 -12"><span class='ocrx_word' id='word_1_260' title='bbox 360 2882 385 2921; x_wconf 82' lang='lat'>5</span> <span class='ocrx_word' id='word_1_261' title='bbox 419 2876 628 2933; x_wconf 79' lang='lat' dir='ltr'>pariatur</span> <span class='ocrx_word' id='word_1_262' title='bbox 663 2875 827 2930; x_wconf 80' lang='lat' dir='ltr'>Parr.,·</span> <span class='ocrx_word' id='word_1_263' title='bbox 857 2877 1046 2933; x_wconf 75' lang='lat' dir='ltr'>paratus</span> <span class='ocrx_word' id='word_1_264' title='bbox 1079 2876 1138 2919; x_wconf 82' lang='lat' dir='ltr'>sit</span> <span class='ocrx_word' id='word_1_265' title='bbox 1168 2889 1194 2920; x_wconf 89' lang='lat' dir='ltr'><strong><em>v</em></strong></span> 
     </span>
    </p>
   </div>
  </div>
 </body>
</html>
