2004 3140
114 925 168 965 10

115 1294 168 1334 15

115 2033 171 2072 25

112 2399 170 2439 30

201 127 309 179 568
875 139 910 173 s,
936 138 1210 173 AUGUSTmI

202 252 442 318 facerent,
488 254 742 315 iratusque
790 250 929 301 illum
974 251 1118 300 domo
1166 251 1411 302 abiecerat
1459 254 1636 318 vixque
1688 269 1889 319 recepe·

203 320 318 393 rat),
358 327 522 390 erupit
553 333 698 389 atque
731 326 819 374 ait:
859 325 1043 374 Iterum
1085 340 1162 374 me
1203 329 1388 375 secturi
1428 324 1583 376 estis?
1631 327 1702 376 Ad
1741 327 1890 394 illius,

203 414 349 464 quem
383 399 611 448 noluistis
644 414 751 447 esse
783 406 1109 465 praesentem,
1150 398 1295 448 verba
1334 408 1573 450 venturus
1613 398 1762 451 sum‘?
1811 401 1886 450 In·

202 473 365 522 ridere
411 472 481 522 illi
528 472 773 522 medicum
820 474 1104 538 imperitum
1153 480 1437 538 metumque
1485 474 1696 524 hominis
1746 474 1887 524 bonis

205 546 366 596 verbis
417 545 927 612 promissionibusque
979 547 1148 596 lenire.
1233 547 1605 598 Praeterierunt
1654 549 1731 598 alii
1784 549 1889 598 dies

200 620 400 686 plurimi
450 620 669 686 nihilque
724 620 1011 685 proficiebat
1064 636 1207 670 omne
1261 621 1392 686 quod
1458 621 1617 671 fiebat.
1708 622 1885 672 Medici

200 703 364 744 tamen
404 697 454 743 in
495 710 582 744 sua
621 694 970 760 pollicitatione
1012 694 1273 762 sistebant,
1312 710 1411 744 non
1453 711 1504 745 se
1544 694 1681 745 illum
1720 698 1883 745 sinum

202 770 358 835 serr0,
406 769 490 818 sed
539 768 909 818 medicamentis
957 784 1064 818 esse
1106 769 1375 819 clausuros
1452 768 1795 819 Adhibuerunt
1836 778 1886 818 et

201 842 348 892 alium
388 842 715 907 grandaevum
755 844 848 891 iam
890 842 1134 893 medicum
1176 844 1390 908 satisque
1430 845 1480 892 in
1520 843 1599 892 illa
1638 851 1742 893 arte
1782 843 1884 892 lau·

204 915 371 966 datum
398 911 581 983 (adhuc
607 918 739 965 enim
770 911 998 984 vivebat),
1037 917 1364 978 Ammonium‚
1406 919 1489 982 qui
1524 916 1630 966 loco
1663 919 1887 982 inspecto

200 989 329 1039 idem
378 991 507 1054 quod
564 990 632 1039 illi
687 1006 745 1039 ex
798 1006 970 1039 eorum
1021 990 1270 1055 diligentia
1321 993 1596 1056 peritiaque
1646 992 1888 1056 promisit.

201 1063 354 1114 Cuius
386 1064 465 1113 ille
500 1065 657 1113 factus
691 1066 983 1114 auctoritate
1017 1079 1224 1116 securus
1257 1065 1526 1114 domestico
1560 1080 1648 1114 suo
1683 1064 1890 1131 medion,

201 1139 285 1202 qui
325 1139 542 1187 futuram
574 1138 884 1203 praedixerat
924 1138 1064 1187 aliam
1105 1141 1390 1205 sectionem,
1431 1140 1586 1188 faceta
1627 1138 1886 1204 hilaritate,

199 1211 333 1261 velut
371 1214 467 1260 iam
508 1212 691 1279 salvuS,
738 1212 920 1261 inlusit.
1000 1212 1127 1270 Quid
1180 1210 1358 1278 plura?
1439 1213 1532 1262 Tot
1571 1212 1676 1261 dies
1715 1220 1885 1277 postea

204 1287 416 1334 inaniter
457 1288 736 1351 consumpti
775 1288 1104 1353 transierunt,
1153 1294 1205 1335 ut
1245 1287 1361 1335 fessi
1401 1294 1545 1351 atque
1587 1287 1781 1335 confusi
1820 1287 1887 1334 fa·

201 1367 426 1408 terentur
474 1375 586 1408 eum
638 1361 733 1408 nisi
784 1361 916 1408 ferro
970 1360 1102 1408 nullo
1153 1360 1296 1408 modo
1343 1375 1488 1425 posse
1537 1361 1711 1408 sanari.
1790 1358 1888 1407 Ex-

198 1435 344 1499 pavit,
378 1433 610 1498 expalluit
634 1435 782 1482 nimio
815 1433 1042 1483 turbatus
1075 1435 1265 1500 timore,
1307 1441 1453 1498 atque
1485 1433 1572 1483 ubi
1604 1448 1656 1482 se
1690 1433 1892 1497 collegit

200 1507 390 1570 farique
424 1509 600 1572 potuit,
639 1506 773 1556 abire
807 1507 915 1555 illos
955 1509 1100 1556 iussit
1138 1514 1187 1556 et
1227 1508 1285 1556 ad
1327 1523 1378 1556 se
1420 1507 1628 1572 amplius
1668 1522 1767 1556 non
1808 1522 1885 1555 ac·

201 1579 407 1646 cedere,
463 1596 554 1629 nec
606 1581 735 1630 aliud
783 1583 1004 1630 occurrit
1050 1581 1248 1646 fatigato
1296 1581 1511 1630 lacrimis
1560 1588 1608 1630 et
1657 1580 1739 1630 illa
1788 1582 1885 1629 iam

201 1655 495 1703 necessitate
559 1656 850 1720 constricte,
913 1657 1008 1703 nisi
1070 1662 1126 1704 ut
1186 1654 1442 1704 adhiberet
1502 1654 1888 1704 Alexandrinum

201 1727 460 1794 quendam,
501 1729 586 1792 qui
627 1735 743 1778 tunc
784 1728 1048 1793 chirurgus
1087 1728 1323 1778 mirabilis
1363 1728 1647 1789 habebatur,
1688 1735 1742 1777 ut
1780 1729 1886 1792 ipse

200 1802 385 1851 faceret
410 1802 540 1866 quod
575 1801 632 1850 ab
665 1801 761 1850 illis
794 1803 901 1851 fieri
932 1802 1129 1851 nolebat
1161 1805 1328 1852 iratus,
1408 1801 1502 1852 Sed
1536 1810 1707 1867 postea
1739 1817 1887 1866 quam

202 1877 333 1924 venit
371 1875 451 1924 ille
491 1875 807 1940 laboremque
841 1876 1052 1925 illorum
1099 1878 1150 1924 in
1190 1876 1503 1926 cicatricibus
1543 1878 1672 1925 sicut
1710 1876 1886 1925 artifex

202 1948 335 2014 vidit,
374 1948 491 1998 boni
522 1951 614 1998 viri
648 1950 847 1999 functus
881 1950 1042 1999 officio
1074 1952 1321 2014 persuasit
1358 1950 1560 2015 homini,
1600 1957 1654 1998 ut
1692 1949 1762 1998 illi
1800 1965 1887 2013 po·

206 2024 320 2087 tius,
360 2025 444 2086 qui
484 2025 534 2071 in
577 2039 633 2071 eo
674 2030 865 2072 tantum
903 2023 1265 2090 laboraverant,
1314 2031 1550 2088 quantum
1590 2025 1694 2088 ipse
1734 2024 1886 2087 inspi-

201 2099 338 2144 ciens
378 2096 671 2162 mirabatur,
711 2112 827 2146 suae
869 2099 1136 2146 curationis
1177 2098 1272 2146 fine
1314 2098 1613 2163 fruerentur,
1653 2096 1887 2160 adicienS,

202 2169 331 2233 quod
381 2185 434 2218 re
485 2185 597 2218 vera
647 2171 743 2218 nisi
791 2177 956 2219 sectus
1005 2179 1137 2220 esset
1183 2171 1344 2219 salvus
1393 2187 1500 2220 esse
1550 2186 1647 2219 non
1694 2178 1888 2235 posset3

201 2242 338 2291 valde
386 2242 651 2291 abhorrere
703 2259 728 2290 a
781 2245 884 2292 suis
924 2243 1170 2309 moribus,
1219 2252 1273 2293 ut
1319 2244 1625 2310 hominibus,
1672 2258 1884 2307 quorum

201 2316 654 2365 artificiosissimam
718 2331 918 2380 operam
982 2317 1274 2366 industriam
1338 2317 1639 2382 diligentiam
1700 2319 1884 2365 mirans

203 2391 253 2438 in
286 2389 598 2439 cicatricibus
632 2391 737 2438 eius
770 2390 971 2456 videret,
1009 2398 1214 2455 propter
1253 2393 1482 2455 exiguum
1525 2391 1654 2455 quod
1694 2405 1885 2439 reman-

201 2466 264 2512 sit
313 2463 521 2528 palmam
572 2466 695 2513 tanti
745 2463 926 2512 laboris
986 2464 1217 2514 auferret.
1301 2464 1498 2514 Redditi
1552 2472 1668 2514 sunt
1721 2465 1884 2512 animo

200 2539 328 2603 eiUS,
376 2544 426 2586 et
462 2537 648 2602 placuit
693 2545 749 2586 ut
797 2537 969 2586 eodem
1009 2537 1337 2587 Alexandrino
1379 2538 1646 2587 adsistente
1685 2539 1780 2603 ipsi
1819 2538 1881 2585 si—

199 2625 318 2659 num
350 2610 487 2659 illum
519 2611 668 2676 ferre,
709 2613 793 2675 qui
832 2612 927 2659 iam
968 2626 1212 2660 consensu
1253 2613 1471 2660 omnium
1511 2611 1652 2667 aliter
1691 2613 1882 2660 insana·

317 2814 342 2852 5
378 2811 425 2853 et
448 2809 530 2853 alii
552 2823 578 2853 v
602 2811 616 2865 ΙΙ
642 2816 665 2854 7
699 2811 1013 2866 persistebant
1035 2825 1059 2855 v
1083 2813 1098 2868 ΙΙ
1123 2817 1176 2855 21
1210 2812 1331 2869 ipse]
1364 2813 1518 2856 maulim
1549 2811 1635 2856 iste
1659 2812 1674 2867 ΙΙ
1699 2816 1753 2855 26
1787 2824 1882 2854 cur.

198 2881 309 2911 suae
342 2882 367 2911 v
391 2869 406 2924 ΙΙ
430 2871 484 2911 28
517 2869 654 2913 ualde
686 2869 756 2923 R;
790 2870 869 2913 sed
901 2870 1038 2914 ualde
1072 2871 1261 2927 Av1129
1295 2871 1527 2936 admirans
1559 2884 1585 2915 v
