2054 3152
230 146 336 199 166
904 156 941 191 S.
966 156 1241 201 AUGUSTINI

859 324 1055 379 CAPUT
1096 325 1292 380 XXVI.

227 435 304 483 De
351 436 701 493 testificatione
747 434 847 483 Dei
890 435 962 482 ad
1005 433 1286 495 Abraham,
1341 449 1443 495 qua
1490 437 1649 484 eidem
1695 436 1807 484 seni
1851 435 1915 484 de

225 509 391 557 sterili
414 508 583 556 Sarra
601 510 764 567 filium
788 509 1001 570 spondet
1016 513 1316 570 patremque
1347 522 1458 557 eum
1480 511 1706 569 pentium
1735 509 1915 558 statuit

275 587 324 630 et
353 584 597 644 promissi
628 584 781 641 fidem
819 587 1140 632 sacramento
1180 585 1582 632 circumcisionis
1620 583 1866 644 obsiynat.

170 693 197 733 5
376 683 495 734 Post
533 685 654 734 haec
694 692 839 734 natus
880 691 956 734 est
994 684 1169 734 Ismael
1206 700 1267 734 ex
1305 685 1448 752 Agar,
1494 687 1546 734 in
1594 700 1691 749 quo
1737 691 1913 749 putare

227 765 398 824 posset
436 759 708 826 impletum,
749 759 879 823 quod
913 760 958 808 ei
989 760 1290 824 promissum
1321 759 1497 825 fuerat,
1535 775 1647 808 cum
1680 758 1775 808 sibi
1806 773 1913 808 ver-

230 833 462 882 naculum
502 849 649 882 suum
687 833 919 899 adoptare
959 832 1217 898 voluisset,
1267 832 1369 882 Deo
1410 833 1626 883 dicente:
1665 835 1776 883 Non
1816 835 1917 882 erit

226 908 375 956 heres
413 913 528 970 tuus
566 909 678 965 Izic;
717 909 810 956 sed
845 909 934 968 qui
971 909 1107 956 exiet
1144 909 1207 956 de
1245 912 1306 968 te,
1347 910 1430 957 ille
1469 909 1570 956 erit
1605 909 1754 956 lieres
1785 912 1914 956 tuus,

228 979 333 1029 Hoc
374 996 490 1045 ergo
529 982 831 1046 promissum
870 996 931 1029 ne
965 982 1016 1029 in
1047 980 1249 1030 ancillae
1282 980 1381 1041 filio
1412 986 1611 1046 putaret
1641 980 1914 1046 impletum,

144 1062 198 1103 10
230 1055 327 1103 iam
367 1070 480 1104 cum
519 1061 649 1106 esset
686 1069 938 1104 annorum
977 1057 1258 1116 nonaqinta
1290 1061 1340 1105 et
1368 1069 1555 1116 novem,
1596 1057 1841 1118 apparuit
1869 1055 1916 1103 ei

227 1129 471 1178 Dominus
511 1135 560 1178 et
597 1131 731 1179 dixit
768 1131 864 1178 illi:
903 1130 1012 1190 qu
1044 1143 1152 1178 sum
1178 1130 1328 1190 Deus,
1363 1133 1513 1191 place
1553 1132 1604 1178 in
1645 1134 1914 1192 conspectu

226 1217 334 1252 meo
382 1209 432 1252 et
477 1209 579 1253 esto
616 1206 726 1252 sine
765 1206 1012 1264 querella,
1061 1209 1108 1252 et
1141 1217 1328 1265 ponam
1370 1208 1715 1253 testamentum
1753 1216 1914 1252 meum

229 1279 363 1326 inter
409 1292 486 1326 me
534 1283 583 1326 et
629 1279 761 1326 inter
809 1282 856 1326 te
903 1283 953 1326 et
998 1278 1205 1338 implebo
1254 1282 1302 1326 te
1347 1279 1506 1326 valde.
1584 1277 1651 1326 Et
1691 1278 1918 1339 procidit

227 1351 422 1400 Abram
461 1354 513 1400 in
547 1350 738 1413 faciem
777 1365 934 1400 suam.
997 1351 1066 1399 Et
1101 1354 1297 1400 locutus
1336 1356 1410 1400 est
1448 1353 1523 1400 illi
1545 1351 1682 1400 Deus
1718 1353 1916 1400 dicens:

145 1433 198 1474 15
231 1425 299 1473 Et
329 1439 435 1487 890,
477 1439 597 1475 ecce
628 1429 974 1474 testamentum
1005 1439 1166 1473 meum
1199 1431 1377 1484 tecum,
1411 1431 1460 1474 et
1483 1428 1584 1474 eris
1611 1430 1763 1487 pater
1793 1426 1914 1473 mul-

228 1501 460 1548 titudinis
487 1501 744 1560 qentium;
782 1503 831 1548 et
862 1513 960 1548 non
993 1499 1333 1561 appellabitur
1365 1500 1534 1549 adhuc
1566 1513 1743 1548 nomen
1776 1503 1915 1547 tuum

225 1573 432 1634 Abram,
472 1575 564 1622 sed
592 1575 694 1623 erit
714 1587 893 1622 nomen
918 1578 1057 1621 tuum
1081 1573 1355 1634 Abraham,
1396 1575 1518 1634 quia
1551 1577 1752 1635 patrem
1791 1574 1914 1620 mul-

228 1652 399 1696 tarum
442 1650 667 1708 yentium
709 1649 862 1708 posui
906 1651 982 1705 te,·
1037 1652 1086 1696 et
1131 1661 1347 1707 auqeam
1395 1652 1442 1696 te
1488 1648 1636 1696 valde
1682 1648 1829 1695 valde
1867 1651 1952 1694 et‘

221 1735 409 1782 ponam
450 1727 498 1770 te
536 1724 588 1770 in
624 1726 821 1782 yenteS,
863 1726 913 1770 et
950 1735 1097 1782 reyes
1136 1736 1203 1769 ex
1241 1726 1290 1769 te
1327 1722 1565 1778 exibunt;
1612 1726 1661 1769 et
1697 1725 1916 1769 statuam

140 1803 198 1844 20
230 1801 575 1845 testamentum
607 1809 769 1844 meum
802 1797 935 1844 inter
968 1809 1045 1844 me
1080 1800 1129 1843 et
1159 1790 1364 1859 (inter)
1405 1800 1453 1844 te
1491 1800 1541 1844 et
1578 1797 1712 1843 inter
1750 1808 1916 1843 semen

231 1876 370 1918 tuum
405 1875 521 1931 post
558 1875 606 1918 te
645 1871 695 1918 in
717 1870 1074 1929 cenerationes
1100 1883 1274 1918 eorum
1299 1871 1350 1917 in
1376 1874 1721 1918 testamentum
1753 1873 1915 1918 aeter-

229 1958 369 2003 num,
417 1949 474 1992 ut
517 1946 610 1992 sim
658 1944 751 1992 tibi
787 1943 924 1992 Deus
971 1949 1020 1991 et
1055 1944 1234 1991 semin-i
1271 1947 1356 2002 tuo
1387 1948 1505 2005 post
1543 1947 1603 1991 te.
1681 1943 1748 1991 Et
1785 1942 1916 1990 dabo

231 2019 325 2066 tibi
355 2022 403 2066 et
433 2019 613 2066 semini
642 2022 726 2065 tuo
753 2022 870 2078 post
898 2022 945 2065 te
976 2021 1182 2075 terram,
1224 2018 1275 2064 in
1300 2030 1401 2076 qua
1426 2018 1595 2065 incola
1619 2030 1685 2081 es,
1724 2028 1917 2064 omnem

231 2096 425 2139 terram
470 2091 716 2139 Chanaan
764 2092 815 2138 in
856 2091 1219 2151 possessionem
1266 2094 1549 2150 aeternam,
1604 2094 1654 2137 et
1691 2102 1779 2137 ero
1819 2090 1918 2138 illis

143 2171 199 2212 25
232 2164 381 2213 Deus.
437 2165 505 2213 Et
535 2166 668 2212 dixit
690 2164 827 2212 Deus
859 2165 931 2211 ad
951 2163 1236 2212 Abraham:
1281 2162 1352 2211 Tu
1378 2167 1544 2211 autem
1569 2167 1915 2212 testamentum

226 2251 388 2286 meum
427 2238 763 2296 conservabis,
805 2242 858 2285 tu
895 2241 944 2284 et
972 2250 1138 2285 semen
1171 2241 1311 2285 tuum
1337 2242 1454 2298 post
1485 2241 1532 2285 te
1564 2238 1615 2284 in
1642 2237 1916 2298 proyenies

226 2326 359 2360 suas.
423 2312 492 2360 Et
527 2313 622 2360 hoc
654 2316 729 2359 est
759 2314 1119 2369 testamentum,
1152 2312 1289 2371 quod
1318 2311 1643 2359 conservabis
1675 2312 1809 2359 inter
1839 2323 1918 2358 me

228 2390 277 2434 et
313 2400 397 2434 vos
437 2390 485 2434 et
524 2387 656 2433 inter
693 2397 858 2433 semen
901 2389 1039 2432 tuum
1065 2389 1183 2445 post
1213 2389 1261 2433 te
1293 2386 1346 2432 in
1374 2386 1730 2444 yenerationes
1761 2397 1911 2437 suas:

235 2460 641 2508 Circumcidetur
680 2463 896 2506 restrum
938 2471 1079 2506 omne
1115 2460 1461 2518 masculinum,
1501 2463 1550 2506 et
1580 2458 1912 2506 circumcide-

345 2586 392 2641 8)
425 2584 538 2630 Gen.
574 2590 643 2641 15,
676 2590 716 2629 4.

349 2723 375 2760 6
402 2717 443 2760 ei
468 2730 569 2761 om..
586 2717 630 2760 V
647 2719 663 2773 ΙΙ
690 2721 743 2760 10
777 2717 820 2766 ei
851 2729 933 2761 om.
963 2716 1029 2760 ·V¹
1052 2718 1067 2786 υ
1095 2722 1146 2760 12
1172 2717 1363 2787 quegela
1393 2730 1418 2760 v
1442 2718 1458 2772 ΙΙ
1484 2720 1536 2760 18
1570 2729 1768 2773 augeam
1798 2728 1917 2783 mss,-

230 2775 409 2832 augebo
434 2790 459 2819 v
483 2778 499 2832 ΙΙ
521 2776 659 2820 ualde
691 2776 827 2820 ualde
862 2775 905 2817 V
909 2775 923 2800 ¹
955 2777 1158 2831 (σφοδρα
1191 2777 1418 2831 σφοδρα)ς
1450 2775 1587 2819 valde
1618 2777 1764 2832 v1120
1795 2776 1919 2818 lnber

227 2835 355 2935 Effigie
384 2848 471 2936 {tvl}
492 2836 670 2891 (omisso
701 2836 842 2880 altero
873 2833 1011 2889 inter)
1045 2834 1249 2890 VR1124
1280 2834 1352 2877 illi
1383 2834 1592 2891 RA1129
1627 2831 1920 2879 circumcidi-
