2054 3152
166 1121 220 1160 10

168 1487 221 1527 15

169 1855 225 1894 20

173 2221 228 2261 25

168 2587 225 2626 30

252 167 319 220 76
934 177 967 210 s,
992 175 1268 211 Avensa-m

251 291 303 340 Si
327 306 444 356 ergo
475 291 802 339 humanarum
832 291 1043 338 vitarum
1067 288 1432 353 diuturnitateS,
1473 302 1593 351 quas
1619 287 1810 351 experti
1834 300 1934 336 non

250 379 443 425 sumuS,
482 363 627 411 hodie
666 362 848 411 habere
890 362 1163 411 creduntur
1201 362 1450 425 incognita
1488 359 1630 409 nobis
1668 359 1801 425 loca,
1841 374 1934 408 cur

250 453 348 486 non
394 435 624 485 habuisse
677 436 943 485 credantur
990 441 1040 484 et
1086 431 1343 500 tempora?
1419 434 1492 482 An
1541 449 1659 482 vero
1700 431 1934 482 credibile

253 518 329 559 est
367 508 547 558 alicubi
595 524 703 558 esse
745 510 876 574 quod
914 509 994 558 hic
1034 524 1134 557 non
1173 515 1270 574 est,
1319 515 1368 557 et
1406 506 1697 556 incredibile
1739 513 1814 556 est
1853 505 1935 554 ali·

254 582 448 647 quando
489 583 642 632 fuisse
682 582 813 647 quod
853 597 984 631 nunc
1024 597 1122 631 non
1163 579 1273 631 est?

944 754 1139 809 CAPUT
1168 754 1233 808 X.

292 863 367 912 De
408 863 723 923 differentia,
771 877 871 923 qua
913 865 1044 911 inter
1083 862 1343 911 Hebraeos
1383 867 1431 910 et
1469 866 1664 910 nostros
1704 861 1904 910 codices

482 1000 495 1008 ὤ
556 938 791 984 videntur
832 949 1081 984 annorum
1119 937 1320 984 numeri
1355 936 1635 983 dissonare.

403 1019 644 1095 Quocirca
693 1040 786 1086 etsi
833 1039 963 1087 inter
1001 1037 1252 1087 Hebraeos
1300 1044 1350 1086 et
1395 1043 1593 1086 nostros
1644 1037 1839 1086 codices
1879 1036 1941 1085 de

254 1113 360 1176 ipso
419 1126 628 1161 numero
683 1126 925 1160 annorum
986 1111 1220 1160 nonnulla
1286 1111 1481 1160 videtur
1536 1126 1643 1159 esse
1699 1110 1942 1176 distantia,

252 1185 384 1249 quod
422 1187 595 1249 ignoro
629 1200 725 1248 qua
763 1187 952 1234 ratione
986 1187 1049 1234 sit
1088 1185 1292 1235 factum:
1332 1200 1431 1234 non
1471 1191 1633 1233 tamen
1674 1190 1807 1234 tanta
1847 1190 1939 1249 est,

251 1266 308 1307 ut
352 1258 461 1307 illos
508 1258 732 1307 homines
779 1266 879 1307 tam
927 1258 1190 1323 longaevos
1236 1259 1387 1308 fuisse
1429 1257 1733 1307 dissentiant.
1811 1257 1935 1306 Nam

251 1333 358 1396 ipse
405 1331 550 1380 homo
599 1333 789 1396 primus
828 1332 1006 1398 Adam,
1061 1339 1323 1396 antequam
1362 1334 1587 1396 gigneret
1625 1331 1804 1397 filium,
1853 1332 1938 1395 qui

255 1412 330 1454 est
361 1405 632 1470 appellatus
668 1405 802 1471 Seth,
841 1405 1081 1455 ducentos
1113 1407 1313 1470 triginta
1343 1407 1523 1454 vixisse
1557 1420 1711 1454 annos
1750 1406 1937 1470 reperi·

253 1485 336 1528 tur
382 1480 433 1527 in
481 1478 733 1527 codicibus
780 1482 985 1545 nostriS,
1031 1481 1082 1528 in
1121 1479 1358 1528 Hebraeis
1410 1486 1575 1528 autem
1615 1485 1816 1528 centum
1854 1479 1941 1527 tri-

253 1554 386 1616 ginta
416 1551 727 1618 perhibetur;
768 1553 851 1602 sed
885 1560 1057 1618 postea
1096 1568 1241 1618 quam
1282 1569 1394 1602 eum
1435 1554 1619 1619 genuit,
1659 1553 1938 1616 septingen-

254 1632 330 1674 tos
377 1627 554 1674 vixisse
601 1625 781 1690 legitur
829 1628 879 1674 in
927 1628 1132 1693 nostriS,
1183 1629 1491 1691 octingentos
1545 1641 1661 1674 vero
1712 1627 1763 1674 in
1817 1625 1943 1691 illis;

255 1705 400 1762 atque
441 1701 506 1747 ita
545 1701 595 1747 in
636 1701 862 1763 utrisque
908 1702 1243 1749 universitatis
1284 1715 1474 1749 summa
1513 1699 1793 1748 concordat.
1870 1698 1939 1748 Ac

255 1771 431 1821 deinde
470 1787 560 1836 per
600 1780 962 1837 consequentes
1014 1776 1357 1838 generationes
1397 1780 1660 1839 antequam
1699 1775 1943 1839 gignatur,

260 1847 343 1908 qui
393 1847 526 1910 gigni
581 1855 1018 1913 commemoratur,
1073 1849 1236 1896 minus
1287 1849 1465 1896 vixisse
1513 1846 1642 1911 apud
1691 1845 1943 1895 Hebraeos

259 1925 399 1983 pater
440 1921 548 1968 eius
593 1921 842 1970 invenitur
882 1927 1082 1970 centum
1123 1936 1299 1986 annos3
1348 1920 1434 1969 sed
1473 1926 1645 1985 postea
1684 1934 1830 1983 quam
1870 1925 1946 1968 est

260 1994 456 2056 genitus
503 1992 634 2041 idem
680 1994 812 2059 ipse,
859 2002 1057 2043 centum
1107 1997 1271 2043 minus
1320 2008 1467 2057 quam
1504 1995 1556 2041 in
1595 1991 1832 2041 Hebraeis
1872 1994 1943 2040 in-

260 2067 527 2114 veniuntur
578 2067 629 2114 in
679 2068 885 2132 nostris3
932 2073 1078 2131 atque
1126 2069 1194 2116 ita
1248 2074 1297 2116 et
1343 2067 1458 2115 hinc
1510 2073 1559 2115 et
1597 2065 1711 2114 inde
1751 2067 1946 2114 numeri

263 2140 559 2187 universitas
592 2147 842 2188 consonat.
903 2139 959 2188 In
992 2146 1128 2190 sexta
1159 2146 1323 2189 autem
1355 2141 1669 2203 generatione
1702 2154 1945 2203 nusquam

261 2213 462 2275 utrique
503 2211 699 2260 codices
732 2212 1026 2278 discrepant.
1103 2213 1159 2262 In
1199 2215 1406 2278 septima
1445 2228 1578 2279 ver0,
1616 2212 1702 2261 ubi
1740 2211 1821 2261 ille
1861 2213 1947 2276 qui

258 2291 402 2333 natus
449 2291 525 2334 est
569 2284 740 2334 Enoch
794 2301 891 2334 non
942 2292 1195 2352 mortuuS,
1248 2286 1334 2335 sed
1384 2286 1514 2350 quod
1553 2285 1655 2335 Deo
1703 2285 1946 2351 placuerit

257 2357 523 2407 translatus
572 2373 681 2407 esse
721 2367 977 2426 narratur,
1031 2359 1202 2408 eadem
1241 2359 1542 2408 dissonantia
1582 2365 1679 2426 est,
1729 2373 1853 2422 quae
1892 2360 1944 2406 in

258 2430 599 2495 superioribus
640 2434 857 2497 quinque
898 2433 958 2482 de
999 2440 1198 2483 centum
1238 2435 1379 2482 annis
1419 2440 1682 2497 antequam
1720 2434 1946 2496 gigneret

259 2519 394 2571 eum,
443 2506 527 2568 qui
566 2504 635 2553 ibi
674 2513 1086 2555 commemoratus
1127 2514 1224 2573 est,
1263 2507 1440 2573 filium,
1480 2513 1625 2570 atque
1664 2507 1716 2554 in
1755 2519 1946 2554 summa

259 2577 431 2627 similis
479 2581 812 2628 consonantia.
890 2578 1020 2629 Vixit
1073 2582 1204 2628 enim
1244 2595 1424 2646 annos,
1475 2585 1736 2643 antequam
1786 2584 1943 2626 trans·

378 2705 449 2759 16)
483 2703 594 2749 Gen.
630 2710 670 2760 5,
703 2710 729 2749 3
763 2707 849 2750 etc.

379 2900 433 2938 23
468 2897 515 2938 et
545 2894 652 2939 hinc
683 2895 801 2950 Εἲς
833 2897 880 2939 et
910 2908 993 2942 om.
1037 2896 1149 2940 VAv
1173 2898 1189 2953 ΙΙ
1213 2901 1268 2941 29
1302 2898 1442 2954 atque
1473 2895 1540 2940 ita
1570 2895 1620 2939 in
1653 2909 1676 2940 υ
