2004 3140
182 123 289 176 516
854 136 889 170 S.
913 136 1188 172 Anaus'rm

182 255 264 298 tur
317 243 471 313 igni.“
545 249 644 297 Nos
692 265 807 297 vero
855 251 1003 299 etiam
1049 251 1119 310 in,
1145 250 1234 298 hac
1284 251 1480 314 quidem
1536 251 1730 300 mortali
1769 254 1866 302 vita

182 337 291 371 esse
332 322 565 386 quasdam
612 338 795 387 poenas
834 325 1142 388 purgatorias
1183 324 1497 385 confitemur,
1546 340 1643 373 non
1685 325 1864 389 quibus

181 395 481 460 affliguntur,
522 412 734 461 quorum
766 398 862 446 vita
895 397 970 446 vel
1002 413 1099 446 non
1132 396 1244 446 inde
1278 398 1332 447 fit
1370 398 1544 447 melior
1583 399 1659 448 vel
1699 401 1865 463 potius

183 469 296 517 inde
329 470 383 518 fit
414 472 575 534 pei0r3
616 470 700 519 sed
733 471 828 519 illis
868 479 983 520 sunt
1021 472 1351 537 purgatoriae,
1389 474 1474 536 qui
1513 475 1585 522 eis
1626 473 1866 523 coherciti

123 551 149 590 5
182 544 514 607 corriguntur.
551 543 781 593 ⁴Ceterae
815 560 986 594 omnes
1018 560 1219 610 poenae,
1261 546 1362 594 sive
1396 548 1721 611 temporariae
1762 549 1862 596 sive

179 619 522 683 sempiternae,
563 619 691 667 sicut
723 621 1065 683 unusquisque
1105 618 1266 667 divina
1303 620 1611 683 providentia
1650 627 1862 670 tractan-

179 689 271 739 dus
312 698 408 756 est,
455 693 741 741 inferuntur
786 692 862 741 vel
912 709 1001 758 pro
1042 694 1257 757 peccatis
1298 695 1398 741 sive
1437 695 1723 757 praeteritis
1763 696 1864 743 sive

177 765 229 812 in
269 764 448 828 quibus
489 765 647 815 adhuc
688 768 804 815 vivit
843 766 923 815 ille
966 769 1049 831 qui
1089 766 1344 832 plectitur,
1383 766 1458 815 vel
1499 782 1591 832 pro
1633 782 1863 818 exerceri*

178 837 252 886 dis
293 837 697 904 declarandisque
748 840 1014 889 virtutibus
1053 855 1143 905 per
1181 840 1405 889 homines
1446 847 1495 890 et
1537 840 1735 905 angelos
1775 857 1863 891 seu

87 919 142 960 10
172 910 329 960 bonos
370 927 457 961 seu
498 913 663 962 malos.
739 913 859 962 Nam
902 916 995 963 etsi
1035 916 1242 978 quisque
1283 914 1396 962 mali
1436 914 1619 979 aliquid
1660 914 1862 965 alterius

175 985 471 1049 inprobitate
514 987 587 1035 vel
628 1003 797 1036 errore
838 990 1073 1054 patiatur,
1124 994 1296 1052 peccat
1337 988 1534 1052 quidem
1576 988 1738 1055 homo,
1778 991 1864 1053 qui

176 1058 253 1107 vel
302 1061 577 1124 ignorantia
632 1061 707 1110 vel
754 1063 994 1111 iniustitia
1043 1064 1272 1126 cuiquam
1323 1062 1437 1110 mali
1488 1062 1671 1126 aliquid
1725 1063 1863 1128 facit3

177 1133 263 1181 sed
303 1149 401 1182 non
441 1141 612 1198 peccat
652 1134 804 1201 DeUS‚
845 1137 930 1200 qui
969 1137 1123 1201 iusto,
1164 1137 1384 1199 quamvis
1425 1136 1643 1202 occulto,
1682 1136 1864 1185 iudicio

178 1206 286 1255 fieri
326 1209 455 1257 sinit.
535 1207 630 1257 Sed
681 1211 1003 1273 temporarias
1050 1224 1234 1274 poenas
1284 1209 1363 1258 alii
1402 1211 1454 1258 in
1492 1209 1583 1258 hac
1623 1211 1721 1259 vita
1760 1219 1864 1259 tan-

94 1289 147 1328 15
179 1285 301 1346 tum,
339 1281 419 1329 alii
450 1289 562 1345 post
594 1290 821 1348 mortem,
861 1283 941 1331 alii
973 1290 1020 1332 et
1053 1298 1184 1331 nunc
1225 1289 1274 1331 et
1314 1290 1447 1349 tunc,
1487 1299 1658 1332 verum
1699 1290 1864 1332 tamen

177 1360 289 1402 ante
337 1354 574 1404 iudicium
622 1356 740 1405 illud
793 1358 1159 1405 severissimum
1208 1358 1630 1420 novissimumque
1669 1359 1860 1421 patiun-

176 1433 272 1476 tur.
350 1428 457 1476 Non
509 1436 674 1478 autem
722 1445 891 1478 omnes
941 1432 1145 1479 veniunt
1191 1431 1241 1478 in
1289 1431 1616 1495 sempiternas
1663 1446 1863 1496 poenaS‚

179 1515 303 1564 quae
350 1509 464 1566 post
510 1502 627 1551 illud
679 1504 917 1552 iudicium
958 1512 1073 1553 sunt
1112 1504 1329 1568 futurae,
1378 1506 1462 1567 qui
1501 1510 1614 1568 post
1653 1510 1864 1552 mortem

145 1566 424 1624 'sustinent
465 1577 771 1641 temporales
849 1577 969 1626 Nam
1011 1576 1328 1643 quibusdam,
1370 1577 1500 1641 quod
1540 1579 1591 1625 in
1630 1579 1724 1626 isto
1765 1593 1863 1626 non

91 1658 147 1696 20
180 1650 462 1716 remittitur,
517 1652 703 1699 remitti
758 1653 806 1698 in
855 1651 1022 1700 futuro
1071 1650 1289 1711 saeculo,
1344 1650 1394 1699 id
1441 1657 1538 1716 est,
1593 1667 1652 1700 ne
1708 1651 1864 1700 futuri

179 1722 362 1771 saeculi
401 1730 616 1772 aeterno*
643 1723 883 1789 supplicio
924 1727 1206 1790 puniantur,
1246 1726 1341 1772 iam
1383 1740 1531 1790 supra
1571 1725 1797 1774 diximus

832 1896 1024 1951 CAPUT
1058 1897 1204 1950 XIV.

177 2004 253 2052 De
291 2006 471 2065 poenis
517 2007 874 2067 temporalibus
923 2007 1065 2054 istius
1104 2007 1256 2066 vitae,
1304 2006 1485 2066 quibus
1523 2006 1750 2055 subiecta
1790 2010 1863 2054 est

760 2081 983 2127 humana
1024 2080 1269 2128 condicio,

96 2188 153 2227 25
332 2179 586 2228 Rarissimi
621 2187 736 2229 sunt
767 2187 930 2229 autem
964 2183 1048 2244 qui
1078 2180 1236 2229 nullas
1267 2183 1318 2228 in
1350 2181 1439 2228 hac
1479 2183 1591 2247 vita,
1631 2181 1718 2230 sed
1757 2187 1860 2230 tan-

175 2259 281 2301 tum
319 2259 431 2316 post
483 2269 590 2302 eam
636 2269 818 2318 poenas
865 2254 1021 2302 luunt.
1098 2253 1269 2302 Fuisse
1309 2260 1472 2302 tamen
1513 2254 1726 2321 aliquoS‚
1777 2256 1863 2318 qui

175 2341 334 2389 usque
391 2326 447 2374 ad
501 2327 802 2391 decrepitam
851 2334 1155 2376 senectutem
1205 2342 1266 2375 ne
1314 2326 1610 2376 levissimam
1662 2327 1860 2391 quidem

177 2398 463 2449 febriculam
505 2402 751 2450 senserint
790 2403 1104 2465 quietamque
1160 2400 1392 2449 duxerint
1441 2402 1615 2466 vitam,
1667 2407 1715 2450 et
1765 2403 1860 2466 ipsi

176 2475 402 2522 novimus
435 2482 484 2523 et
516 2475 809 2540 audivimus3
851 2490 1143 2539 quamquam
1177 2475 1273 2523 vita
1303 2476 1407 2538 ipsa
1445 2475 1725 2524 mortalium
1756 2481 1859 2524 tota

294 2588 368 2641 20)
402 2586 483 2630 Mt.
523 2592 590 2643 12,
623 2592 692 2632 32.

296 2751 321 2790 8
363 2748 599 2792 exerendis
639 2749 706 2791 R¹
744 2751 914 2804 (proyr.
952 2763 999 2804 p.
1040 2753 1129 2801 16;
1171 2749 1198 2792 l.
1239 2753 1306 2794 22
1339 2764 1374 2793 c.
1407 2753 1471 2794 24
1501 2750 1612 2793 med.
1653 2749 1769 2792 ratio
1803 2784 1813 2794 .
1848 2782 1858 2792 .

180 2806 424 2850 excitanda,
458 2840 466 2848 .
501 2843 510 2852 .
545 2808 684 2862 atque
717 2808 962 2861 exerenda;
995 2808 1072 2851 sed
1105 2808 1161 2861 cf.
1193 2809 1277 2851 vol.
1311 2810 1358 2862 I,
1390 2812 1432 2861 5,
1466 2812 1514 2863 5)
1536 2809 1551 2864 ΙΙ
1578 2812 1630 2851 10
1663 2808 1857 2863 quisque

178 2877 266 2908 mss
295 2867 421 2919 (513,
454 2870 537 2919 19,·
568 2870 673 2919 430,
706 2871 809 2922 18);
841 2866 1087 2922 quisquam
1110 2867 1175 2922 οΙΙ
1200 2870 1254 2909 28
1287 2866 1377 2924 ipsi
1408 2869 1455 2912 eb
1477 2881 1503 2911 v
