<?xml version="1.0" encoding="UTF-8"?>
<!DOCTYPE html PUBLIC "-//W3C//DTD XHTML 1.0 Transitional//EN"
    "http://www.w3.org/TR/xhtml1/DTD/xhtml1-transitional.dtd">
<html xmlns="http://www.w3.org/1999/xhtml" xml:lang="en" lang="en">
 <head>
  <title>
</title>
<meta http-equiv="Content-Type" content="text/html;charset=utf-8" />
  <meta name='ocr-system' content='tesseract 3.04.00' />
  <meta name='ocr-capabilities' content='ocr_page ocr_carea ocr_par ocr_line ocrx_word'/>
</head>
<body>
  <div class='ocr_page' id='page_1' title='image "./decivitatedeilib02auguuoft_0536.png"; bbox 0 0 2004 3140; ppageno 0'>
   <div class='ocr_carea' id='block_1_1' title="bbox 204 146 1215 206">
    <p class='ocr_par' dir='ltr' id='par_1_1' title="bbox 204 146 1215 206">
     <span class='ocr_line' id='line_1_1' title="bbox 204 146 1215 206; baseline 0.001 -12"><span class='ocrx_word' id='word_1_1' title='bbox 204 146 312 206; x_wconf 70' lang='lat'>532</span> <span class='ocrx_word' id='word_1_2' title='bbox 884 162 919 196; x_wconf 77' lang='lat' dir='ltr'>s,</span> <span class='ocrx_word' id='word_1_3' title='bbox 944 161 1215 196; x_wconf 61' lang='lat' dir='ltr'>Avensa-Im</span> 
     </span>
    </p>
   </div>
   <div class='ocr_carea' id='block_1_2' title="bbox 111 274 1964 2625">
    <p class='ocr_par' dir='ltr' id='par_1_2' title="bbox 143 274 1964 622">
     <span class='ocr_line' id='line_1_2' title="bbox 204 274 1888 341; baseline -0.001 -15"><span class='ocrx_word' id='word_1_4' title='bbox 204 278 498 341; x_wconf 82' lang='lat' dir='ltr'>sumptionis</span> <span class='ocrx_word' id='word_1_5' title='bbox 547 282 620 324; x_wconf 91' lang='lat' dir='ltr'>est</span> <span class='ocrx_word' id='word_1_6' title='bbox 667 274 833 324; x_wconf 82' lang='lat' dir='ltr'>dicere</span> <span class='ocrx_word' id='word_1_7' title='bbox 889 276 1118 340; x_wconf 80' lang='lat' dir='ltr'>cuiquam</span> <span class='ocrx_word' id='word_1_8' title='bbox 1173 290 1346 324; x_wconf 90' lang='lat' dir='ltr'>eorum</span> <span class='ocrx_word' id='word_1_9' title='bbox 1397 282 1654 325; x_wconf 89' lang='lat' dir='ltr'>aeternum</span> <span class='ocrx_word' id='word_1_10' title='bbox 1704 275 1888 341; x_wconf 88' lang='lat' dir='ltr'>suppli-</span> 
     </span>
     <span class='ocr_line' id='line_1_3' title="bbox 170 347 1964 417; baseline 0.001 -20"><span class='ocrx_word' id='word_1_11' title='bbox 170 394 173 397; x_wconf 86' lang='lat'>.</span> <span class='ocrx_word' id='word_1_12' title='bbox 205 353 335 400; x_wconf 87' lang='lat' dir='ltr'>cium</span> <span class='ocrx_word' id='word_1_13' title='bbox 375 366 473 399; x_wconf 91' lang='lat' dir='ltr'>non</span> <span class='ocrx_word' id='word_1_14' title='bbox 515 349 760 415; x_wconf 85' lang='lat' dir='ltr'>futurum,</span> <span class='ocrx_word' id='word_1_15' title='bbox 808 364 931 413; x_wconf 89' lang='lat' dir='ltr'>quos</span> <span class='ocrx_word' id='word_1_16' title='bbox 973 348 1102 398; x_wconf 88' lang='lat' dir='ltr'>Deus</span> <span class='ocrx_word' id='word_1_17' title='bbox 1141 347 1299 398; x_wconf 88' lang='lat' dir='ltr'>ituros</span> <span class='ocrx_word' id='word_1_18' title='bbox 1339 351 1389 398; x_wconf 91' lang='lat' dir='ltr'>in</span> <span class='ocrx_word' id='word_1_19' title='bbox 1430 349 1726 414; x_wconf 90' lang='lat' dir='ltr'>supplicium</span> <span class='ocrx_word' id='word_1_20' title='bbox 1765 349 1914 399; x_wconf 84' lang='lat' dir='ltr'>dixit·</span> <span class='ocrx_word' id='word_1_21' title='bbox 1962 415 1964 417; x_wconf 64' lang='lat'>‚</span> 
     </span>
     <span class='ocr_line' id='line_1_4' title="bbox 203 423 1886 489; baseline -0.001 -16"><span class='ocrx_word' id='word_1_22' title='bbox 203 431 482 489; x_wconf 85' lang='lat' dir='ltr'>aeternum,</span> <span class='ocrx_word' id='word_1_23' title='bbox 531 431 580 472; x_wconf 91' lang='lat' dir='ltr'>et</span> <span class='ocrx_word' id='word_1_24' title='bbox 628 438 719 488; x_wconf 89' lang='lat' dir='ltr'>per</span> <span class='ocrx_word' id='word_1_25' title='bbox 767 423 915 472; x_wconf 87' lang='lat' dir='ltr'>huius</span> <span class='ocrx_word' id='word_1_26' title='bbox 953 425 1369 487; x_wconf 83' lang='lat' dir='ltr'>praesumptionis</span> <span class='ocrx_word' id='word_1_27' title='bbox 1408 425 1779 488; x_wconf 78' lang='lat' dir='ltr'>persuasionem</span> <span class='ocrx_word' id='word_1_28' title='bbox 1819 424 1886 472; x_wconf 88' lang='lat' dir='ltr'>fa-</span> 
     </span>
     <span class='ocr_line' id='line_1_5' title="bbox 181 496 1890 564; baseline -0.001 -16"><span class='ocrx_word' id='word_1_29' title='bbox 181 514 332 564; x_wconf 67' lang='lat' dir='ltr'>cere,</span> <span class='ocrx_word' id='word_1_30' title='bbox 371 504 427 547; x_wconf 88' lang='lat' dir='ltr'>ut</span> <span class='ocrx_word' id='word_1_31' title='bbox 466 497 525 546; x_wconf 92' lang='lat' dir='ltr'>de</span> <span class='ocrx_word' id='word_1_32' title='bbox 565 499 669 562; x_wconf 91' lang='lat' dir='ltr'>ipsa</span> <span class='ocrx_word' id='word_1_33' title='bbox 701 512 898 562; x_wconf 90' lang='lat' dir='ltr'>quoque</span> <span class='ocrx_word' id='word_1_34' title='bbox 936 498 1034 546; x_wconf 90' lang='lat' dir='ltr'>vita</span> <span class='ocrx_word' id='word_1_35' title='bbox 1072 496 1147 545; x_wconf 88' lang='lat' dir='ltr'>vel</span> <span class='ocrx_word' id='word_1_36' title='bbox 1187 496 1479 562; x_wconf 84' lang='lat' dir='ltr'>desperetur</span> <span class='ocrx_word' id='word_1_37' title='bbox 1519 497 1594 546; x_wconf 80' lang='lat' dir='ltr'>vel</span> <span class='ocrx_word' id='word_1_38' title='bbox 1634 496 1890 547; x_wconf 81' lang='lat' dir='ltr'>dubitetur</span> 
     </span>
     <span class='ocr_line' id='line_1_6' title="bbox 143 579 414 622; baseline 0.004 -3"><span class='ocrx_word' id='word_1_39' title='bbox 143 580 168 619; x_wconf 87' lang='lat'>5</span> <span class='ocrx_word' id='word_1_40' title='bbox 203 579 414 622; x_wconf 89' lang='lat' dir='ltr'>aeterna.</span> 
     </span>
    </p>

    <p class='ocr_par' dir='ltr' id='par_1_3' title="bbox 202 644 1888 932">
     <span class='ocr_line' id='line_1_7' title="bbox 349 644 1886 709; baseline 0 -15"><span class='ocrx_word' id='word_1_41' title='bbox 349 646 503 694; x_wconf 85' lang='lat' dir='ltr'>Nemo</span> <span class='ocrx_word' id='word_1_42' title='bbox 535 647 700 709; x_wconf 79' lang='lat' dir='ltr'>itaque</span> <span class='ocrx_word' id='word_1_43' title='bbox 741 647 812 694; x_wconf 91' lang='lat' dir='ltr'>sic</span> <span class='ocrx_word' id='word_1_44' title='bbox 851 644 1102 709; x_wconf 85' lang='lat' dir='ltr'>intellegat</span> <span class='ocrx_word' id='word_1_45' title='bbox 1142 644 1384 709; x_wconf 89' lang='lat' dir='ltr'>psalmum</span> <span class='ocrx_word' id='word_1_46' title='bbox 1417 651 1697 694; x_wconf 78' lang='lat' dir='ltr'>canentem:</span> <span class='ocrx_word' id='word_1_47' title='bbox 1737 647 1886 694; x_wconf 84' lang='lat' dir='ltr'>Num-</span> 
     </span>
     <span class='ocr_line' id='line_1_8' title="bbox 202 719 1887 781; baseline -0.001 -11"><span class='ocrx_word' id='word_1_48' title='bbox 202 722 328 781; x_wconf 76' lang='lat' dir='ltr'>quid</span> <span class='ocrx_word' id='word_1_49' title='bbox 356 722 677 769; x_wconf 78' lang='lat' dir='ltr'>obliviscetur</span> <span class='ocrx_word' id='word_1_50' title='bbox 707 722 942 769; x_wconf 80' lang='lat' dir='ltr'>misereri</span> <span class='ocrx_word' id='word_1_51' title='bbox 970 719 1120 780; x_wconf 71' lang='lat' dir='ltr'>Deua,</span> <span class='ocrx_word' id='word_1_52' title='bbox 1162 724 1253 767; x_wconf 84' lang='lat' dir='ltr'>aut</span> <span class='ocrx_word' id='word_1_53' title='bbox 1283 720 1559 768; x_wconf 75' lang='lat' dir='ltr'>continebit</span> <span class='ocrx_word' id='word_1_54' title='bbox 1588 721 1640 768; x_wconf 89' lang='lat' dir='ltr'>in</span> <span class='ocrx_word' id='word_1_55' title='bbox 1673 721 1755 768; x_wconf 90' lang='lat' dir='ltr'>ira</span> <span class='ocrx_word' id='word_1_56' title='bbox 1793 734 1887 769; x_wconf 82' lang='lat' dir='ltr'>sua</span> 
     </span>
     <span class='ocr_line' id='line_1_9' title="bbox 202 791 1888 859; baseline 0 -17"><span class='ocrx_word' id='word_1_57' title='bbox 202 796 550 844; x_wconf 75' lang='lat' dir='ltr'>miserationes</span> <span class='ocrx_word' id='word_1_58' title='bbox 580 795 739 842; x_wconf 76' lang='lat' dir='ltr'>suas?</span> <span class='ocrx_word' id='word_1_59' title='bbox 779 799 834 842; x_wconf 92' lang='lat' dir='ltr'>ut</span> <span class='ocrx_word' id='word_1_60' title='bbox 865 794 1097 857; x_wconf 85' lang='lat' dir='ltr'>opinetur</span> <span class='ocrx_word' id='word_1_61' title='bbox 1129 791 1189 841; x_wconf 93' lang='lat' dir='ltr'>de</span> <span class='ocrx_word' id='word_1_62' title='bbox 1221 791 1502 842; x_wconf 89' lang='lat' dir='ltr'>hominibus</span> <span class='ocrx_word' id='word_1_63' title='bbox 1534 792 1676 842; x_wconf 92' lang='lat' dir='ltr'>bonis</span> <span class='ocrx_word' id='word_1_64' title='bbox 1707 808 1888 859; x_wconf 90' lang='lat' dir='ltr'>veram,</span> 
     </span>
     <span class='ocr_line' id='line_1_10' title="bbox 203 865 1888 932; baseline 0 -16"><span class='ocrx_word' id='word_1_65' title='bbox 203 867 262 916; x_wconf 91' lang='lat' dir='ltr'>de</span> <span class='ocrx_word' id='word_1_66' title='bbox 302 867 444 916; x_wconf 87' lang='lat' dir='ltr'>malis</span> <span class='ocrx_word' id='word_1_67' title='bbox 481 866 673 932; x_wconf 84' lang='lat' dir='ltr'>falsam,</span> <span class='ocrx_word' id='word_1_68' title='bbox 713 873 795 915; x_wconf 88' lang='lat' dir='ltr'>aut</span> <span class='ocrx_word' id='word_1_69' title='bbox 834 866 894 915; x_wconf 90' lang='lat' dir='ltr'>de</span> <span class='ocrx_word' id='word_1_70' title='bbox 934 866 1076 915; x_wconf 87' lang='lat' dir='ltr'>bonis</span> <span class='ocrx_word' id='word_1_71' title='bbox 1115 865 1397 916; x_wconf 90' lang='lat' dir='ltr'>hominibus</span> <span class='ocrx_word' id='word_1_72' title='bbox 1437 874 1487 915; x_wconf 91' lang='lat' dir='ltr'>et</span> <span class='ocrx_word' id='word_1_73' title='bbox 1525 865 1664 915; x_wconf 90' lang='lat' dir='ltr'>malis</span> <span class='ocrx_word' id='word_1_74' title='bbox 1704 867 1888 931; x_wconf 86' lang='lat' dir='ltr'>angelis</span> 
     </span>
    </p>

    <p class='ocr_par' dir='ltr' id='par_1_4' title="bbox 115 936 1892 1286">
     <span class='ocr_line' id='line_1_11' title="bbox 115 936 1887 1007; baseline 0.001 -19"><span class='ocrx_word' id='word_1_75' title='bbox 115 949 169 989; x_wconf 90' lang='lat'>10</span> <span class='ocrx_word' id='word_1_76' title='bbox 202 956 389 1007; x_wconf 83' lang='lat' dir='ltr'>veram,</span> <span class='ocrx_word' id='word_1_77' title='bbox 437 940 496 989; x_wconf 90' lang='lat' dir='ltr'>de</span> <span class='ocrx_word' id='word_1_78' title='bbox 547 940 683 989; x_wconf 89' lang='lat' dir='ltr'>malis</span> <span class='ocrx_word' id='word_1_79' title='bbox 731 947 895 989; x_wconf 91' lang='lat' dir='ltr'>autem</span> <span class='ocrx_word' id='word_1_80' title='bbox 941 936 1222 989; x_wconf 91' lang='lat' dir='ltr'>hominibus</span> <span class='ocrx_word' id='word_1_81' title='bbox 1270 940 1437 988; x_wconf 88' lang='lat' dir='ltr'>falsam</span> <span class='ocrx_word' id='word_1_82' title='bbox 1485 939 1573 989; x_wconf 91' lang='lat' dir='ltr'>Dei</span> <span class='ocrx_word' id='word_1_83' title='bbox 1620 955 1727 989; x_wconf 89' lang='lat' dir='ltr'>esse</span> <span class='ocrx_word' id='word_1_84' title='bbox 1779 956 1887 989; x_wconf 91' lang='lat' dir='ltr'>sen-</span> 
     </span>
     <span class='ocr_line' id='line_1_12' title="bbox 203 1013 1887 1080; baseline -0.001 -16"><span class='ocrx_word' id='word_1_85' title='bbox 203 1017 421 1064; x_wconf 88' lang='lat' dir='ltr'>tentiam.</span> <span class='ocrx_word' id='word_1_86' title='bbox 498 1014 602 1064; x_wconf 92' lang='lat' dir='ltr'>Hoc</span> <span class='ocrx_word' id='word_1_87' title='bbox 654 1016 807 1080; x_wconf 83' lang='lat' dir='ltr'>enim,</span> <span class='ocrx_word' id='word_1_88' title='bbox 855 1014 987 1078; x_wconf 87' lang='lat' dir='ltr'>quod</span> <span class='ocrx_word' id='word_1_89' title='bbox 1035 1016 1102 1063; x_wconf 92' lang='lat' dir='ltr'>ait</span> <span class='ocrx_word' id='word_1_90' title='bbox 1147 1013 1386 1080; x_wconf 81' lang='lat' dir='ltr'>psalinUS,</span> <span class='ocrx_word' id='word_1_91' title='bbox 1433 1014 1492 1063; x_wconf 91' lang='lat' dir='ltr'>ad</span> <span class='ocrx_word' id='word_1_92' title='bbox 1539 1029 1651 1063; x_wconf 83' lang='lat' dir='ltr'>vasa</span> <span class='ocrx_word' id='word_1_93' title='bbox 1697 1016 1887 1063; x_wconf 87' lang='lat' dir='ltr'>miseri-</span> 
     </span>
     <span class='ocr_line' id='line_1_13' title="bbox 203 1087 1888 1154; baseline -0.001 -17"><span class='ocrx_word' id='word_1_94' title='bbox 203 1088 398 1137; x_wconf 86' lang='lat' dir='ltr'>cordiae</span> <span class='ocrx_word' id='word_1_95' title='bbox 448 1090 666 1153; x_wconf 90' lang='lat' dir='ltr'>pertinet</span> <span class='ocrx_word' id='word_1_96' title='bbox 717 1094 766 1137; x_wconf 90' lang='lat' dir='ltr'>et</span> <span class='ocrx_word' id='word_1_97' title='bbox 816 1088 873 1137; x_wconf 92' lang='lat' dir='ltr'>ad</span> <span class='ocrx_word' id='word_1_98' title='bbox 926 1087 1050 1136; x_wconf 90' lang='lat' dir='ltr'>filios</span> <span class='ocrx_word' id='word_1_99' title='bbox 1099 1089 1468 1154; x_wconf 77' lang='lat' dir='ltr'>proniissioniS‚</span> <span class='ocrx_word' id='word_1_100' title='bbox 1519 1103 1730 1152; x_wconf 89' lang='lat' dir='ltr'>quorum</span> <span class='ocrx_word' id='word_1_101' title='bbox 1783 1094 1888 1137; x_wconf 89' lang='lat' dir='ltr'>erat</span> 
     </span>
     <span class='ocr_line' id='line_1_14' title="bbox 202 1161 1892 1227; baseline -0.001 -15"><span class='ocrx_word' id='word_1_102' title='bbox 202 1178 332 1212; x_wconf 89' lang='lat' dir='ltr'>unus</span> <span class='ocrx_word' id='word_1_103' title='bbox 388 1164 535 1211; x_wconf 89' lang='lat' dir='ltr'>etiam</span> <span class='ocrx_word' id='word_1_104' title='bbox 583 1164 689 1226; x_wconf 91' lang='lat' dir='ltr'>ipse</span> <span class='ocrx_word' id='word_1_105' title='bbox 736 1161 997 1227; x_wconf 89' lang='lat' dir='ltr'>propheta,</span> <span class='ocrx_word' id='word_1_106' title='bbox 1054 1164 1139 1226; x_wconf 90' lang='lat' dir='ltr'>qui</span> <span class='ocrx_word' id='word_1_107' title='bbox 1187 1177 1299 1211; x_wconf 90' lang='lat' dir='ltr'>cum</span> <span class='ocrx_word' id='word_1_108' title='bbox 1354 1161 1578 1211; x_wconf 84' lang='lat' dir='ltr'>dixisset:</span> <span class='ocrx_word' id='word_1_109' title='bbox 1634 1163 1892 1224; x_wconf 77' lang='lat' dir='ltr'>Numquid</span> 
     </span>
     <span class='ocr_line' id='line_1_15' title="bbox 203 1237 1888 1286; baseline -0.001 0"><span class='ocrx_word' id='word_1_110' title='bbox 203 1238 526 1286; x_wconf 80' lang='lat' dir='ltr'>obliviscetur</span> <span class='ocrx_word' id='word_1_111' title='bbox 579 1238 814 1285; x_wconf 84' lang='lat' dir='ltr'>misereri</span> <span class='ocrx_word' id='word_1_112' title='bbox 866 1237 1002 1285; x_wconf 83' lang='lat' dir='ltr'>Deus</span> <span class='ocrx_word' id='word_1_113' title='bbox 1056 1242 1147 1285; x_wconf 80' lang='lat' dir='ltr'>aut</span> <span class='ocrx_word' id='word_1_114' title='bbox 1206 1237 1481 1285; x_wconf 76' lang='lat' dir='ltr'>continebit</span> <span class='ocrx_word' id='word_1_115' title='bbox 1533 1239 1585 1285; x_wconf 89' lang='lat' dir='ltr'>in</span> <span class='ocrx_word' id='word_1_116' title='bbox 1651 1239 1734 1285; x_wconf 89' lang='lat' dir='ltr'>ira</span> <span class='ocrx_word' id='word_1_117' title='bbox 1794 1251 1888 1285; x_wconf 82' lang='lat' dir='ltr'>saa</span> 
     </span>
    </p>

    <p class='ocr_par' dir='ltr' id='par_1_5' title="bbox 116 1308 1888 1671">
     <span class='ocr_line' id='line_1_16' title="bbox 116 1308 1887 1360; baseline 0.001 -2"><span class='ocrx_word' id='word_1_118' title='bbox 116 1318 170 1358; x_wconf 86' lang='lat'>15</span> <span class='ocrx_word' id='word_1_119' title='bbox 205 1313 551 1360; x_wconf 76' lang='lat' dir='ltr'>miserationes</span> <span class='ocrx_word' id='word_1_120' title='bbox 581 1312 737 1359; x_wconf 82' lang='lat' dir='ltr'>suas?</span> <span class='ocrx_word' id='word_1_121' title='bbox 778 1311 1011 1359; x_wconf 87' lang='lat' dir='ltr'>continuo</span> <span class='ocrx_word' id='word_1_122' title='bbox 1044 1308 1275 1359; x_wconf 87' lang='lat' dir='ltr'>subiecit:</span> <span class='ocrx_word' id='word_1_123' title='bbox 1314 1310 1381 1358; x_wconf 89' lang='lat' dir='ltr'>Et</span> <span class='ocrx_word' id='word_1_124' title='bbox 1418 1312 1552 1358; x_wconf 75' lang='lat' dir='ltr'>dixi:</span> <span class='ocrx_word' id='word_1_125' title='bbox 1591 1311 1739 1359; x_wconf 84' lang='lat' dir='ltr'>Nunc</span> <span class='ocrx_word' id='word_1_126' title='bbox 1777 1324 1887 1360; x_wconf 92' lang='lat' dir='ltr'>coe-</span> 
     </span>
     <span class='ocr_line' id='line_1_17' title="bbox 194 1382 1886 1448; baseline -0.001 -15"><span class='ocrx_word' id='word_1_127' title='bbox 194 1387 273 1446; x_wconf 76' lang='lat' dir='ltr'>pi,</span> <span class='ocrx_word' id='word_1_128' title='bbox 325 1386 453 1434; x_wconf 80' lang='lat' dir='ltr'>haec</span> <span class='ocrx_word' id='word_1_129' title='bbox 493 1389 566 1433; x_wconf 84' lang='lat' dir='ltr'>est</span> <span class='ocrx_word' id='word_1_130' title='bbox 603 1386 865 1433; x_wconf 80' lang='lat' dir='ltr'>inmutatio</span> <span class='ocrx_word' id='word_1_131' title='bbox 915 1386 1160 1433; x_wconf 70' lang='lat' dir='ltr'>deaeterae</span> <span class='ocrx_word' id='word_1_132' title='bbox 1199 1384 1417 1433; x_wconf 77' lang='lat' dir='ltr'>Excelsi.</span> <span class='ocrx_word' id='word_1_133' title='bbox 1494 1382 1735 1448; x_wconf 89' lang='lat' dir='ltr'>Exposuit</span> <span class='ocrx_word' id='word_1_134' title='bbox 1773 1398 1886 1448; x_wconf 92' lang='lat' dir='ltr'>pro·</span> 
     </span>
     <span class='ocr_line' id='line_1_18' title="bbox 202 1457 1885 1521; baseline 0 -15"><span class='ocrx_word' id='word_1_135' title='bbox 202 1458 330 1507; x_wconf 87' lang='lat' dir='ltr'>fecto</span> <span class='ocrx_word' id='word_1_136' title='bbox 371 1457 489 1521; x_wconf 87' lang='lat' dir='ltr'>quid</span> <span class='ocrx_word' id='word_1_137' title='bbox 528 1457 727 1506; x_wconf 82' lang='lat' dir='ltr'>dixerit:</span> <span class='ocrx_word' id='word_1_138' title='bbox 776 1458 1034 1518; x_wconf 80' lang='lat' dir='ltr'>Numquid</span> <span class='ocrx_word' id='word_1_139' title='bbox 1077 1459 1351 1506; x_wconf 82' lang='lat' dir='ltr'>continebit</span> <span class='ocrx_word' id='word_1_140' title='bbox 1397 1460 1449 1506; x_wconf 90' lang='lat' dir='ltr'>in</span> <span class='ocrx_word' id='word_1_141' title='bbox 1489 1460 1572 1506; x_wconf 84' lang='lat' dir='ltr'>ira</span> <span class='ocrx_word' id='word_1_142' title='bbox 1610 1470 1705 1506; x_wconf 85' lang='lat' dir='ltr'>sua</span> <span class='ocrx_word' id='word_1_143' title='bbox 1744 1460 1885 1507; x_wconf 84' lang='lat' dir='ltr'>mise-</span> 
     </span>
     <span class='ocr_line' id='line_1_19' title="bbox 202 1529 1887 1597; baseline 0 -18"><span class='ocrx_word' id='word_1_144' title='bbox 202 1534 429 1582; x_wconf 79' lang='lat' dir='ltr'>rationes</span> <span class='ocrx_word' id='word_1_145' title='bbox 460 1533 616 1580; x_wconf 83' lang='lat' dir='ltr'>suas?</span> <span class='ocrx_word' id='word_1_146' title='bbox 678 1530 755 1579; x_wconf 87' lang='lat' dir='ltr'>[ra</span> <span class='ocrx_word' id='word_1_147' title='bbox 794 1532 924 1579; x_wconf 91' lang='lat' dir='ltr'>enim</span> <span class='ocrx_word' id='word_1_148' title='bbox 956 1529 1045 1579; x_wconf 92' lang='lat' dir='ltr'>Dei</span> <span class='ocrx_word' id='word_1_149' title='bbox 1084 1538 1160 1579; x_wconf 85' lang='lat' dir='ltr'>est</span> <span class='ocrx_word' id='word_1_150' title='bbox 1199 1532 1346 1580; x_wconf 90' lang='lat' dir='ltr'>etiam</span> <span class='ocrx_word' id='word_1_151' title='bbox 1384 1532 1478 1579; x_wconf 89' lang='lat' dir='ltr'>ista</span> <span class='ocrx_word' id='word_1_152' title='bbox 1516 1532 1614 1580; x_wconf 89' lang='lat' dir='ltr'>vita</span> <span class='ocrx_word' id='word_1_153' title='bbox 1651 1530 1887 1597; x_wconf 82' lang='lat' dir='ltr'>mortaliS‚</span> 
     </span>
     <span class='ocr_line' id='line_1_20' title="bbox 201 1603 1888 1671; baseline 0 -17"><span class='ocrx_word' id='word_1_154' title='bbox 201 1604 287 1654; x_wconf 87' lang='lat' dir='ltr'>ubi</span> <span class='ocrx_word' id='word_1_155' title='bbox 337 1605 482 1653; x_wconf 91' lang='lat' dir='ltr'>homo</span> <span class='ocrx_word' id='word_1_156' title='bbox 534 1605 734 1652; x_wconf 87' lang='lat' dir='ltr'>vanitati</span> <span class='ocrx_word' id='word_1_157' title='bbox 781 1604 952 1653; x_wconf 92' lang='lat' dir='ltr'>similis</span> <span class='ocrx_word' id='word_1_158' title='bbox 1000 1605 1158 1653; x_wconf 87' lang='lat' dir='ltr'>factus</span> <span class='ocrx_word' id='word_1_159' title='bbox 1206 1611 1306 1671; x_wconf 85' lang='lat' dir='ltr'>est,</span> <span class='ocrx_word' id='word_1_160' title='bbox 1353 1611 1403 1653; x_wconf 88' lang='lat' dir='ltr'>et</span> <span class='ocrx_word' id='word_1_161' title='bbox 1448 1603 1553 1653; x_wconf 91' lang='lat' dir='ltr'>dies</span> <span class='ocrx_word' id='word_1_162' title='bbox 1600 1606 1707 1654; x_wconf 90' lang='lat' dir='ltr'>eius</span> <span class='ocrx_word' id='word_1_163' title='bbox 1754 1604 1888 1654; x_wconf 85' lang='lat' dir='ltr'>velut</span> 
     </span>
    </p>

    <p class='ocr_par' dir='ltr' id='par_1_6' title="bbox 113 1677 1887 2038">
     <span class='ocr_line' id='line_1_21' title="bbox 113 1677 1886 1743; baseline 0 -15"><span class='ocrx_word' id='word_1_164' title='bbox 113 1687 170 1728; x_wconf 80' lang='lat'>20</span> <span class='ocrx_word' id='word_1_165' title='bbox 202 1677 377 1728; x_wconf 89' lang='lat' dir='ltr'>umbra</span> <span class='ocrx_word' id='word_1_166' title='bbox 425 1684 759 1743; x_wconf 89' lang='lat' dir='ltr'>praetereunt.</span> <span class='ocrx_word' id='word_1_167' title='bbox 835 1677 890 1726; x_wconf 88' lang='lat' dir='ltr'>ln</span> <span class='ocrx_word' id='word_1_168' title='bbox 942 1693 1038 1742; x_wconf 89' lang='lat' dir='ltr'>qua</span> <span class='ocrx_word' id='word_1_169' title='bbox 1088 1686 1253 1727; x_wconf 89' lang='lat' dir='ltr'>tamen</span> <span class='ocrx_word' id='word_1_170' title='bbox 1307 1680 1379 1727; x_wconf 89' lang='lat' dir='ltr'>ira</span> <span class='ocrx_word' id='word_1_171' title='bbox 1430 1693 1528 1726; x_wconf 92' lang='lat' dir='ltr'>non</span> <span class='ocrx_word' id='word_1_172' title='bbox 1581 1677 1886 1728; x_wconf 89' lang='lat' dir='ltr'>obliviscitur</span> 
     </span>
     <span class='ocr_line' id='line_1_22' title="bbox 201 1751 1887 1817; baseline 0 -16"><span class='ocrx_word' id='word_1_173' title='bbox 201 1754 427 1801; x_wconf 90' lang='lat' dir='ltr'>misereri</span> <span class='ocrx_word' id='word_1_174' title='bbox 466 1751 613 1817; x_wconf 82' lang='lat' dir='ltr'>Deus,</span> <span class='ocrx_word' id='word_1_175' title='bbox 652 1751 875 1800; x_wconf 86' lang='lat' dir='ltr'>faciendo</span> <span class='ocrx_word' id='word_1_176' title='bbox 915 1751 1069 1800; x_wconf 92' lang='lat' dir='ltr'>solem</span> <span class='ocrx_word' id='word_1_177' title='bbox 1110 1767 1254 1800; x_wconf 89' lang='lat' dir='ltr'>suum</span> <span class='ocrx_word' id='word_1_178' title='bbox 1293 1754 1415 1800; x_wconf 90' lang='lat' dir='ltr'>oriri</span> <span class='ocrx_word' id='word_1_179' title='bbox 1453 1767 1603 1816; x_wconf 89' lang='lat' dir='ltr'>super</span> <span class='ocrx_word' id='word_1_180' title='bbox 1641 1751 1798 1814; x_wconf 82' lang='lat' dir='ltr'>bonos</span> <span class='ocrx_word' id='word_1_181' title='bbox 1837 1759 1887 1801; x_wconf 91' lang='lat' dir='ltr'>et</span> 
     </span>
     <span class='ocr_line' id='line_1_23' title="bbox 202 1825 1885 1891; baseline 0 -17"><span class='ocrx_word' id='word_1_182' title='bbox 202 1825 354 1875; x_wconf 87' lang='lat' dir='ltr'>malos</span> <span class='ocrx_word' id='word_1_183' title='bbox 409 1832 458 1874; x_wconf 88' lang='lat' dir='ltr'>et</span> <span class='ocrx_word' id='word_1_184' title='bbox 511 1825 725 1890; x_wconf 87' lang='lat' dir='ltr'>pluendo</span> <span class='ocrx_word' id='word_1_185' title='bbox 781 1840 931 1890; x_wconf 90' lang='lat' dir='ltr'>super</span> <span class='ocrx_word' id='word_1_186' title='bbox 977 1827 1135 1875; x_wconf 90' lang='lat' dir='ltr'>iustos</span> <span class='ocrx_word' id='word_1_187' title='bbox 1185 1832 1234 1874; x_wconf 88' lang='lat' dir='ltr'>et</span> <span class='ocrx_word' id='word_1_188' title='bbox 1279 1827 1515 1891; x_wconf 80' lang='lat' dir='ltr'>iniustOS,</span> <span class='ocrx_word' id='word_1_189' title='bbox 1566 1841 1621 1874; x_wconf 90' lang='lat' dir='ltr'>ac</span> <span class='ocrx_word' id='word_1_190' title='bbox 1670 1827 1740 1875; x_wconf 90' lang='lat' dir='ltr'>sic</span> <span class='ocrx_word' id='word_1_191' title='bbox 1786 1841 1885 1875; x_wconf 91' lang='lat' dir='ltr'>non</span> 
     </span>
     <span class='ocr_line' id='line_1_24' title="bbox 202 1900 1886 1966; baseline 0 -18"><span class='ocrx_word' id='word_1_192' title='bbox 202 1901 423 1949; x_wconf 87' lang='lat' dir='ltr'>continet</span> <span class='ocrx_word' id='word_1_193' title='bbox 461 1901 512 1947; x_wconf 93' lang='lat' dir='ltr'>in</span> <span class='ocrx_word' id='word_1_194' title='bbox 559 1901 632 1947; x_wconf 89' lang='lat' dir='ltr'>ira</span> <span class='ocrx_word' id='word_1_195' title='bbox 680 1914 767 1948; x_wconf 91' lang='lat' dir='ltr'>sua</span> <span class='ocrx_word' id='word_1_196' title='bbox 816 1900 1155 1948; x_wconf 86' lang='lat' dir='ltr'>miserationes</span> <span class='ocrx_word' id='word_1_197' title='bbox 1197 1915 1333 1966; x_wconf 80' lang='lat' dir='ltr'>suas3</span> <span class='ocrx_word' id='word_1_198' title='bbox 1373 1901 1680 1964; x_wconf 89' lang='lat' dir='ltr'>maximeque</span> <span class='ocrx_word' id='word_1_199' title='bbox 1720 1901 1771 1948; x_wconf 93' lang='lat' dir='ltr'>in</span> <span class='ocrx_word' id='word_1_200' title='bbox 1811 1914 1886 1966; x_wconf 81' lang='lat' dir='ltr'>e0,</span> 
     </span>
     <span class='ocr_line' id='line_1_25' title="bbox 203 1972 1887 2038; baseline 0.001 -16"><span class='ocrx_word' id='word_1_201' title='bbox 203 1973 333 2037; x_wconf 89' lang='lat' dir='ltr'>quod</span> <span class='ocrx_word' id='word_1_202' title='bbox 382 1974 626 2038; x_wconf 88' lang='lat' dir='ltr'>expressit</span> <span class='ocrx_word' id='word_1_203' title='bbox 670 1972 750 2020; x_wconf 90' lang='lat' dir='ltr'>hic</span> <span class='ocrx_word' id='word_1_204' title='bbox 796 1972 1014 2037; x_wconf 88' lang='lat' dir='ltr'>psalmus</span> <span class='ocrx_word' id='word_1_205' title='bbox 1061 1972 1291 2022; x_wconf 88' lang='lat' dir='ltr'>dicendo:</span> <span class='ocrx_word' id='word_1_206' title='bbox 1346 1975 1492 2023; x_wconf 86' lang='lat' dir='ltr'>Nunc</span> <span class='ocrx_word' id='word_1_207' title='bbox 1542 1976 1703 2036; x_wconf 80' lang='lat' dir='ltr'>coepi,</span> <span class='ocrx_word' id='word_1_208' title='bbox 1758 1975 1887 2023; x_wconf 79' lang='lat' dir='ltr'>haec</span> 
     </span>
    </p>

    <p class='ocr_par' dir='ltr' id='par_1_7' title="bbox 113 2047 1888 2406">
     <span class='ocr_line' id='line_1_26' title="bbox 113 2047 1885 2111; baseline 0.001 -17"><span class='ocrx_word' id='word_1_209' title='bbox 113 2055 169 2094; x_wconf 80' lang='lat'>25</span> <span class='ocrx_word' id='word_1_210' title='bbox 205 2053 278 2096; x_wconf 81' lang='lat' dir='ltr'>est</span> <span class='ocrx_word' id='word_1_211' title='bbox 315 2049 577 2095; x_wconf 82' lang='lat' dir='ltr'>inmutatio</span> <span class='ocrx_word' id='word_1_212' title='bbox 618 2048 864 2095; x_wconf 76' lang='lat' dir='ltr'>dexterae</span> <span class='ocrx_word' id='word_1_213' title='bbox 902 2047 1129 2106; x_wconf 71' lang='lat' dir='ltr'>Excelsi,</span> <span class='ocrx_word' id='word_1_214' title='bbox 1178 2048 1408 2111; x_wconf 89' lang='lat' dir='ltr'>quoniam</span> <span class='ocrx_word' id='word_1_215' title='bbox 1447 2048 1498 2095; x_wconf 93' lang='lat' dir='ltr'>in</span> <span class='ocrx_word' id='word_1_216' title='bbox 1536 2047 1626 2095; x_wconf 91' lang='lat' dir='ltr'>hac</span> <span class='ocrx_word' id='word_1_217' title='bbox 1665 2049 1770 2111; x_wconf 89' lang='lat' dir='ltr'>ipsa</span> <span class='ocrx_word' id='word_1_218' title='bbox 1809 2062 1885 2096; x_wconf 90' lang='lat' dir='ltr'>ae-</span> 
     </span>
     <span class='ocr_line' id='line_1_27' title="bbox 202 2119 1885 2186; baseline 0 -17"><span class='ocrx_word' id='word_1_219' title='bbox 202 2121 575 2169; x_wconf 88' lang='lat' dir='ltr'>rumnosissima</span> <span class='ocrx_word' id='word_1_220' title='bbox 625 2121 744 2185; x_wconf 84' lang='lat' dir='ltr'>vita,</span> <span class='ocrx_word' id='word_1_221' title='bbox 792 2135 915 2183; x_wconf 87' lang='lat' dir='ltr'>quae</span> <span class='ocrx_word' id='word_1_222' title='bbox 963 2121 1036 2168; x_wconf 88' lang='lat' dir='ltr'>ira</span> <span class='ocrx_word' id='word_1_223' title='bbox 1083 2119 1171 2168; x_wconf 90' lang='lat' dir='ltr'>Dei</span> <span class='ocrx_word' id='word_1_224' title='bbox 1217 2127 1314 2186; x_wconf 77' lang='lat' dir='ltr'>est,</span> <span class='ocrx_word' id='word_1_225' title='bbox 1359 2136 1471 2169; x_wconf 82' lang='lat' dir='ltr'>vasa</span> <span class='ocrx_word' id='word_1_226' title='bbox 1520 2120 1885 2169; x_wconf 86' lang='lat' dir='ltr'>misericordiae</span> 
     </span>
     <span class='ocr_line' id='line_1_28' title="bbox 202 2192 1885 2258; baseline 0.001 -17"><span class='ocrx_word' id='word_1_227' title='bbox 202 2199 360 2242; x_wconf 88' lang='lat' dir='ltr'>mutat</span> <span class='ocrx_word' id='word_1_228' title='bbox 413 2195 464 2242; x_wconf 89' lang='lat' dir='ltr'>in</span> <span class='ocrx_word' id='word_1_229' title='bbox 518 2192 695 2241; x_wconf 89' lang='lat' dir='ltr'>melius</span> <span class='ocrx_word' id='word_1_230' title='bbox 707 2232 720 2257; x_wconf 91' lang='lat'><strong><em>,</em></strong></span> <span class='ocrx_word' id='word_1_231' title='bbox 775 2195 995 2256; x_wconf 90' lang='lat' dir='ltr'>quamvis</span> <span class='ocrx_word' id='word_1_232' title='bbox 1043 2192 1202 2242; x_wconf 90' lang='lat' dir='ltr'>adhuc</span> <span class='ocrx_word' id='word_1_233' title='bbox 1252 2195 1303 2242; x_wconf 93' lang='lat' dir='ltr'>in</span> <span class='ocrx_word' id='word_1_234' title='bbox 1354 2193 1502 2243; x_wconf 90' lang='lat' dir='ltr'>huius</span> <span class='ocrx_word' id='word_1_235' title='bbox 1553 2195 1885 2258; x_wconf 87' lang='lat' dir='ltr'>corruptionis</span> 
     </span>
     <span class='ocr_line' id='line_1_29' title="bbox 204 2267 1888 2332; baseline 0.002 -18"><span class='ocrx_word' id='word_1_236' title='bbox 204 2267 401 2315; x_wconf 88' lang='lat' dir='ltr'>miseria</span> <span class='ocrx_word' id='word_1_237' title='bbox 434 2272 628 2314; x_wconf 86' lang='lat' dir='ltr'>maneat</span> <span class='ocrx_word' id='word_1_238' title='bbox 659 2267 730 2314; x_wconf 89' lang='lat' dir='ltr'>ira</span> <span class='ocrx_word' id='word_1_239' title='bbox 762 2267 883 2332; x_wconf 59' lang='lat' dir='ltr'>eim,</span> <span class='ocrx_word' id='word_1_240' title='bbox 923 2267 1036 2330; x_wconf 90' lang='lat' dir='ltr'>quia</span> <span class='ocrx_word' id='word_1_241' title='bbox 1068 2281 1160 2315; x_wconf 90' lang='lat' dir='ltr'>nec</span> <span class='ocrx_word' id='word_1_242' title='bbox 1199 2268 1250 2315; x_wconf 92' lang='lat' dir='ltr'>in</span> <span class='ocrx_word' id='word_1_243' title='bbox 1287 2268 1393 2331; x_wconf 91' lang='lat' dir='ltr'>ipsa</span> <span class='ocrx_word' id='word_1_244' title='bbox 1431 2269 1503 2315; x_wconf 90' lang='lat' dir='ltr'>ira</span> <span class='ocrx_word' id='word_1_245' title='bbox 1542 2282 1629 2316; x_wconf 90' lang='lat' dir='ltr'>sua</span> <span class='ocrx_word' id='word_1_246' title='bbox 1668 2269 1888 2317; x_wconf 90' lang='lat' dir='ltr'>continet</span> 
     </span>
     <span class='ocr_line' id='line_1_30' title="bbox 202 2338 1886 2406; baseline 0.001 -18"><span class='ocrx_word' id='word_1_247' title='bbox 202 2341 545 2389; x_wconf 89' lang='lat' dir='ltr'>miserationes</span> <span class='ocrx_word' id='word_1_248' title='bbox 579 2354 706 2387; x_wconf 84' lang='lat' dir='ltr'>suaS.</span> <span class='ocrx_word' id='word_1_249' title='bbox 769 2338 892 2388; x_wconf 88' lang='lat' dir='ltr'>Cum</span> <span class='ocrx_word' id='word_1_250' title='bbox 925 2355 1042 2404; x_wconf 86' lang='lat' dir='ltr'>ergo</span> <span class='ocrx_word' id='word_1_251' title='bbox 1074 2341 1169 2389; x_wconf 92' lang='lat' dir='ltr'>isto</span> <span class='ocrx_word' id='word_1_252' title='bbox 1208 2339 1353 2388; x_wconf 94' lang='lat' dir='ltr'>modo</span> <span class='ocrx_word' id='word_1_253' title='bbox 1393 2340 1697 2406; x_wconf 89' lang='lat' dir='ltr'>compleatur</span> <span class='ocrx_word' id='word_1_254' title='bbox 1735 2341 1886 2390; x_wconf 88' lang='lat' dir='ltr'>divini</span> 
     </span>
    </p>

    <p class='ocr_par' dir='ltr' id='par_1_8' title="bbox 111 2413 1882 2625">
     <span class='ocr_line' id='line_1_31' title="bbox 111 2413 1882 2473; baseline 0.001 -11"><span class='ocrx_word' id='word_1_255' title='bbox 111 2423 168 2462; x_wconf 88' lang='lat'>30</span> <span class='ocrx_word' id='word_1_256' title='bbox 199 2413 331 2462; x_wconf 91' lang='lat' dir='ltr'>illius</span> <span class='ocrx_word' id='word_1_257' title='bbox 371 2414 548 2462; x_wconf 90' lang='lat' dir='ltr'>cantici</span> <span class='ocrx_word' id='word_1_258' title='bbox 588 2414 788 2473; x_wconf 80' lang='lat' dir='ltr'>veritaS,</span> <span class='ocrx_word' id='word_1_259' title='bbox 837 2427 935 2461; x_wconf 90' lang='lat' dir='ltr'>non</span> <span class='ocrx_word' id='word_1_260' title='bbox 985 2419 1061 2461; x_wconf 88' lang='lat' dir='ltr'>est</span> <span class='ocrx_word' id='word_1_261' title='bbox 1099 2428 1207 2462; x_wconf 92' lang='lat' dir='ltr'>eam</span> <span class='ocrx_word' id='word_1_262' title='bbox 1246 2428 1449 2463; x_wconf 89' lang='lat' dir='ltr'>necesse</span> <span class='ocrx_word' id='word_1_263' title='bbox 1489 2415 1635 2463; x_wconf 90' lang='lat' dir='ltr'>etiam</span> <span class='ocrx_word' id='word_1_264' title='bbox 1674 2414 1771 2463; x_wconf 92' lang='lat' dir='ltr'>illic</span> <span class='ocrx_word' id='word_1_265' title='bbox 1810 2417 1882 2463; x_wconf 89' lang='lat' dir='ltr'>in·</span> 
     </span>
     <span class='ocr_line' id='line_1_32' title="bbox 198 2486 1881 2553; baseline 0.001 -18"><span class='ocrx_word' id='word_1_266' title='bbox 198 2487 383 2553; x_wconf 86' lang='lat' dir='ltr'>tellegi,</span> <span class='ocrx_word' id='word_1_267' title='bbox 429 2486 514 2536; x_wconf 89' lang='lat' dir='ltr'>ubi</span> <span class='ocrx_word' id='word_1_268' title='bbox 560 2501 658 2534; x_wconf 90' lang='lat' dir='ltr'>non</span> <span class='ocrx_word' id='word_1_269' title='bbox 706 2488 1012 2551; x_wconf 91' lang='lat' dir='ltr'>pertinentes</span> <span class='ocrx_word' id='word_1_270' title='bbox 1060 2487 1118 2535; x_wconf 90' lang='lat' dir='ltr'>ad</span> <span class='ocrx_word' id='word_1_271' title='bbox 1168 2488 1413 2536; x_wconf 88' lang='lat' dir='ltr'>civitatem</span> <span class='ocrx_word' id='word_1_272' title='bbox 1452 2487 1541 2536; x_wconf 90' lang='lat' dir='ltr'>Dei</span> <span class='ocrx_word' id='word_1_273' title='bbox 1580 2490 1881 2553; x_wconf 88' lang='lat' dir='ltr'>sempiterno</span> 
     </span>
     <span class='ocr_line' id='line_1_33' title="bbox 199 2559 1878 2625; baseline 0.001 -17"><span class='ocrx_word' id='word_1_274' title='bbox 199 2560 438 2625; x_wconf 90' lang='lat' dir='ltr'>supplicio</span> <span class='ocrx_word' id='word_1_275' title='bbox 476 2561 761 2625; x_wconf 81' lang='lat' dir='ltr'>punientur.</span> <span class='ocrx_word' id='word_1_276' title='bbox 840 2559 935 2608; x_wconf 89' lang='lat' dir='ltr'>Sed</span> <span class='ocrx_word' id='word_1_277' title='bbox 983 2559 1162 2624; x_wconf 87' lang='lat' dir='ltr'>quibus</span> <span class='ocrx_word' id='word_1_278' title='bbox 1201 2560 1362 2625; x_wconf 87' lang='lat' dir='ltr'>placet</span> <span class='ocrx_word' id='word_1_279' title='bbox 1399 2563 1542 2610; x_wconf 89' lang='lat' dir='ltr'>istam</span> <span class='ocrx_word' id='word_1_280' title='bbox 1585 2564 1878 2611; x_wconf 85' lang='lat' dir='ltr'>sententiam</span> 
     </span>
    </p>
   </div>
   <div class='ocr_carea' id='block_1_3' title="bbox 317 2686 1436 2744">
    <p class='ocr_par' dir='ltr' id='par_1_9' title="bbox 317 2686 1436 2744">
     <span class='ocr_line' id='line_1_34' title="bbox 317 2686 1436 2744; baseline 0.001 -13"><span class='ocrx_word' id='word_1_281' title='bbox 317 2689 360 2742; x_wconf 82' lang='lat' dir='ltr'>s)</span> <span class='ocrx_word' id='word_1_282' title='bbox 393 2687 465 2730; x_wconf 82' lang='lat' dir='ltr'>Ps.</span> <span class='ocrx_word' id='word_1_283' title='bbox 500 2692 570 2741; x_wconf 81' lang='lat'>76,</span> <span class='ocrx_word' id='word_1_284' title='bbox 604 2691 673 2731; x_wconf 88' lang='lat'>10.</span> <span class='ocrx_word' id='word_1_285' title='bbox 738 2688 809 2741; x_wconf 85' lang='lat'>16)</span> <span class='ocrx_word' id='word_1_286' title='bbox 840 2686 905 2731; x_wconf 87' lang='lat' dir='ltr'>Ib.</span> <span class='ocrx_word' id='word_1_287' title='bbox 942 2691 1010 2731; x_wconf 90' lang='lat'>11.</span> <span class='ocrx_word' id='word_1_288' title='bbox 1072 2688 1145 2742; x_wconf 80' lang='lat'>22)</span> <span class='ocrx_word' id='word_1_289' title='bbox 1178 2687 1260 2732; x_wconf 71' lang='lat' dir='ltr'>Mt.</span> <span class='ocrx_word' id='word_1_290' title='bbox 1294 2692 1335 2744; x_wconf 88' lang='lat'>5,</span> <span class='ocrx_word' id='word_1_291' title='bbox 1368 2693 1436 2732; x_wconf 84' lang='lat'>45.</span> 
     </span>
    </p>
   </div>
   <div class='ocr_carea' id='block_1_4' title="bbox 199 2831 1878 2935">
    <p class='ocr_par' dir='ltr' id='par_1_10' title="bbox 199 2831 1878 2935">
     <span class='ocr_line' id='line_1_35' title="bbox 199 2831 1878 2934; baseline 0.003 -60"><span class='ocrx_word' id='word_1_292' title='bbox 199 2894 226 2932; x_wconf 70' lang='lat'><strong>4</strong></span> <span class='ocrx_word' id='word_1_293' title='bbox 316 2835 342 2874; x_wconf 91' lang='lat'>8</span> <span class='ocrx_word' id='word_1_294' title='bbox 369 2836 409 2875; x_wconf 82' lang='lat' dir='ltr'>et</span> <span class='ocrx_word' id='word_1_295' title='bbox 436 2831 853 2934; x_wconf 76' lang='lat' dir='ltr'>15Amisericordias</span> <span class='ocrx_word' id='word_1_296' title='bbox 878 2832 923 2876; x_wconf 82' lang='lat' dir='ltr'><strong><em>A</em></strong></span> <span class='ocrx_word' id='word_1_297' title='bbox 947 2835 963 2890; x_wconf 85' lang='grc' dir='ltr'>ΙΙ</span> <span class='ocrx_word' id='word_1_298' title='bbox 988 2838 1042 2878; x_wconf 85' lang='grc'>17</span> <span class='ocrx_word' id='word_1_299' title='bbox 1069 2847 1150 2877; x_wconf 83' lang='lat' dir='ltr'>sua</span> <span class='ocrx_word' id='word_1_300' title='bbox 1175 2847 1353 2879; x_wconf 80' lang='lat' dir='ltr'>erasum</span> <span class='ocrx_word' id='word_1_301' title='bbox 1382 2835 1434 2879; x_wconf 82' lang='lat' dir='ltr'>in</span> <span class='ocrx_word' id='word_1_302' title='bbox 1457 2835 1502 2878; x_wconf 82' lang='lat' dir='ltr'><strong><em>A</em></strong></span> <span class='ocrx_word' id='word_1_303' title='bbox 1525 2836 1540 2892; x_wconf 85' lang='grc' dir='ltr'>ΙΙ</span> <span class='ocrx_word' id='word_1_304' title='bbox 1565 2840 1619 2879; x_wconf 81' lang='grc'>23</span> <span class='ocrx_word' id='word_1_305' title='bbox 1645 2839 1686 2879; x_wconf 83' lang='lat' dir='ltr'>et</span> <span class='ocrx_word' id='word_1_306' title='bbox 1707 2850 1752 2892; x_wconf 89' lang='lat' dir='ltr'>p.</span> <span class='ocrx_word' id='word_1_307' title='bbox 1778 2839 1878 2890; x_wconf 88' lang='lat'><strong>533,</strong></span> 
     </span>
     <span class='ocr_line' id='line_1_36' title="bbox 258 2903 452 2935; baseline 0.005 -2"><span class='ocrx_word' id='word_1_308' title='bbox 258 2904 340 2934; x_wconf 83' lang='lat' dir='ltr'>sua</span> <span class='ocrx_word' id='word_1_309' title='bbox 371 2903 452 2935; x_wconf 86' lang='lat' dir='ltr'>om.</span> 
     </span>
    </p>
   </div>
  </div>
 </body>
</html>
