<?xml version="1.0" encoding="UTF-8"?>
<!DOCTYPE html PUBLIC "-//W3C//DTD XHTML 1.0 Transitional//EN"
    "http://www.w3.org/TR/xhtml1/DTD/xhtml1-transitional.dtd">
<html xmlns="http://www.w3.org/1999/xhtml" xml:lang="en" lang="en">
 <head>
  <title>
</title>
<meta http-equiv="Content-Type" content="text/html;charset=utf-8" />
  <meta name='ocr-system' content='tesseract 3.04.00' />
  <meta name='ocr-capabilities' content='ocr_page ocr_carea ocr_par ocr_line ocrx_word'/>
</head>
<body>
  <div class='ocr_page' id='page_1' title='image "./decivitatedeilib02auguuoft_0022.png"; bbox 0 0 2054 3152; ppageno 0'>
   <div class='ocr_carea' id='block_1_1' title="bbox 155 589 181 629">
    <p class='ocr_par' dir='ltr' id='par_1_1' title="bbox 155 589 181 629">
     <span class='ocr_line' id='line_1_1' title="bbox 155 589 181 629; baseline 0 0"><span class='ocrx_word' id='word_1_1' title='bbox 155 589 181 629; x_wconf 88' lang='lat'>5</span> 
     </span>
    </p>
   </div>
   <div class='ocr_carea' id='block_1_2' title="bbox 132 957 186 995">
    <p class='ocr_par' dir='ltr' id='par_1_2' title="bbox 132 957 186 995">
     <span class='ocr_line' id='line_1_2' title="bbox 132 957 186 995; baseline 0 0"><span class='ocrx_word' id='word_1_2' title='bbox 132 957 186 995; x_wconf 87' lang='lat'>10</span> 
     </span>
    </p>
   </div>
   <div class='ocr_carea' id='block_1_3' title="bbox 134 1323 188 1361">
    <p class='ocr_par' dir='ltr' id='par_1_3' title="bbox 134 1323 188 1361">
     <span class='ocr_line' id='line_1_3' title="bbox 134 1323 188 1361; baseline 0.019 -1"><span class='ocrx_word' id='word_1_3' title='bbox 134 1323 188 1361; x_wconf 82' lang='lat'>15</span> 
     </span>
    </p>
   </div>
   <div class='ocr_carea' id='block_1_4' title="bbox 137 2140 192 2180">
    <p class='ocr_par' dir='ltr' id='par_1_4' title="bbox 137 2140 192 2180">
     <span class='ocr_line' id='line_1_4' title="bbox 137 2140 192 2180; baseline 0 0"><span class='ocrx_word' id='word_1_4' title='bbox 137 2140 192 2180; x_wconf 82' lang='lat'>25</span> 
     </span>
    </p>
   </div>
   <div class='ocr_carea' id='block_1_5' title="bbox 214 162 1225 213">
    <p class='ocr_par' dir='ltr' id='par_1_5' title="bbox 214 162 1225 213">
     <span class='ocr_line' id='line_1_5' title="bbox 214 162 1225 213; baseline 0 -9"><span class='ocrx_word' id='word_1_5' title='bbox 214 162 280 213; x_wconf 77' lang='lat'>18</span> <span class='ocrx_word' id='word_1_6' title='bbox 893 171 926 204; x_wconf 86' lang='lat' dir='ltr'>S.</span> <span class='ocrx_word' id='word_1_7' title='bbox 952 172 1225 206; x_wconf 74' lang='lat' dir='ltr'>Auensnm</span> 
     </span>
    </p>
   </div>
   <div class='ocr_carea' id='block_1_6' title="bbox 213 283 1959 357">
    <p class='ocr_par' dir='ltr' id='par_1_6' title="bbox 213 283 1959 357">
     <span class='ocr_line' id='line_1_6' title="bbox 213 283 1959 357; baseline 0 -23"><span class='ocrx_word' id='word_1_8' title='bbox 213 288 388 334; x_wconf 80' lang='lat' dir='ltr'>eadem</span> <span class='ocrx_word' id='word_1_9' title='bbox 436 291 485 334; x_wconf 80' lang='lat' dir='ltr'>et</span> <span class='ocrx_word' id='word_1_10' title='bbox 530 299 612 334; x_wconf 82' lang='lat' dir='ltr'>vos</span> <span class='ocrx_word' id='word_1_11' title='bbox 654 283 817 345; x_wconf 75' lang='lat' dir='ltr'>facite</span> <span class='ocrx_word' id='word_1_12' title='bbox 864 286 974 333; x_wconf 73' lang='lat' dir='ltr'>illis.</span> <span class='ocrx_word' id='word_1_13' title='bbox 1052 283 1114 332; x_wconf 82' lang='lat' dir='ltr'>Et</span> <span class='ocrx_word' id='word_1_14' title='bbox 1161 283 1255 332; x_wconf 89' lang='lat' dir='ltr'>hoc</span> <span class='ocrx_word' id='word_1_15' title='bbox 1305 284 1462 350; x_wconf 91' lang='lat' dir='ltr'>unde,</span> <span class='ocrx_word' id='word_1_16' title='bbox 1517 285 1611 346; x_wconf 88' lang='lat' dir='ltr'>nisi</span> <span class='ocrx_word' id='word_1_17' title='bbox 1651 286 1764 349; x_wconf 88' lang='lat' dir='ltr'>quia</span> <span class='ocrx_word' id='word_1_18' title='bbox 1804 284 1900 335; x_wconf 85' lang='lat' dir='ltr'>hoc</span> <span class='ocrx_word' id='word_1_19' title='bbox 1956 324 1959 357; x_wconf 35' lang='grc' dir='ltr'>ξ,</span> 
     </span>
    </p>
   </div>
   <div class='ocr_carea' id='block_1_7' title="bbox 213 357 1905 1084">
    <p class='ocr_par' dir='ltr' id='par_1_7' title="bbox 213 357 1905 1084">
     <span class='ocr_line' id='line_1_7' title="bbox 214 357 1902 423; baseline 0.001 -16"><span class='ocrx_word' id='word_1_20' title='bbox 214 359 319 407; x_wconf 93' lang='lat' dir='ltr'>loco</span> <span class='ocrx_word' id='word_1_21' title='bbox 371 358 515 408; x_wconf 90' lang='lat' dir='ltr'>modo</span> <span class='ocrx_word' id='word_1_22' title='bbox 563 357 773 422; x_wconf 87' lang='lat' dir='ltr'>quodam</span> <span class='ocrx_word' id='word_1_23' title='bbox 818 358 1020 422; x_wconf 84' lang='lat' dir='ltr'>proprio</span> <span class='ocrx_word' id='word_1_24' title='bbox 1068 357 1292 406; x_wconf 83' lang='lat' dir='ltr'>voluntas</span> <span class='ocrx_word' id='word_1_25' title='bbox 1338 360 1498 422; x_wconf 84' lang='lat' dir='ltr'>posita</span> <span class='ocrx_word' id='word_1_26' title='bbox 1538 365 1634 423; x_wconf 89' lang='lat' dir='ltr'>est,</span> <span class='ocrx_word' id='word_1_27' title='bbox 1682 374 1807 423; x_wconf 86' lang='lat' dir='ltr'>quae</span> <span class='ocrx_word' id='word_1_28' title='bbox 1847 361 1902 408; x_wconf 83' lang='lat' dir='ltr'>in</span> 
     </span>
     <span class='ocr_line' id='line_1_8' title="bbox 214 427 1899 497; baseline 0 -16"><span class='ocrx_word' id='word_1_29' title='bbox 214 432 339 481; x_wconf 88' lang='lat' dir='ltr'>malo</span> <span class='ocrx_word' id='word_1_30' title='bbox 381 433 535 496; x_wconf 84' lang='lat' dir='ltr'>accipi</span> <span class='ocrx_word' id='word_1_31' title='bbox 574 447 673 480; x_wconf 87' lang='lat' dir='ltr'>non</span> <span class='ocrx_word' id='word_1_32' title='bbox 712 427 910 495; x_wconf 78' lang='lat' dir='ltr'>potest?</span> <span class='ocrx_word' id='word_1_33' title='bbox 971 429 1241 480; x_wconf 89' lang='lat' dir='ltr'>Locutione</span> <span class='ocrx_word' id='word_1_34' title='bbox 1281 446 1397 480; x_wconf 89' lang='lat' dir='ltr'>vero</span> <span class='ocrx_word' id='word_1_35' title='bbox 1438 433 1709 497; x_wconf 79' lang='lat' dir='ltr'><strong>usitatiore,</strong></span> <span class='ocrx_word' id='word_1_36' title='bbox 1748 448 1899 496; x_wconf 84' lang='lat' dir='ltr'>quam</span> 
     </span>
     <span class='ocr_line' id='line_1_9' title="bbox 214 504 1895 571; baseline 0.001 -17"><span class='ocrx_word' id='word_1_37' title='bbox 214 507 496 570; x_wconf 78' lang='lat' dir='ltr'>frequentat</span> <span class='ocrx_word' id='word_1_38' title='bbox 543 506 751 554; x_wconf 82' lang='lat' dir='ltr'>maxime</span> <span class='ocrx_word' id='word_1_39' title='bbox 797 504 1104 554; x_wconf 89' lang='lat' dir='ltr'>consuetudo</span> <span class='ocrx_word' id='word_1_40' title='bbox 1155 506 1421 571; x_wconf 82' lang='lat' dir='ltr'>sermoniS,</span> <span class='ocrx_word' id='word_1_41' title='bbox 1469 520 1567 553; x_wconf 90' lang='lat' dir='ltr'>non</span> <span class='ocrx_word' id='word_1_42' title='bbox 1615 506 1786 569; x_wconf 87' lang='lat' dir='ltr'>utique</span> <span class='ocrx_word' id='word_1_43' title='bbox 1826 506 1895 555; x_wconf 92' lang='lat' dir='ltr'>di-</span> 
     </span>
     <span class='ocr_line' id='line_1_10' title="bbox 215 580 1901 639; baseline 0.001 -12"><span class='ocrx_word' id='word_1_44' title='bbox 215 585 435 628; x_wconf 89' lang='lat' dir='ltr'>ceretur:</span> <span class='ocrx_word' id='word_1_45' title='bbox 492 580 608 628; x_wconf 81' lang='lat' dir='ltr'>Noli</span> <span class='ocrx_word' id='word_1_46' title='bbox 651 582 774 628; x_wconf 80' lang='lat' dir='ltr'>velle</span> <span class='ocrx_word' id='word_1_47' title='bbox 824 581 1030 627; x_wconf 76' lang='lat' dir='ltr'>mentiri</span> <span class='ocrx_word' id='word_1_48' title='bbox 1065 593 1209 628; x_wconf 79' lang='lat' dir='ltr'>omne</span> <span class='ocrx_word' id='word_1_49' title='bbox 1247 581 1583 639; x_wconf 76' lang='lat' dir='ltr'><em>mendacium,</em></span> <span class='ocrx_word' id='word_1_50' title='bbox 1633 580 1728 627; x_wconf 89' lang='lat' dir='ltr'>nisi</span> <span class='ocrx_word' id='word_1_51' title='bbox 1766 587 1901 628; x_wconf 88' lang='lat' dir='ltr'>esset</span> 
     </span>
     <span class='ocr_line' id='line_1_11' title="bbox 215 651 1902 718; baseline 0 -18"><span class='ocrx_word' id='word_1_52' title='bbox 215 659 265 701; x_wconf 86' lang='lat' dir='ltr'>et</span> <span class='ocrx_word' id='word_1_53' title='bbox 295 652 519 701; x_wconf 87' lang='lat' dir='ltr'>voluntas</span> <span class='ocrx_word' id='word_1_54' title='bbox 552 651 689 717; x_wconf 90' lang='lat' dir='ltr'>mala,</span> <span class='ocrx_word' id='word_1_55' title='bbox 729 668 755 700; x_wconf 92' lang='lat' dir='ltr'>a</span> <span class='ocrx_word' id='word_1_56' title='bbox 796 653 938 701; x_wconf 88' lang='lat' dir='ltr'>cuius</span> <span class='ocrx_word' id='word_1_57' title='bbox 977 653 1215 716; x_wconf 83' lang='lat' dir='ltr'><strong>pravitate</strong></span> <span class='ocrx_word' id='word_1_58' title='bbox 1254 651 1335 701; x_wconf 93' lang='lat' dir='ltr'>illa</span> <span class='ocrx_word' id='word_1_59' title='bbox 1375 651 1710 718; x_wconf 81' lang='lat' dir='ltr'>distinguitur,</span> <span class='ocrx_word' id='word_1_60' title='bbox 1751 668 1902 717; x_wconf 84' lang='lat' dir='ltr'>quam</span> 
     </span>
     <span class='ocr_line' id='line_1_12' title="bbox 213 725 1899 790; baseline 0.001 -16"><span class='ocrx_word' id='word_1_61' title='bbox 213 726 622 790; x_wconf 88' lang='lat' dir='ltr'>praedicaverunt</span> <span class='ocrx_word' id='word_1_62' title='bbox 669 725 827 790; x_wconf 86' lang='lat' dir='ltr'>angeli</span> <span class='ocrx_word' id='word_1_63' title='bbox 877 725 1121 774; x_wconf 87' lang='lat' dir='ltr'>dicentes:</span> <span class='ocrx_word' id='word_1_64' title='bbox 1178 727 1292 774; x_wconf 75' lang='lat' dir='ltr'>Pax</span> <span class='ocrx_word' id='word_1_65' title='bbox 1342 729 1392 774; x_wconf 76' lang='lat' dir='ltr'>in</span> <span class='ocrx_word' id='word_1_66' title='bbox 1433 732 1576 774; x_wconf 78' lang='lat' dir='ltr'>terra</span> <span class='ocrx_word' id='word_1_67' title='bbox 1615 728 1899 775; x_wconf 72' lang='lat' dir='ltr'>hominibus</span> 
     </span>
     <span class='ocr_line' id='line_1_13' title="bbox 215 795 1902 865; baseline 0 -17"><span class='ocrx_word' id='word_1_68' title='bbox 215 801 375 848; x_wconf 78' lang='lat' dir='ltr'>bonae</span> <span class='ocrx_word' id='word_1_69' title='bbox 407 802 688 849; x_wconf 56' lang='lat' dir='ltr'>voluntatis</span> <span class='ocrx_word' id='word_1_70' title='bbox 764 798 886 848; x_wconf 90' lang='lat' dir='ltr'>Nam</span> <span class='ocrx_word' id='word_1_71' title='bbox 918 814 979 847; x_wconf 87' lang='lat' dir='ltr'>ex</span> <span class='ocrx_word' id='word_1_72' title='bbox 1010 798 1277 848; x_wconf 84' lang='lat' dir='ltr'>abundanti</span> <span class='ocrx_word' id='word_1_73' title='bbox 1309 799 1528 848; x_wconf 89' lang='lat' dir='ltr'>additum</span> <span class='ocrx_word' id='word_1_74' title='bbox 1559 805 1635 847; x_wconf 88' lang='lat' dir='ltr'>est</span> <span class='ocrx_word' id='word_1_75' title='bbox 1666 795 1902 865; x_wconf 84' lang='lat' dir='ltr'>„bonae“,</span> 
     </span>
     <span class='ocr_line' id='line_1_14' title="bbox 215 871 1900 936; baseline -0.001 -15"><span class='ocrx_word' id='word_1_76' title='bbox 215 875 258 921; x_wconf 90' lang='lat' dir='ltr'>si</span> <span class='ocrx_word' id='word_1_77' title='bbox 303 888 412 921; x_wconf 90' lang='lat' dir='ltr'>esse</span> <span class='ocrx_word' id='word_1_78' title='bbox 460 888 558 921; x_wconf 91' lang='lat' dir='ltr'>non</span> <span class='ocrx_word' id='word_1_79' title='bbox 606 879 770 936; x_wconf 89' lang='lat' dir='ltr'>potest</span> <span class='ocrx_word' id='word_1_80' title='bbox 815 874 910 921; x_wconf 87' lang='lat' dir='ltr'>nisi</span> <span class='ocrx_word' id='word_1_81' title='bbox 955 871 1096 920; x_wconf 86' lang='lat' dir='ltr'>bona.</span> <span class='ocrx_word' id='word_1_82' title='bbox 1183 871 1310 930; x_wconf 87' lang='lat' dir='ltr'>Quid</span> <span class='ocrx_word' id='word_1_83' title='bbox 1359 879 1524 921; x_wconf 90' lang='lat' dir='ltr'>autem</span> <span class='ocrx_word' id='word_1_84' title='bbox 1571 887 1800 936; x_wconf 84' lang='lat' dir='ltr'>magnum</span> <span class='ocrx_word' id='word_1_85' title='bbox 1847 874 1900 921; x_wconf 92' lang='lat' dir='ltr'>in</span> 
     </span>
     <span class='ocr_line' id='line_1_15' title="bbox 220 944 1905 1010; baseline 0 -16"><span class='ocrx_word' id='word_1_86' title='bbox 220 947 438 995; x_wconf 88' lang='lat' dir='ltr'>caritatis</span> <span class='ocrx_word' id='word_1_87' title='bbox 484 945 719 1001; x_wconf 84' lang='lat' dir='ltr'>laudibus</span> <span class='ocrx_word' id='word_1_88' title='bbox 774 945 978 994; x_wconf 82' lang='lat' dir='ltr'>dixisset</span> <span class='ocrx_word' id='word_1_89' title='bbox 1032 944 1305 1010; x_wconf 87' lang='lat' dir='ltr'>apostolus,</span> <span class='ocrx_word' id='word_1_90' title='bbox 1360 946 1490 1008; x_wconf 91' lang='lat' dir='ltr'>quod</span> <span class='ocrx_word' id='word_1_91' title='bbox 1542 961 1641 994; x_wconf 90' lang='lat' dir='ltr'>non</span> <span class='ocrx_word' id='word_1_92' title='bbox 1692 945 1905 1009; x_wconf 84' lang='lat' dir='ltr'>gaudeat</span> 
     </span>
     <span class='ocr_line' id='line_1_16' title="bbox 217 1014 1901 1084; baseline -0.001 -17"><span class='ocrx_word' id='word_1_93' title='bbox 217 1034 366 1084; x_wconf 89' lang='lat' dir='ltr'>super</span> <span class='ocrx_word' id='word_1_94' title='bbox 397 1020 670 1083; x_wconf 83' lang='lat' dir='ltr'>iniquitate,</span> <span class='ocrx_word' id='word_1_95' title='bbox 710 1019 806 1067; x_wconf 86' lang='lat' dir='ltr'>nisi</span> <span class='ocrx_word' id='word_1_96' title='bbox 845 1019 959 1082; x_wconf 89' lang='lat' dir='ltr'>quia</span> <span class='ocrx_word' id='word_1_97' title='bbox 996 1019 1064 1066; x_wconf 92' lang='lat' dir='ltr'>ita</span> <span class='ocrx_word' id='word_1_98' title='bbox 1102 1017 1377 1082; x_wconf 78' lang='lat' dir='ltr'>malignitas</span> <span class='ocrx_word' id='word_1_99' title='bbox 1416 1014 1631 1082; x_wconf 75' lang='lat' dir='ltr'>gaudet?</span> <span class='ocrx_word' id='word_1_100' title='bbox 1669 1017 1731 1067; x_wconf 89' lang='lat' dir='ltr'>Et</span> <span class='ocrx_word' id='word_1_101' title='bbox 1771 1019 1901 1082; x_wconf 84' lang='lat' dir='ltr'>apud</span> 
     </span>
    </p>
   </div>
   <div class='ocr_carea' id='block_1_8' title="bbox 217 1082 1978 1141">
    <p class='ocr_par' dir='ltr' id='par_1_8' title="bbox 217 1082 1978 1141">
     <span class='ocr_line' id='line_1_17' title="bbox 217 1082 1978 1141; baseline 0 -1"><span class='ocrx_word' id='word_1_102' title='bbox 217 1099 445 1141; x_wconf 83' lang='lat' dir='ltr'>auctores</span> <span class='ocrx_word' id='word_1_103' title='bbox 497 1091 824 1141; x_wconf 90' lang='lat' dir='ltr'>saecularium</span> <span class='ocrx_word' id='word_1_104' title='bbox 881 1090 1159 1140; x_wconf 89' lang='lat' dir='ltr'>litterarum</span> <span class='ocrx_word' id='word_1_105' title='bbox 1210 1090 1320 1140; x_wconf 88' lang='lat' dir='ltr'>talis</span> <span class='ocrx_word' id='word_1_106' title='bbox 1374 1093 1584 1140; x_wconf 84' lang='lat' dir='ltr'>istorum</span> <span class='ocrx_word' id='word_1_107' title='bbox 1635 1091 1903 1140; x_wconf 86' lang='lat' dir='ltr'>verborum</span> <span class='ocrx_word' id='word_1_108' title='bbox 1975 1082 1978 1084; x_wconf 54' lang='grc'><strong>’</strong></span> 
     </span>
    </p>
   </div>
   <div class='ocr_carea' id='block_1_9' title="bbox 216 1164 1903 1595">
    <p class='ocr_par' dir='ltr' id='par_1_9' title="bbox 216 1164 1903 1595">
     <span class='ocr_line' id='line_1_18' title="bbox 216 1164 1900 1230; baseline -0.001 -16"><span class='ocrx_word' id='word_1_109' title='bbox 216 1166 546 1214; x_wconf 82' lang='lat' dir='ltr'>indifferentia</span> <span class='ocrx_word' id='word_1_110' title='bbox 592 1167 856 1230; x_wconf 79' lang='lat' dir='ltr'>reperitur,</span> <span class='ocrx_word' id='word_1_111' title='bbox 933 1164 1013 1214; x_wconf 88' lang='lat' dir='ltr'>Ait</span> <span class='ocrx_word' id='word_1_112' title='bbox 1060 1167 1192 1213; x_wconf 91' lang='lat' dir='ltr'>enim</span> <span class='ocrx_word' id='word_1_113' title='bbox 1232 1164 1404 1213; x_wconf 89' lang='lat' dir='ltr'>Cicero</span> <span class='ocrx_word' id='word_1_114' title='bbox 1455 1171 1622 1213; x_wconf 88' lang='lat' dir='ltr'>orator</span> <span class='ocrx_word' id='word_1_115' title='bbox 1661 1164 1900 1229; x_wconf 85' lang='lat' dir='ltr'>amplissi-</span> 
     </span>
     <span class='ocr_line' id='line_1_19' title="bbox 218 1232 1902 1304; baseline -0.001 -17"><span class='ocrx_word' id='word_1_116' title='bbox 218 1254 349 1288; x_wconf 89' lang='lat' dir='ltr'>mus:</span> <span class='ocrx_word' id='word_1_117' title='bbox 387 1238 591 1304; x_wconf 90' lang='lat' dir='ltr'>„Cupio,</span> <span class='ocrx_word' id='word_1_118' title='bbox 623 1245 788 1302; x_wconf 89' lang='lat' dir='ltr'>patres</span> <span class='ocrx_word' id='word_1_119' title='bbox 822 1239 1107 1303; x_wconf 85' lang='lat' dir='ltr'>conscripti,</span> <span class='ocrx_word' id='word_1_120' title='bbox 1139 1252 1217 1286; x_wconf 91' lang='lat' dir='ltr'>me</span> <span class='ocrx_word' id='word_1_121' title='bbox 1250 1252 1358 1285; x_wconf 90' lang='lat' dir='ltr'>esse</span> <span class='ocrx_word' id='word_1_122' title='bbox 1392 1232 1730 1286; x_wconf 85' lang='lat' dir='ltr'>clementem.“</span> <span class='ocrx_word' id='word_1_123' title='bbox 1777 1237 1902 1294; x_wconf 86' lang='lat' dir='ltr'>Quia</span> 
     </span>
     <span class='ocr_line' id='line_1_20' title="bbox 221 1310 1901 1375; baseline -0.001 -15"><span class='ocrx_word' id='word_1_124' title='bbox 221 1312 270 1361; x_wconf 91' lang='lat' dir='ltr'>id</span> <span class='ocrx_word' id='word_1_125' title='bbox 311 1311 516 1360; x_wconf 85' lang='lat' dir='ltr'>verbum</span> <span class='ocrx_word' id='word_1_126' title='bbox 547 1313 597 1359; x_wconf 92' lang='lat' dir='ltr'>in</span> <span class='ocrx_word' id='word_1_127' title='bbox 637 1310 765 1359; x_wconf 89' lang='lat' dir='ltr'>bono</span> <span class='ocrx_word' id='word_1_128' title='bbox 806 1312 988 1375; x_wconf 88' lang='lat' dir='ltr'>posuit,</span> <span class='ocrx_word' id='word_1_129' title='bbox 1027 1311 1138 1374; x_wconf 91' lang='lat' dir='ltr'>quis</span> <span class='ocrx_word' id='word_1_130' title='bbox 1178 1316 1277 1358; x_wconf 88' lang='lat' dir='ltr'>tam</span> <span class='ocrx_word' id='word_1_131' title='bbox 1315 1325 1547 1374; x_wconf 87' lang='lat' dir='ltr'>perverse</span> <span class='ocrx_word' id='word_1_132' title='bbox 1587 1310 1762 1359; x_wconf 80' lang='lat' dir='ltr'>doctus</span> <span class='ocrx_word' id='word_1_133' title='bbox 1802 1312 1901 1359; x_wconf 90' lang='lat' dir='ltr'>exi-</span> 
     </span>
     <span class='ocr_line' id='line_1_21' title="bbox 221 1379 1903 1450; baseline -0.001 -17"><span class='ocrx_word' id='word_1_134' title='bbox 221 1392 330 1450; x_wconf 85' lang='lat' dir='ltr'>stat,</span> <span class='ocrx_word' id='word_1_135' title='bbox 369 1385 454 1448; x_wconf 89' lang='lat' dir='ltr'>qui</span> <span class='ocrx_word' id='word_1_136' title='bbox 494 1399 592 1432; x_wconf 91' lang='lat' dir='ltr'>non</span> <span class='ocrx_word' id='word_1_137' title='bbox 634 1398 745 1432; x_wconf 92' lang='lat' dir='ltr'>eum</span> <span class='ocrx_word' id='word_1_138' title='bbox 784 1379 1026 1450; x_wconf 83' lang='lat' dir='ltr'>,‚Cupio“,</span> <span class='ocrx_word' id='word_1_139' title='bbox 1066 1383 1152 1432; x_wconf 89' lang='lat' dir='ltr'>sed</span> <span class='ocrx_word' id='word_1_140' title='bbox 1190 1379 1373 1449; x_wconf 83' lang='lat' dir='ltr'>„Volo“</span> <span class='ocrx_word' id='word_1_141' title='bbox 1410 1385 1574 1448; x_wconf 87' lang='lat' dir='ltr'>potius</span> <span class='ocrx_word' id='word_1_142' title='bbox 1615 1384 1779 1432; x_wconf 79' lang='lat' dir='ltr'>dicere</span> <span class='ocrx_word' id='word_1_143' title='bbox 1820 1384 1903 1433; x_wconf 89' lang='lat' dir='ltr'>de-</span> 
     </span>
     <span class='ocr_line' id='line_1_22' title="bbox 221 1454 1902 1522; baseline -0.001 -15"><span class='ocrx_word' id='word_1_144' title='bbox 221 1458 386 1507; x_wconf 88' lang='lat' dir='ltr'>buisse</span> <span class='ocrx_word' id='word_1_145' title='bbox 427 1454 726 1506; x_wconf 77' lang='lat' dir='ltr'>contendat?</span> <span class='ocrx_word' id='word_1_146' title='bbox 786 1457 942 1505; x_wconf 90' lang='lat' dir='ltr'>Porro</span> <span class='ocrx_word' id='word_1_147' title='bbox 981 1456 1110 1522; x_wconf 88' lang='lat' dir='ltr'>apud</span> <span class='ocrx_word' id='word_1_148' title='bbox 1149 1455 1438 1506; x_wconf 86' lang='lat' dir='ltr'>Terentium</span> <span class='ocrx_word' id='word_1_149' title='bbox 1476 1456 1746 1521; x_wconf 86' lang='lat' dir='ltr'>flagitiosus</span> <span class='ocrx_word' id='word_1_150' title='bbox 1786 1457 1902 1506; x_wconf 90' lang='lat' dir='ltr'>adu-</span> 
     </span>
     <span class='ocr_line' id='line_1_23' title="bbox 221 1530 1163 1595; baseline 0 -15"><span class='ocrx_word' id='word_1_151' title='bbox 221 1532 412 1580; x_wconf 86' lang='lat' dir='ltr'>lescens</span> <span class='ocrx_word' id='word_1_152' title='bbox 452 1533 621 1579; x_wconf 85' lang='lat' dir='ltr'>insana</span> <span class='ocrx_word' id='word_1_153' title='bbox 659 1530 870 1595; x_wconf 85' lang='lat' dir='ltr'>flagrans</span> <span class='ocrx_word' id='word_1_154' title='bbox 911 1530 1163 1595; x_wconf 89' lang='lat' dir='ltr'>cupidine:</span> 
     </span>
    </p>
   </div>
   <div class='ocr_carea' id='block_1_10' title="bbox 369 1647 1595 1711">
    <p class='ocr_par' dir='ltr' id='par_1_10' title="bbox 369 1647 1595 1711">
     <span class='ocr_line' id='line_1_24' title="bbox 369 1647 1595 1711; baseline -0.001 -15"><span class='ocrx_word' id='word_1_155' title='bbox 369 1649 509 1697; x_wconf 88' lang='lat' dir='ltr'>Nihil</span> <span class='ocrx_word' id='word_1_156' title='bbox 545 1650 657 1698; x_wconf 87' lang='lat' dir='ltr'>volo</span> <span class='ocrx_word' id='word_1_157' title='bbox 698 1649 848 1711; x_wconf 77' lang='lat' dir='ltr'>aliud,</span> <span class='ocrx_word' id='word_1_158' title='bbox 887 1649 1062 1711; x_wconf 79' lang='lat' dir='ltr'>inquit,</span> <span class='ocrx_word' id='word_1_159' title='bbox 1101 1648 1199 1697; x_wconf 88' lang='lat' dir='ltr'>nisi</span> <span class='ocrx_word' id='word_1_160' title='bbox 1236 1647 1595 1696; x_wconf 83' lang='lat' dir='ltr'>Philumenam.</span> 
     </span>
    </p>
   </div>
   <div class='ocr_carea' id='block_1_11' title="bbox 224 1749 1946 1815">
    <p class='ocr_par' dir='ltr' id='par_1_11' title="bbox 224 1749 1946 1815">
     <span class='ocr_line' id='line_1_25' title="bbox 224 1749 1946 1815; baseline -0.001 -15"><span class='ocrx_word' id='word_1_161' title='bbox 224 1751 380 1809; x_wconf 88' lang='lat' dir='ltr'>Quam</span> <span class='ocrx_word' id='word_1_162' title='bbox 436 1750 732 1800; x_wconf 84' lang='lat' dir='ltr'>voluntatem</span> <span class='ocrx_word' id='word_1_163' title='bbox 789 1751 942 1799; x_wconf 83' lang='lat' dir='ltr'>fuisse</span> <span class='ocrx_word' id='word_1_164' title='bbox 995 1749 1247 1798; x_wconf 87' lang='lat' dir='ltr'>libidinem</span> <span class='ocrx_word' id='word_1_165' title='bbox 1310 1751 1567 1814; x_wconf 85' lang='lat' dir='ltr'>responsio</span> <span class='ocrx_word' id='word_1_166' title='bbox 1580 1789 1594 1815; x_wconf 90' lang='lat'>,</span> <span class='ocrx_word' id='word_1_167' title='bbox 1656 1765 1780 1814; x_wconf 90' lang='lat' dir='ltr'>quae</span> <span class='ocrx_word' id='word_1_168' title='bbox 1835 1749 1903 1798; x_wconf 87' lang='lat' dir='ltr'>ibi</span> <span class='ocrx_word' id='word_1_169' title='bbox 1943 1765 1946 1768; x_wconf 86' lang='grc'><em>·</em></span> 
     </span>
    </p>
   </div>
   <div class='ocr_carea' id='block_1_12' title="bbox 222 1823 1900 1946">
    <p class='ocr_par' dir='ltr' id='par_1_12' title="bbox 222 1823 1900 1946">
     <span class='ocr_line' id='line_1_26' title="bbox 222 1823 1900 1890; baseline -0.001 -17"><span class='ocrx_word' id='word_1_170' title='bbox 222 1826 351 1873; x_wconf 86' lang='lat' dir='ltr'>servi</span> <span class='ocrx_word' id='word_1_171' title='bbox 398 1826 504 1873; x_wconf 90' lang='lat' dir='ltr'>eius</span> <span class='ocrx_word' id='word_1_172' title='bbox 551 1826 759 1872; x_wconf 88' lang='lat' dir='ltr'>sanioris</span> <span class='ocrx_word' id='word_1_173' title='bbox 806 1824 1080 1890; x_wconf 86' lang='lat' dir='ltr'>inducitur,</span> <span class='ocrx_word' id='word_1_174' title='bbox 1131 1824 1248 1872; x_wconf 86' lang='lat' dir='ltr'>satis</span> <span class='ocrx_word' id='word_1_175' title='bbox 1299 1823 1495 1872; x_wconf 92' lang='lat' dir='ltr'>indicat.</span> <span class='ocrx_word' id='word_1_176' title='bbox 1572 1823 1653 1872; x_wconf 89' lang='lat' dir='ltr'>Ait</span> <span class='ocrx_word' id='word_1_177' title='bbox 1690 1837 1900 1887; x_wconf 87' lang='lat' dir='ltr'>namque</span> 
     </span>
     <span class='ocr_line' id='line_1_27' title="bbox 224 1898 573 1946; baseline -0.003 0"><span class='ocrx_word' id='word_1_178' title='bbox 224 1898 419 1946; x_wconf 88' lang='lat' dir='ltr'>domino</span> <span class='ocrx_word' id='word_1_179' title='bbox 461 1913 573 1946; x_wconf 86' lang='lat' dir='ltr'>suo:</span> 
     </span>
    </p>
   </div>
   <div class='ocr_carea' id='block_1_13' title="bbox 374 1984 1863 2324">
    <p class='ocr_par' dir='ltr' id='par_1_13' title="bbox 374 1984 1863 2324">
     <span class='ocr_line' id='line_1_28' title="bbox 1027 1984 1550 2044; baseline -0.002 -12"><span class='ocrx_word' id='word_1_180' title='bbox 1027 1984 1222 2041; x_wconf 72' lang='lat' dir='ltr'>Quanto</span> <span class='ocrx_word' id='word_1_181' title='bbox 1262 1985 1420 2032; x_wconf 81' lang='lat' dir='ltr'>satius</span> <span class='ocrx_word' id='word_1_182' title='bbox 1461 1987 1550 2044; x_wconf 78' lang='lat' dir='ltr'>est,</span> 
     </span>
     <span class='ocr_line' id='line_1_29' title="bbox 377 2057 1822 2120; baseline -0.001 -14"><span class='ocrx_word' id='word_1_183' title='bbox 377 2059 447 2107; x_wconf 87' lang='lat' dir='ltr'>Te</span> <span class='ocrx_word' id='word_1_184' title='bbox 485 2059 536 2106; x_wconf 89' lang='lat' dir='ltr'>id</span> <span class='ocrx_word' id='word_1_185' title='bbox 575 2058 693 2106; x_wconf 84' lang='lat' dir='ltr'>dare</span> <span class='ocrx_word' id='word_1_186' title='bbox 733 2073 949 2119; x_wconf 80' lang='lat' dir='ltr'>operam,</span> <span class='ocrx_word' id='word_1_187' title='bbox 990 2057 1074 2120; x_wconf 85' lang='lat' dir='ltr'>qui</span> <span class='ocrx_word' id='word_1_188' title='bbox 1111 2058 1265 2107; x_wconf 82' lang='lat' dir='ltr'>istum</span> <span class='ocrx_word' id='word_1_189' title='bbox 1303 2072 1522 2104; x_wconf 84' lang='lat' dir='ltr'>amorem</span> <span class='ocrx_word' id='word_1_190' title='bbox 1561 2071 1620 2104; x_wconf 84' lang='lat' dir='ltr'>ex</span> <span class='ocrx_word' id='word_1_191' title='bbox 1659 2058 1822 2105; x_wconf 85' lang='lat' dir='ltr'>animo</span> 
     </span>
     <span class='ocr_line' id='line_1_30' title="bbox 1384 2130 1863 2190; baseline 0.002 -13"><span class='ocrx_word' id='word_1_192' title='bbox 1384 2146 1613 2179; x_wconf 84' lang='lat' dir='ltr'>amoveas</span> <span class='ocrx_word' id='word_1_193' title='bbox 1653 2133 1755 2190; x_wconf 85' lang='lat' dir='ltr'>tuo,</span> <span class='ocrx_word' id='word_1_194' title='bbox 1861 2130 1863 2133; x_wconf 79' lang='grc'><strong>’</strong></span> 
     </span>
     <span class='ocr_line' id='line_1_31' title="bbox 374 2203 1829 2268; baseline 0 -18"><span class='ocrx_word' id='word_1_195' title='bbox 374 2203 532 2268; x_wconf 71' lang='lat' dir='ltr'>Quam</span> <span class='ocrx_word' id='word_1_196' title='bbox 563 2203 614 2250; x_wconf 88' lang='lat' dir='ltr'>id</span> <span class='ocrx_word' id='word_1_197' title='bbox 651 2204 801 2266; x_wconf 84' lang='lat' dir='ltr'>loqui,</span> <span class='ocrx_word' id='word_1_198' title='bbox 841 2219 937 2265; x_wconf 90' lang='lat' dir='ltr'>quo</span> <span class='ocrx_word' id='word_1_199' title='bbox 975 2203 1136 2266; x_wconf 82' lang='lat' dir='ltr'>magis</span> <span class='ocrx_word' id='word_1_200' title='bbox 1176 2203 1329 2251; x_wconf 89' lang='lat' dir='ltr'>libido</span> <span class='ocrx_word' id='word_1_201' title='bbox 1368 2203 1560 2251; x_wconf 77' lang='lat' dir='ltr'>frustra</span> <span class='ocrx_word' id='word_1_202' title='bbox 1597 2204 1829 2251; x_wconf 83' lang='lat' dir='ltr'>accenda-</span> 
     </span>
     <span class='ocr_line' id='line_1_32' title="bbox 1514 2277 1756 2324; baseline 0.004 -1"><span class='ocrx_word' id='word_1_203' title='bbox 1514 2279 1597 2324; x_wconf 77' lang='lat' dir='ltr'>tur</span> <span class='ocrx_word' id='word_1_204' title='bbox 1635 2277 1756 2324; x_wconf 75' lang='lat' dir='ltr'>tua‘?</span> 
     </span>
    </p>
   </div>
   <div class='ocr_carea' id='block_1_14' title="bbox 226 2377 1902 2443">
    <p class='ocr_par' dir='ltr' id='par_1_14' title="bbox 226 2377 1902 2443">
     <span class='ocr_line' id='line_1_33' title="bbox 226 2377 1902 2443; baseline 0 -16"><span class='ocrx_word' id='word_1_205' title='bbox 226 2377 468 2427; x_wconf 85' lang='lat' dir='ltr'>Gaudium</span> <span class='ocrx_word' id='word_1_206' title='bbox 508 2394 623 2427; x_wconf 86' lang='lat' dir='ltr'>vero</span> <span class='ocrx_word' id='word_1_207' title='bbox 664 2394 748 2428; x_wconf 89' lang='lat' dir='ltr'>eos</span> <span class='ocrx_word' id='word_1_208' title='bbox 788 2385 838 2427; x_wconf 88' lang='lat' dir='ltr'>et</span> <span class='ocrx_word' id='word_1_209' title='bbox 884 2380 934 2426; x_wconf 92' lang='lat' dir='ltr'>in</span> <span class='ocrx_word' id='word_1_210' title='bbox 983 2377 1107 2426; x_wconf 87' lang='lat' dir='ltr'>malo</span> <span class='ocrx_word' id='word_1_211' title='bbox 1146 2379 1372 2443; x_wconf 90' lang='lat' dir='ltr'>posuisse</span> <span class='ocrx_word' id='word_1_212' title='bbox 1410 2377 1490 2426; x_wconf 92' lang='lat' dir='ltr'>ille</span> <span class='ocrx_word' id='word_1_213' title='bbox 1530 2379 1634 2442; x_wconf 89' lang='lat' dir='ltr'>ipse</span> <span class='ocrx_word' id='word_1_214' title='bbox 1674 2377 1902 2443; x_wconf 86' lang='lat' dir='ltr'>Vergilia-</span> 
     </span>
    </p>
   </div>
   <div class='ocr_carea' id='block_1_15' title="bbox 231 2518 1902 2634">
    <p class='ocr_par' dir='ltr' id='par_1_15' title="bbox 231 2518 1902 2634">
     <span class='ocr_line' id='line_1_34' title="bbox 345 2518 1902 2576; baseline 0.001 -14"><span class='ocrx_word' id='word_1_215' title='bbox 345 2521 387 2575; x_wconf 80' lang='lat'>5)</span> <span class='ocrx_word' id='word_1_216' title='bbox 413 2519 552 2564; x_wconf 82' lang='lat' dir='ltr'>Eccli.</span> <span class='ocrx_word' id='word_1_217' title='bbox 589 2525 628 2576; x_wconf 85' lang='lat'>7,</span> <span class='ocrx_word' id='word_1_218' title='bbox 663 2525 731 2563; x_wconf 92' lang='lat'>13.</span> <span class='ocrx_word' id='word_1_219' title='bbox 795 2522 839 2576; x_wconf 88' lang='lat'>8)</span> <span class='ocrx_word' id='word_1_220' title='bbox 864 2520 940 2563; x_wconf 83' lang='lat' dir='ltr'>Lo.</span> <span class='ocrx_word' id='word_1_221' title='bbox 974 2523 1016 2574; x_wconf 80' lang='lat'>2,</span> <span class='ocrx_word' id='word_1_222' title='bbox 1052 2524 1117 2564; x_wconf 84' lang='lat'>14.</span> <span class='ocrx_word' id='word_1_223' title='bbox 1184 2520 1255 2574; x_wconf 92' lang='lat'>11)</span> <span class='ocrx_word' id='word_1_224' title='bbox 1282 2525 1320 2565; x_wconf 94' lang='lat'>1.</span> <span class='ocrx_word' id='word_1_225' title='bbox 1355 2518 1456 2564; x_wconf 85' lang='lat' dir='ltr'>Cor.</span> <span class='ocrx_word' id='word_1_226' title='bbox 1492 2524 1560 2574; x_wconf 89' lang='lat'>13,</span> <span class='ocrx_word' id='word_1_227' title='bbox 1594 2524 1633 2563; x_wconf 79' lang='grc'>6.</span> <span class='ocrx_word' id='word_1_228' title='bbox 1700 2523 1770 2575; x_wconf 83' lang='lat'>14)</span> <span class='ocrx_word' id='word_1_229' title='bbox 1804 2520 1902 2564; x_wconf 70' lang='lat' dir='ltr'>Cat.</span> 
     </span>
     <span class='ocr_line' id='line_1_35' title="bbox 231 2578 1122 2634; baseline -0.001 -13"><span class='ocrx_word' id='word_1_230' title='bbox 231 2584 268 2633; x_wconf 89' lang='lat'>1,</span> <span class='ocrx_word' id='word_1_231' title='bbox 301 2583 339 2621; x_wconf 78' lang='lat'>2.</span> <span class='ocrx_word' id='word_1_232' title='bbox 405 2581 478 2633; x_wconf 82' lang='lat'>27)</span> <span class='ocrx_word' id='word_1_233' title='bbox 512 2578 613 2624; x_wconf 83' lang='lat' dir='ltr'>Ter.</span> <span class='ocrx_word' id='word_1_234' title='bbox 647 2578 785 2623; x_wconf 86' lang='lat' dir='ltr'>Andr.</span> <span class='ocrx_word' id='word_1_235' title='bbox 818 2583 862 2634; x_wconf 83' lang='lat'>2,</span> <span class='ocrx_word' id='word_1_236' title='bbox 895 2582 934 2632; x_wconf 91' lang='lat'>1,</span> <span class='ocrx_word' id='word_1_237' title='bbox 968 2584 993 2622; x_wconf 89' lang='lat'>6</span> <span class='ocrx_word' id='word_1_238' title='bbox 1026 2592 1122 2633; x_wconf 82' lang='lat' dir='ltr'>sqq.</span> 
     </span>
    </p>
   </div>
   <div class='ocr_carea' id='block_1_16' title="bbox 368 2701 578 2706">
    <p class='ocr_par' dir='ltr' id='par_1_16' title="bbox 368 2701 578 2706">
     <span class='ocr_line' id='line_1_36' title="bbox 368 2701 578 2706; baseline 0 0"><span class='ocrx_word' id='word_1_239' title='bbox 368 2701 578 2706; x_wconf 95' lang='lat' dir='ltr'> </span> 
     </span>
    </p>
   </div>
   <div class='ocr_carea' id='block_1_17' title="bbox 228 2768 1907 2943">
    <p class='ocr_par' dir='ltr' id='par_1_17' title="bbox 228 2768 1907 2943">
     <span class='ocr_line' id='line_1_37' title="bbox 347 2768 1903 2826; baseline -0.001 -14"><span class='ocrx_word' id='word_1_240' title='bbox 347 2773 372 2812; x_wconf 90' lang='lat'>8</span> <span class='ocrx_word' id='word_1_241' title='bbox 406 2783 460 2813; x_wconf 84' lang='lat' dir='ltr'>ex</span> <span class='ocrx_word' id='word_1_242' title='bbox 492 2768 776 2813; x_wconf 81' lang='lat' dir='ltr'>abundantia</span> <span class='ocrx_word' id='word_1_243' title='bbox 816 2768 879 2822; x_wconf 85' lang='lat' dir='ltr'>V‚·</span> <span class='ocrx_word' id='word_1_244' title='bbox 918 2770 994 2812; x_wconf 82' lang='lat' dir='ltr'>sed</span> <span class='ocrx_word' id='word_1_245' title='bbox 1025 2769 1081 2822; x_wconf 76' lang='lat' dir='ltr'>cf.</span> <span class='ocrx_word' id='word_1_246' title='bbox 1117 2769 1308 2825; x_wconf 72' lang='lat' dir='ltr'>Quintil.</span> <span class='ocrx_word' id='word_1_247' title='bbox 1341 2772 1382 2823; x_wconf 79' lang='lat'>4,</span> <span class='ocrx_word' id='word_1_248' title='bbox 1417 2773 1458 2823; x_wconf 85' lang='lat'>5,</span> <span class='ocrx_word' id='word_1_249' title='bbox 1489 2773 1547 2812; x_wconf 85' lang='lat'>15</span> <span class='ocrx_word' id='word_1_250' title='bbox 1556 2785 1573 2822; x_wconf 91' lang='lat'><em>;</em></span> <span class='ocrx_word' id='word_1_251' title='bbox 1605 2772 1647 2822; x_wconf 85' lang='lat'>5,</span> <span class='ocrx_word' id='word_1_252' title='bbox 1679 2773 1722 2821; x_wconf 88' lang='grc'>6,</span> <span class='ocrx_word' id='word_1_253' title='bbox 1754 2770 1825 2826; x_wconf 68' lang='lat'>211</span> <span class='ocrx_word' id='word_1_254' title='bbox 1854 2773 1903 2811; x_wconf 87' lang='grc'>11</span> 
     </span>
     <span class='ocr_line' id='line_1_38' title="bbox 231 2826 1907 2884; baseline -0.001 -13"><span class='ocrx_word' id='word_1_255' title='bbox 231 2830 277 2871; x_wconf 82' lang='lat' dir='ltr'>et</span> <span class='ocrx_word' id='word_1_256' title='bbox 310 2827 472 2881; x_wconf 77' lang='lat' dir='ltr'>VAF,·</span> <span class='ocrx_word' id='word_1_257' title='bbox 502 2828 623 2872; x_wconf 82' lang='lat' dir='ltr'>Nam</span> <span class='ocrx_word' id='word_1_258' title='bbox 655 2828 702 2871; x_wconf 77' lang='lat' dir='ltr'>et</span> <span class='ocrx_word' id='word_1_259' title='bbox 731 2842 757 2870; x_wconf 85' lang='lat' dir='ltr'><strong><em>v</em></strong></span> <span class='ocrx_word' id='word_1_260' title='bbox 781 2829 796 2884; x_wconf 83' lang='grc' dir='ltr'>ΙΙ</span> <span class='ocrx_word' id='word_1_261' title='bbox 821 2833 872 2871; x_wconf 84' lang='grc'>21</span> <span class='ocrx_word' id='word_1_262' title='bbox 910 2826 1103 2871; x_wconf 75' lang='lat' dir='ltr'>sanioris</span> <span class='ocrx_word' id='word_1_263' title='bbox 1140 2826 1411 2871; x_wconf 76' lang='lat' dir='ltr'>VAFParr.</span> <span class='ocrx_word' id='word_1_264' title='bbox 1438 2827 1557 2883; x_wconf 67' lang='lat' dir='ltr'>plo-q.</span> <span class='ocrx_word' id='word_1_265' title='bbox 1587 2828 1713 2883; x_wconf 79' lang='lat' dir='ltr'>(opp.</span> <span class='ocrx_word' id='word_1_266' title='bbox 1744 2826 1907 2870; x_wconf 83' lang='lat' dir='ltr'>insana,</span> 
     </span>
     <span class='ocr_line' id='line_1_39' title="bbox 228 2885 1514 2943; baseline 0.001 -14"><span class='ocrx_word' id='word_1_267' title='bbox 228 2887 429 2943; x_wconf 81' lang='lat' dir='ltr'>flagrans</span> <span class='ocrx_word' id='word_1_268' title='bbox 461 2886 691 2942; x_wconf 86' lang='lat' dir='ltr'>libidine);</span> <span class='ocrx_word' id='word_1_269' title='bbox 726 2899 817 2930; x_wconf 88' lang='lat' dir='ltr'>sen.</span> <span class='ocrx_word' id='word_1_270' title='bbox 851 2887 995 2942; x_wconf 78' lang='grc' dir='ltr'>υ1124</span> <span class='ocrx_word' id='word_1_271' title='bbox 1026 2885 1106 2942; x_wconf 88' lang='lat' dir='ltr'>qui</span> <span class='ocrx_word' id='word_1_272' title='bbox 1146 2885 1283 2939; x_wconf 81' lang='lat' dir='ltr'>VAe,·</span> <span class='ocrx_word' id='word_1_273' title='bbox 1315 2899 1406 2942; x_wconf 90' lang='lat' dir='ltr'>quo</span> <span class='ocrx_word' id='word_1_274' title='bbox 1438 2885 1514 2930; x_wconf 81' lang='lat' dir='ltr'>Fv</span> 
     </span>
    </p>
   </div>
   <div class='ocr_carea' id='block_1_18' title="bbox 2048 2474 2054 2565">
    <p class='ocr_par' dir='ltr' id='par_1_18' title="bbox 2048 2474 2054 2565">
     <span class='ocr_line' id='line_1_40' title="bbox 2048 2474 2054 2565; baseline 0 0"><span class='ocrx_word' id='word_1_275' title='bbox 2048 2474 2054 2565; x_wconf 73' lang='lat' dir='ltr'>i</span> 
     </span>
    </p>
   </div>
  </div>
 </body>
</html>
