2004 3140
578 181 644 213 DE
669 179 907 214 οΙἮΤΑΤΕ
930 180 1019 212 Dm
1042 180 1084 213 L.
1107 181 1211 213 xm.
1235 179 1274 214 c.
1299 182 1330 214 4.
1689 169 1796 222 357

118 294 334 361 quand0‚
379 292 485 360 ubi,
534 307 630 357 quo
679 292 822 342 modo
862 300 962 342 tam
1000 292 1126 342 bene
1169 308 1220 342 se
1260 292 1442 342 habere
1482 295 1532 342 in
1571 293 1663 342 hac
1701 295 1798 342 vita

116 375 348 434 possunt,
402 373 457 416 ut
510 381 609 415 non
665 366 757 415 sub
811 367 1015 416 incertis
1070 366 1265 416 casibus
1314 364 1600 417 fluctuent?
1678 367 1801 426 Quis

118 444 247 492 enim
279 441 417 490 dolor
450 442 726 490 contrarius
766 440 1019 507 voluptati,
1058 456 1181 505 quae
1221 441 1511 506 inquietudo
1553 443 1799 491 contraria

117 517 270 580 quieti
300 517 350 564 in
384 529 565 580 corpus
597 515 774 564 cadere
807 516 1042 580 sapientis
1073 530 1173 564 non
1211 511 1410 580 potest?
1462 515 1799 565 Membrorum

117 597 251 639 certe
290 590 557 654 amputatio
605 588 679 637 vel
727 587 952 638 debilitas
1001 588 1214 638 hominis
1256 596 1504 654 expugnat
1542 590 1796 639 incolumi·
1831 598 1857 637 5

118 670 290 731 tatem,
344 663 628 712 deformitas
682 661 1128 729 pulchritudinem,
1183 662 1477 712 inbecillitas
1526 665 1800 725 sanitatem,

115 739 244 786 vires
291 736 551 803 lassitudO,
599 736 919 786 mobilitatem
968 744 1138 802 torpor
1185 744 1269 787 aut
1315 737 1546 803 tarditas;
1593 743 1643 786 et
1683 737 1798 801 quid

114 811 291 861 horum
340 819 440 877 est,
495 811 626 879 quod
673 818 886 875 nequeat
932 812 983 859 in
1031 826 1230 860 carnem
1279 812 1514 876 sapientis
1563 808 1801 860 inruere?

116 885 284 935 Status
336 900 532 950 quoque
583 887 806 950 corporis
858 892 1005 950 atque
1063 893 1250 951 mot11S‚
1305 900 1418 935 cum
1469 885 1701 934 decentes
1753 891 1802 933 et

116 966 448 1024 congruentes
498 966 640 1025 sunt,
690 961 821 1009 inter
868 967 1071 1009 naturae
1123 960 1281 1024 prima
1320 965 1667 1025 numerantur3
1715 959 1800 1007 sed
1837 968 1892 1007 10

117 1033 234 1098 quid
275 1035 317 1082 si
364 1032 523 1097 aliqua
575 1032 698 1082 mala
737 1033 962 1083 valetudo
1003 1032 1222 1083 membra
1261 1040 1478 1082 tremore
1519 1030 1803 1082 concutiat?

118 1107 235 1172 quid
283 1109 324 1156 si
371 1121 528 1170 usque
577 1107 635 1155 ad
682 1107 935 1172 ponendas
982 1109 1033 1157 in
1081 1114 1214 1156 terra
1261 1122 1435 1156 manus
1484 1107 1617 1156 dorsi
1665 1108 1803 1172 spina

118 1188 352 1230 curvetur
392 1187 442 1229 et
480 1180 728 1230 hominem
777 1181 988 1246 quodam
1028 1181 1172 1230 modo
1214 1180 1583 1246 quadrupedem
1623 1178 1805 1230 saciat?

118 1254 291 1303 Nonne
331 1269 527 1303 omnem
560 1255 806 1304 statuendi
847 1257 1069 1320 corporis
1111 1262 1160 1303 et
1197 1254 1426 1304 movendi
1466 1256 1682 1320 speciem
1722 1255 1802 1304 de-

118 1343 305 1393 cusque
366 1325 653 1393 pervertet?
730 1328 855 1387 Quid
920 1331 1076 1394 ipsius
1130 1331 1279 1377 animi
1332 1331 1623 1394 primigenia
1678 1344 1803 1394 quae
1839 1337 1893 1377 15

118 1402 424 1468 appellantur
463 1401 614 1468 bona,
664 1401 750 1451 ubi
790 1403 887 1452 duo
927 1405 1084 1468 prima
1124 1406 1316 1468 ponunt
1353 1410 1558 1468 propter
1598 1419 1804 1468 conpre-

118 1477 406 1525 hensionem
467 1478 939 1541 perceptionemque
1001 1479 1221 1527 veritatis
1291 1492 1490 1526 sensum
1555 1484 1603 1526 et
1664 1477 1806 1526 intel-

116 1547 336 1600 lectum?
414 1549 510 1599 Sed
557 1550 713 1615 qualis
762 1558 1074 1616 quantusque
1123 1558 1345 1600 remanet
1393 1566 1590 1618 sensuS‚
1637 1553 1699 1617 si,
1751 1558 1807 1600 ut

118 1624 209 1673 alia
249 1632 461 1690 taceam,
510 1625 595 1674 fiat
632 1624 778 1673 homo
819 1625 1001 1689 surdus
1042 1632 1091 1674 et
1129 1622 1342 1674 caecus?
1418 1625 1559 1674 Ratio
1601 1640 1715 1674 vero
1757 1632 1807 1674 et

117 1698 450 1763 intellegentia
498 1713 596 1762 quo
643 1698 873 1764 recedet,
923 1698 1009 1747 ubi
1057 1701 1302 1764 sopietur,
1350 1701 1391 1747 si
1430 1699 1592 1763 aliquo
1633 1698 1804 1748 morbo
1841 1709 1896 1748 20

118 1773 359 1822 efficiatur
398 1768 637 1820 insanus?
720 1771 1003 1821 Phrenetici
1041 1772 1194 1822 multa
1233 1772 1445 1822 absurda
1484 1787 1598 1821 cum
1637 1772 1807 1822 dicunt

121 1847 196 1895 vel
238 1847 445 1911 faciunt,
493 1845 786 1910 plerumque
826 1862 853 1894 a
892 1845 1021 1895 bono
1062 1862 1150 1895 suo
1200 1848 1454 1911 proposito
1496 1853 1545 1895 et
1583 1846 1806 1896 moribus

121 1920 299 1985 aliena,
345 1921 494 1968 immo
551 1935 640 1968 suo
693 1919 823 1968 bono
872 1922 1127 1985 proposito
1174 1919 1493 1984 moribusque
1547 1922 1806 1981 contraria,

119 1995 219 2042 sive
259 1993 339 2042 illa
379 1994 651 2058 cogitemus
691 1995 791 2042 sive
831 1994 1105 2060 videamuS,
1152 1996 1193 2043 si
1234 1994 1379 2059 digne
1420 1994 1806 2061 considerem11S‚

118 2068 343 2116 lacrimas
405 2074 575 2116 tenere
623 2068 701 2115 vix
747 2083 1011 2132 possumus
1066 2075 1150 2118 aut
1211 2069 1339 2117 forte
1386 2084 1478 2117 nec
1525 2083 1804 2133 possumus,
1840 2076 1895 2117 25

121 2141 248 2199 Quid
298 2141 455 2190 dicam
506 2140 566 2190 de
618 2140 717 2207 his,
765 2143 850 2206 qui
898 2141 1191 2191 daemonum
1239 2144 1496 2207 patiuntur
1535 2139 1808 2192 incursus?

119 2214 213 2264 Ubi
252 2214 433 2264 habent
471 2214 807 2265 absconditam
847 2215 922 2265 vel
962 2215 1189 2266 obrutam
1229 2216 1613 2281 intellegentiam
1653 2232 1807 2282 suam,

122 2289 315 2353 quando
367 2289 641 2338 secundum
692 2304 830 2339 suam
880 2289 1182 2339 voluntatem
1230 2297 1280 2339 et
1327 2292 1486 2339 anima
1537 2305 1710 2339 eorum
1759 2298 1808 2340 et

121 2377 328 2428 corpore
375 2362 617 2428 malignus
664 2365 822 2412 utitur
876 2360 1118 2429 spiritus?
1192 2363 1254 2413 Et
1301 2365 1412 2428 quis
1460 2364 1662 2413 confidit
1709 2364 1803 2412 hoc

119 2435 300 2486 malum
346 2437 397 2485 in
443 2436 534 2486 hac
579 2438 675 2486 vita
723 2438 921 2501 evenire
972 2452 1071 2486 non
1111 2453 1256 2502 posse
1298 2435 1542 2502 sapienti?
1618 2437 1803 2486 Deinde
1838 2446 1896 2485 30

119 2511 371 2574 perceptio
418 2511 638 2560 veritatis
688 2512 739 2559 in
789 2509 880 2559 hac
931 2526 1079 2560 carne
1132 2511 1288 2575 qualis
1346 2517 1430 2560 aut
1486 2517 1666 2575 quanta
1715 2518 1806 2576 est,

123 2583 339 2649 quando,
390 2585 519 2633 sicut
555 2583 763 2648 legimus
810 2586 860 2633 in
909 2586 1070 2633 veraci
1108 2584 1235 2633 libro
1276 2585 1565 2650 sapientiae,
1619 2599 1806 2646 corpus

124 2658 452 2717 corruptibile
505 2660 760 2719 adyravat
806 2660 1024 2707 animam
1079 2665 1129 2708 et
1174 2660 1410 2721 deprimit
1462 2663 1670 2707 terrena
1730 2661 1803 2706 in-

158 2916 207 2957 ta
245 2860 268 2899 7
285 2855 482 2959 &cquid
526 2870 553 2901 v
598 2860 614 2915 ΙΙ
661 2863 714 2903 12
759 2861 886 2903 terra.
931 2858 1126 2916 RLbf9,·
1175 2860 1348 2903 terram
1386 2858 1459 2903 Av
1505 2860 1520 2915 u
1566 2862 1620 2901 27
1670 2858 1805 2902 obru-

124 2929 155 2970 Ρ
210 2929 255 2957 m
