2044 3146
572 155 638 188 DE
663 154 901 188 01vrrA'rE
926 155 1015 187 nm
1039 155 1083 189 L.
1109 156 1210 188 XVI.
1236 154 1272 188 c.
1297 156 1350 188 36.
1375 157 1429 189 37.
1737 144 1842 199 183

161 272 222 321 de
271 269 530 334 scripturis
576 268 759 317 sanctis
806 268 1079 332 patrocinia
1126 267 1499 332 requirentibus
1538 268 1733 318 videtur
1773 269 1841 318 fe-

159 347 285 395 cisse
332 340 556 408 libidine3
611 340 787 390 deinde
837 347 892 391 ut
940 342 1085 391 etiam
1132 340 1225 392 hoc
1274 344 1578 407 noverimus,
1634 357 1732 391 non
1783 357 1842 391 ex

160 418 302 468 bonis
348 414 554 481 singulis
601 417 733 464 inter
782 430 834 464 se
882 414 1107 465 homines
1157 431 1449 482 conparare,
1506 414 1592 465 sed
1643 417 1694 465 in
1742 431 1841 466 uno

157 505 352 556 quoque
409 488 780 538 consideremus
837 490 1079 539 universa.
1171 488 1304 539 Fieri
1361 492 1492 539 enim
1546 497 1733 556 potest,
1788 497 1842 539 ut

156 564 331 614 habeat
377 562 560 628 aliquid
610 565 661 612 in
700 564 797 612 vita
837 569 886 612 et
926 562 1147 612 moribus
1188 565 1454 630 quispiam,
1502 578 1599 628 quo
1641 570 1842 628 superat
1874 572 1901 613 5

155 634 320 704 alium,
359 637 507 703 idque
548 639 613 687 sit
651 636 794 702 longe
834 628 1194 703 praestabiliuS,
1235 652 1382 702 quam
1422 644 1498 686 est
1536 636 1671 702 illud,
1711 637 1840 686 unde

156 711 215 761 ab
256 711 348 761 alio
389 718 666 777 superatur.
721 711 790 760 Ac
828 726 919 776 per
957 710 1050 760 hoc
1092 726 1209 761 sano
1242 726 1458 776 veroque
1491 709 1688 778 iudici0,
1729 726 1841 760 eum

154 787 458 835 continentia
497 786 726 850 coniugio
766 784 1098 851 praeferatur,
1146 785 1320 834 melior
1368 792 1444 835 est
1490 791 1656 834 tamen
1695 784 1840 834 homo

155 859 314 910 fidelis
365 861 657 924 coniugatus
704 874 850 924 quam
891 861 1150 908 continens
1190 858 1415 908 infidelis.
1494 857 1591 907 Sed
1631 858 1841 907 infidelis

154 934 300 982 homo
341 949 440 982 non
481 933 637 982 solum
679 935 841 982 minus
881 932 1176 999 laudanduS,
1230 948 1403 982 verum
1443 933 1590 982 etiam
1629 934 1837 983 maxime
1875 942 1929 982 10

153 1007 475 1057 detestandus
530 1014 620 1056 est.
706 1006 1075 1056 Constituamus
1124 1005 1293 1056 ambos
1340 1006 1518 1072 bonos3
1574 1008 1722 1055 etiam
1769 1007 1839 1055 sic

154 1082 380 1146 profecto
420 1080 595 1130 melior
636 1088 711 1130 est
749 1081 1040 1145 coniugatus
1081 1080 1396 1130 fidelissimus
1429 1087 1479 1129 et
1511 1079 1840 1129 oboedientis-

153 1157 310 1204 simus
334 1154 436 1204 Deo
476 1169 623 1219 quam
664 1156 923 1203 continens
964 1155 1169 1203 minoris
1209 1153 1323 1203 fidei
1364 1155 1667 1218 minorisque
1694 1152 1839 1202 oboe-

150 1228 379 1278 dientiae.
436 1227 488 1277 Si
519 1243 636 1277 vero
668 1229 804 1292 paria
843 1229 942 1277 sint
981 1234 1160 1293 cetera,
1201 1229 1538 1277 continentem
1578 1228 1838 1292 coniugato

151 1303 406 1368 praeferre
448 1303 558 1366 quis
598 1297 847 1367 ambigat?
1875 1309 1928 1350 15

741 1459 937 1514 CAPUT
978 1459 1253 1514 XXXVII.

307 1569 384 1619 De
421 1569 519 1628 his,
560 1582 692 1629 quae
731 1570 782 1616 in
823 1568 962 1617 Esau
1009 1573 1059 1618 et
1097 1567 1251 1617 Iacob
1291 1570 1500 1631 mystice
1532 1581 1684 1630 prae-

797 1642 1177 1704 fiqurabantur.

299 1744 405 1794 Duo
444 1746 596 1809 igitur
634 1743 767 1794 Isaac
806 1743 893 1793 filii
923 1743 1055 1793 Esau
1096 1751 1145 1793 et
1176 1743 1320 1792 Iacob
1359 1745 1545 1809 pariter
1585 1751 1831 1793 crescunt.

150 1819 396 1868 Primatus
447 1819 646 1867 maioris
697 1817 1061 1867 transfunditur
1107 1819 1158 1866 in
1205 1819 1448 1866 minorem
1495 1833 1554 1866 ex
1601 1825 1743 1882 pacto
1785 1823 1834 1866 et
1867 1827 1923 1867 20

150 1890 328 1958 placito
368 1893 498 1941 inter
537 1891 661 1958 illos,
700 1907 758 1940 eo
792 1891 923 1956 quod
955 1890 1254 1957 lenticulam,
1294 1906 1442 1956 quem
1475 1890 1641 1940 cibum
1673 1892 1834 1940 minor

148 1972 427 2032 paraverat,
482 1967 636 2014 maior
689 1965 1045 2015 inmoderatius
1101 1966 1403 2031 concupivit,
1458 1979 1616 2029 eoque
1672 1966 1832 2030 pretio

148 2041 476 2105 primogenita
516 2054 604 2088 sua
643 2039 784 2088 fratri
822 2040 1065 2088 iuratione
1106 2040 1399 2104 interposita
1438 2037 1670 2087 vendidit.
1742 2037 1835 2087 Ubi

147 2114 386 2163 discimus
431 2115 482 2162 in
529 2112 772 2162 vescendo
819 2127 918 2162 non
966 2111 1064 2162 cibi
1103 2127 1309 2179 genere,
1363 2111 1450 2161 sed
1490 2111 1717 2162 aviditate
1758 2112 1831 2161 in-

149 2187 369 2237 modesta
395 2202 640 2252 quemque
667 2186 979 2251 culpandum.
1021 2185 1247 2236 Senescit
1270 2185 1404 2235 Isaac
1438 2187 1643 2250 eiusque
1677 2185 1834 2235 oculis
1867 2194 1923 2235 25

149 2276 241 2326 per
280 2267 530 2310 senectam
570 2262 702 2310 visus
742 2260 980 2309 aufertur.
1057 2258 1169 2309 Vult
1208 2259 1503 2310 benedicere
1544 2259 1698 2309 filium
1737 2274 1835 2309 ma-

149 2336 306 2384 iorem
345 2340 395 2383 et
432 2349 522 2399 pro
562 2333 644 2383 illo
685 2335 912 2383 nesciens
951 2332 1201 2383 benedicit
1241 2335 1505 2399 minorem,
1552 2348 1643 2398 pro
1684 2333 1834 2382 fratre

149 2409 350 2474 maiore,
375 2409 461 2472 qui
493 2414 598 2456 erat
629 2407 832 2473 pilosuS,
864 2422 916 2456 se
948 2408 1167 2472 paternis
1199 2406 1426 2457 manibus
1459 2413 1836 2473 supponentem,

149 2480 371 2531 haedinis
411 2480 506 2531 sibi
543 2481 788 2546 pelliculis
828 2482 1066 2546 coaptatis
1106 2479 1238 2530 velut
1286 2480 1443 2530 aliena
1480 2486 1682 2545 peccata
1722 2495 1833 2545 por-

150 2561 349 2604 tantem.
410 2554 507 2604 Iste
541 2554 682 2604 dolus
721 2553 866 2603 Iacob
906 2570 967 2603 ne
1007 2561 1268 2620 putaretur
1308 2553 1651 2603 fraudulentus
1691 2553 1832 2602 dolus
1866 2562 1924 2602 30

268 2668 343 2722 23)
376 2665 488 2710 Gen.
522 2672 592 2722 25,
625 2672 680 2711 29
715 2682 812 2723 sqq.

269 2830 295 2870 8
329 2827 400 2871 est
429 2839 512 2870 om.
536 2827 582 2871 R
604 2830 620 2885 u
645 2832 698 2872 15
730 2827 934 2885 proferre
970 2827 1055 2881 V¹‚·
1087 2826 1312 2884 praeferri
1353 2826 1520 2872 V²ab²e
1543 2828 1558 2883 ss
1582 2831 1638 2871 24
1669 2826 1838 2884 immo-1

148 2884 311 2929 derata
341 2899 365 2929 ι
389 2887 404 2941 ΙΙ
429 2890 484 2929 30
516 2887 652 2931 Iacob
684 2901 767 2931 om.
809 2890 850 2929 V
