2004 3140
128 961 180 1000 10

211 162 319 216 594
889 172 925 204 S.
950 171 1225 234 soeosmm

212 291 263 337 in
303 300 591 335 mensuram
639 287 820 335 aetatis
853 287 1185 347 plenitudinis
1231 286 1436 345 Christi,
1486 290 1556 333 et:
1611 283 1906 346 Conformes

212 363 447 421 imayinis
482 362 582 419 filii
619 359 735 420 Dei,
787 374 878 407 nec
917 361 968 407 in
1009 374 1130 407 sexu
1169 359 1380 407 femineo
1422 364 1792 407 resurrecturas
1832 358 1901 407 fe·

211 436 367 482 minas
408 433 640 498 credunt,
690 431 776 480 sed
815 434 864 481 in
905 432 1035 481 virili
1075 447 1245 490 omnes
1286 434 1444 498 aiunt,
1497 434 1728 496 quoniam
1767 431 1902 481 Deus

213 507 370 557 solum
410 508 572 555 virum
619 507 736 555 fecit
762 521 845 554 ⁴ex
885 506 1023 571 limo,
1075 506 1305 554 feminam
1348 520 1407 553 ex
1446 507 1565 555 viro,
1644 505 1740 554 Sed
1781 505 1900 554 mihi

212 581 388 630 melius
429 595 601 645 sapere
642 579 893 646 videntur,
946 582 1029 644 qui
1070 587 1338 644 utrumque
1379 593 1551 628 sexum
1589 586 1901 628 resurrectu-

211 670 322 704 rum
371 670 479 703 esse
528 669 627 703 non
668 653 907 703 dubitant.
983 653 1093 702 Non
1146 655 1276 702 enim
1315 652 1465 701 libido
1505 652 1574 701 ibi
1613 655 1728 718 erit,
1779 668 1904 717 quae

212 729 516 777 confusionis
557 734 632 776 est
682 742 841 776 causa.
919 727 1040 776 Nam
1079 728 1370 792 priusquam
1409 733 1727 793 peccassent,
1782 727 1903 775 nudi

212 810 377 867 erant,
426 810 474 850 et
514 817 613 850 non
653 800 1083 850 confundebantur
1125 803 1197 849 vir
1237 809 1286 850 et
1325 802 1519 850 femina.
1598 799 1903 865 Corporibus

212 892 327 941 ergo
351 875 447 924 illis
466 877 580 924 vitia
598 875 935 941 detrahentur,
960 881 1136 924 natura
1165 868 1453 924 servabitur.
1502 874 1610 922 Non
1637 881 1712 923 est
1738 883 1903 923 autem

213 952 386 999 vitium
427 965 574 998 sexus
615 949 886 1015 femineUS,
927 949 1012 997 sed
1053 955 1250 1012 natura,
1291 964 1415 1014 quae
1455 955 1574 997 tunc
1615 947 1815 1012 quidem
1855 954 1904 997 et

215 1040 241 1072 a
282 1022 548 1072 concubitu
582 1029 632 1071 et
664 1038 690 1070 a
721 1030 867 1087 partu
906 1024 1124 1071 inmunis
1164 1025 1281 1089 erit3
1323 1030 1471 1072 erunt
1511 1024 1642 1070 enim
1681 1021 1903 1070 membra

214 1098 426 1147 feminea
473 1112 572 1145 non
625 1096 993 1146 adcommodata
1039 1097 1153 1145 usui
1200 1098 1377 1163 veteri,
1429 1096 1514 1145 sed
1556 1097 1722 1145 decori
1762 1110 1903 1161 ηονο,

214 1187 311 1236 quo
360 1186 459 1220 non
508 1170 747 1220 alliciatur
795 1172 1077 1235 aspicientis
1126 1171 1548 1236 concupiscentia,
1598 1185 1722 1234 quae
1772 1168 1904 1218 nulla

215 1248 334 1312 erit,
383 1244 469 1294 sed
509 1244 597 1293 Dei
649 1243 877 1293 laudetur
925 1246 1163 1308 sapientia
1211 1250 1358 1308 atque
1400 1244 1681 1308 clementia,
1730 1244 1815 1306 qui
1855 1249 1905 1292 et

133 1329 185 1369 15
219 1319 350 1383 quod
383 1334 483 1367 non
525 1325 631 1367 erat
669 1319 786 1367 fecit
826 1324 875 1366 et
912 1317 1136 1366 liberavit
1175 1333 1202 1366 a
1242 1319 1560 1382 corruptione
1601 1316 1732 1381 quod
1772 1316 1907 1366 fecit.

127 1698 183 1737 20

132 2066 186 2105 25

132 2434 187 2473 30

213 1393 279 1442 Ut
318 1394 449 1441 enim
500 1394 552 1440 in
603 1391 804 1440 exordio
856 1393 1053 1455 generis
1102 1391 1305 1440 humani
1354 1390 1413 1439 de
1459 1390 1612 1439 latere
1661 1391 1754 1438 viri
1793 1390 1904 1438 dor-

212 1468 411 1515 mientis
444 1473 580 1514 costa
613 1465 831 1514 detracta
862 1465 1042 1513 femina
1084 1465 1240 1530 fieret,
1281 1464 1532 1514 Christum
1565 1471 1614 1513 et
1645 1463 1905 1513 ecclesiam

214 1540 299 1589 tali
347 1540 473 1589 facto
519 1541 615 1588 iam
664 1546 783 1588 tunc
831 1538 1116 1603 prophetari
1163 1538 1434 1603 oportebat.
1514 1538 1672 1602 Sopor
1722 1539 1905 1602 quippe

214 1614 295 1662 ille
335 1615 428 1662 viri
468 1628 600 1661 mors
642 1619 745 1661 erat
787 1611 991 1677 Christi,
1043 1613 1185 1661 cuius
1227 1614 1463 1661 exanimis
1502 1613 1554 1660 in
1594 1627 1746 1660 cruce
1785 1626 1905 1675 pen-

217 1688 378 1736 dentis
417 1687 544 1735 latus
591 1686 759 1735 lancea
803 1686 1110 1750 perforatum
1150 1694 1226 1734 est
1277 1693 1424 1750 atque
1464 1685 1578 1734 inde
1619 1687 1817 1749 sanguis
1857 1691 1907 1733 et

216 1777 341 1825 aqua
381 1760 607 1826 defluxit3
649 1776 773 1824 quae
815 1766 1121 1808 sacramenta
1162 1775 1270 1809 esse
1311 1761 1537 1808 novimus
1549 1799 1563 1825 ,
1605 1758 1784 1823 quibus
1827 1773 1904 1807 ae-

217 1835 442 1883 dificatur
499 1834 718 1883 ecclesia.
795 1833 918 1883 Nam
971 1833 1064 1882 hoc
1121 1835 1266 1882 etiam
1317 1832 1467 1881 verbo
1521 1835 1765 1898 scriptura
1818 1847 1907 1881 usa

217 1916 313 1974 est,
353 1908 438 1956 ubi
478 1923 577 1956 non
617 1907 797 1972 legitur
835 1902 1139 1973 „formavit“
1178 1914 1262 1956 aut
1299 1901 1526 1974 „finxit“,
1567 1907 1675 1956 sed:
1715 1906 1903 1965 Aedili-

220 1985 354 2031 cavit
393 1996 503 2031 eam
544 1985 595 2030 in
635 1985 922 2038 mulierem;
968 1980 1099 2029 unde
1140 1987 1189 2029 et
1229 1981 1479 2045 apostolus
1519 1979 1907 2029 aedificationem

222 2056 340 2104 dicit
395 2057 616 2119 corporis
674 2055 876 2120 Christi,
933 2054 1063 2118 quod
1115 2061 1190 2103 est
1238 2054 1457 2103 ecclesia.
1543 2053 1778 2102 Creatura
1833 2059 1908 2101 est

222 2144 338 2193 ergo
379 2128 468 2177 Dei
522 2129 705 2177 femina
760 2130 888 2177 sicut
926 2129 1022 2193 vir3
1070 2128 1156 2176 sed
1196 2135 1251 2176 ut
1291 2128 1349 2176 de
1392 2129 1494 2176 viro
1535 2128 1703 2194 fieret,
1742 2128 1908 2175 unitas

220 2202 579 2267 commendata;
631 2209 687 2250 ut
727 2208 890 2250 autem
929 2200 1010 2248 illo
1051 2201 1195 2249 modo
1236 2202 1400 2265 fieret,
1448 2200 1674 2250 Christus
1687 2241 1700 2266 ,
1740 2207 1796 2249 ut
1836 2199 1905 2248 di-

220 2282 354 2324 ctum
410 2282 510 2340 est,
563 2282 612 2323 et
662 2275 869 2323 ecclesia
916 2275 1120 2337 figurata
1169 2281 1258 2323 est.
1337 2274 1432 2331 Qui
1480 2289 1596 2337 ergo
1639 2282 1906 2337 utrumque

221 2364 392 2398 sexum
442 2350 675 2415 instituit,
724 2354 990 2411 utrumque
1037 2350 1281 2396 restituet.
1358 2346 1580 2411 Denique
1620 2349 1725 2411 ipse
1766 2346 1906 2395 Iesus

219 2425 551 2486 interrogatus
600 2437 625 2470 a
674 2421 995 2487 SadducaeiS,
1048 2422 1132 2484 qui
1182 2420 1426 2485 negabant
1473 2422 1909 2485 resurrectionem,

221 2498 362 2545 cuius
403 2501 593 2560 septem
634 2496 843 2544 fratrum
882 2496 976 2543 erit
1015 2509 1165 2560 uxor,
1207 2510 1352 2559 quam
1393 2494 1573 2559 singuli
1611 2493 1909 2558 hahuerunt,

341 2627 383 2679 1)
414 2623 531 2679 Eph.
567 2627 615 2677 4,
661 2627 725 2665 13.
790 2623 834 2678 2)
867 2622 998 2665 Rom.
1032 2625 1080 2675 8,
1122 2627 1190 2667 29.
1256 2625 1329 2676 17)
1363 2621 1473 2666 Gen.
1509 2627 1557 2677 2,
1599 2625 1668 2664 21.
1732 2620 1806 2675 21)
1840 2619 1906 2664 Io.

223 2688 292 2738 19,
325 2687 393 2726 34.
457 2683 531 2737 24)
567 2681 678 2724 Gen.
713 2686 754 2736 2,
789 2687 857 2726 22.
921 2684 994 2736 25)
1026 2680 1142 2736 Eph.
1178 2686 1218 2736 4,
1255 2686 1319 2725 12.

344 2848 395 2886 11
431 2843 553 2886 enim
584 2843 750 2897 scripsi
758 2859 774 2895 ;
804 2843 962 2886 tamen
993 2857 1017 2886 v
1064 2844 1079 2898 ΙΙ
1126 2847 1178 2885 21
1215 2842 1407 2886 defluxit
1435 2841 1506 2896 R‚·
1537 2840 1671 2884 fluxit
1701 2840 1745 2883 A
1755 2856 1772 2894 ,·
1801 2853 1908 2895 pro—

222 2901 355 2946 fluxit
385 2915 410 2945 v
434 2904 448 2958 ΙΙ
473 2907 527 2946 29
562 2903 609 2944 et
638 2901 738 2956 ipse
771 2915 795 2945 v
