2004 3140
202 162 308 214 586
873 171 908 205 s.
931 171 1207 206 AUGUS'rm

200 285 290 335 hac
339 285 464 334 mole
514 284 631 348 quid
678 286 777 349 agit
823 284 1049 334 subtilior
1097 282 1361 334 omnibus?
1436 285 1492 334 In
1531 283 1624 334 hoc
1663 284 1882 349 pondere
1932 334 1936 337 ,

201 359 318 424 quid
374 360 471 423 agit
524 357 678 407 levior
733 355 997 407 omnibus?
1073 358 1129 406 In
1182 358 1272 408 hac
1326 359 1554 408 tarditate
1610 358 1728 423 quid
1782 362 1881 424 agit

201 432 409 482 celerior
448 428 713 481 omnibus?
789 432 924 481 ltane
963 447 1053 496 per
1092 431 1241 481 huius
1280 439 1379 481 tam
1418 431 1703 482 excellentis
1743 440 1882 482 natu-

200 521 282 555 rae
322 507 555 555 meritum
594 521 693 554 non
731 507 914 570 poterit
953 506 1104 572 effici,
1144 512 1200 555 ut
1238 521 1419 571 corpus
1459 507 1565 555 eius
1603 506 1795 556 levetur
1833 508 1885 556 in

139 591 166 630 5
200 580 404 646 caelum,
445 586 494 629 et
533 595 646 629 cum
687 579 839 629 valeat
878 595 1010 628 nunc
1051 586 1225 629 natura
1265 595 1528 644 corporum
1569 586 1885 629 terrenorum

200 654 476 718 deprimere
529 655 713 702 animas
764 653 1019 719 deorsum,
1073 653 1333 718 aliquando
1390 661 1439 702 et
1485 655 1673 703 animae
1722 654 1885 703 levare

200 743 398 777 sursum
438 734 635 776 terrena
676 743 883 792 corpora
922 743 1021 776 non
1061 725 1325 777 valebunt?

346 801 446 850 Iam
495 803 537 850 si
584 801 642 850 ad
694 816 868 851 eorum
915 801 1149 850 miracula
1195 804 1470 868 veniamUS,
1520 816 1644 865 quae
1695 801 1822 850 facta
1861 817 1887 850 a

200 876 293 924 diis
341 876 444 924 suis
492 883 749 939 opponunt
795 874 1093 939 martyribus
1133 877 1339 941 nostriS,
1386 890 1551 924 nonne
1593 876 1739 924 etiam
1778 877 1886 940 ipsa

114 960 167 999 10
200 964 289 1014 pro
329 948 471 997 nobis
519 949 681 997 facere
730 955 778 998 et
830 948 971 998 nobis
1011 951 1326 1014 reperientur
1366 950 1565 998 omnino
1605 946 1887 1013 proficere?

196 1023 319 1072 Nam
357 1024 488 1071 inter
527 1037 698 1087 magna
746 1022 981 1071 miracula
1030 1023 1236 1072 deorum
1276 1038 1481 1072 suorum
1518 1023 1741 1088 profecto
1781 1038 1881 1072 ma-

198 1111 351 1162 gnum
395 1095 515 1145 illud
563 1103 659 1162 est,
708 1097 836 1160 quod
886 1095 1038 1145 Varro
1087 1103 1462 1163 commemorat,
1500 1095 1747 1146 Vestalem
1786 1098 1882 1146 vir-

197 1173 381 1236 ginem,
423 1185 535 1220 cum
566 1170 930 1235 periclitaretur
970 1170 1029 1219 de
1071 1177 1243 1236 stupro
1283 1170 1403 1220 falsa
1442 1172 1749 1237 suspicione,
1789 1172 1883 1220 cri—

196 1245 343 1293 brum
389 1243 619 1308 implesse
666 1259 791 1308 aqua
838 1244 898 1293 de
945 1244 1114 1294 Tiberi
1163 1251 1213 1294 et
1258 1245 1318 1294 ad
1366 1260 1481 1294 suos
1521 1244 1709 1294 iudices
1750 1244 1883 1294 nulla

111 1328 165 1368 15
200 1320 304 1367 eius
350 1317 654 1382 perstillante
702 1324 840 1382 parte
888 1325 1126 1382 portasse.
1205 1318 1326 1376 Quis
1374 1334 1527 1383 aquae
1568 1318 1759 1383 pondus
1800 1334 1880 1367 su-

196 1407 285 1457 pra
333 1391 552 1440 cribrum
599 1388 794 1440 tenuit?
871 1391 992 1449 Quis
1039 1399 1113 1441 tot
1159 1394 1381 1442 cavernis
1428 1391 1710 1457 patentibus
1761 1391 1883 1441 nihil

197 1466 309 1515 inde
349 1463 400 1513 in
439 1472 624 1514 terram
665 1464 840 1514 cadere
879 1463 1140 1530 permisit?
1215 1466 1522 1530 Responsuri
1562 1472 1700 1515 sunt:
1754 1465 1884 1532 ,‚Ali-.

198 1541 307 1603 quis
347 1538 469 1587 deus
509 1546 592 1588 aut
631 1538 807 1603 aliquis
847 1535 1100 1588 daemon.“
1178 1539 1230 1588 Si
1268 1539 1406 1606 deUS,
1446 1539 1686 1604 numquid
1726 1541 1883 1588 maior

198 1619 272 1661 est
311 1611 434 1678 Dec,
475 1614 558 1676 qui
598 1613 715 1662 fecit
753 1613 884 1662 hunc
925 1611 1202 1663 mundum?
1280 1612 1333 1662 Si
1372 1613 1603 1680 daemon,
1643 1613 1884 1678 numquid

106 1696 164 1736 20
198 1688 445 1751 potentior
497 1693 573 1735 est
622 1686 793 1751 angelo
807 1727 820 1751 ,
875 1689 960 1750 qui
1006 1686 1108 1736 Deo
1157 1690 1329 1753 servit,
1378 1703 1403 1736 a
1455 1703 1552 1752 quo
1600 1688 1758 1737 factus
1810 1694 1886 1736 est

197 1756 446 1809 mundus?
524 1759 577 1809 Si
627 1775 744 1824 ergo
796 1759 918 1810 deus
967 1762 1130 1810 minor
1176 1761 1252 1811 vel
1300 1761 1502 1826 angelus
1549 1761 1625 1810 vel
1673 1760 1880 1810 daemon

195 1835 358 1898 potuit
387 1833 581 1898 pondus
615 1833 768 1883 umidi
800 1834 1031 1884 elementi
1071 1837 1140 1884 sic
1183 1835 1503 1902 suspendere,
1543 1843 1599 1884 ut
1639 1849 1879 1899 aquarum

196 1907 419 1956 videatur
451 1914 635 1956 mutata
667 1908 821 1957 fuisse
856 1915 1056 1958 natura:
1095 1911 1227 1958 itane
1261 1909 1391 1958 Deus
1432 1910 1885 1975 omnipotenS,'qui

198 1982 361 2029 omnia
406 1983 512 2045 ipsa
559 1983 742 2030 creavit
790 1981 1053 2048 elementa,
1100 1989 1300 2032 terreno
1342 1984 1540 2047 corpori
1579 1997 1724 2047 grave
1763 1997 1886 2047 pon-

107 2065 164 2104 25
199 2056 289 2104 dus
341 2055 536 2103 auferre
589 2070 687 2103 non
737 2058 941 2122 poterit,
989 2063 1044 2105 ut
1093 2058 1144 2105 in
1193 2056 1365 2105 eodem
1415 2056 1657 2106 elemento
1698 2055 1886 2106 habitet

196 2128 490 2177 vivificatum
530 2143 727 2195 coerS,
766 2131 816 2177 in
857 2145 954 2193 quo
996 2129 1206 2179 voluerit
1243 2131 1491 2179 vivificans
1531 2127 1773 2194 spiritus?

346 2200 531 2249 Deinde
573 2217 685 2250 cum
733 2217 845 2250 aera
886 2202 1102 2252 medium
1139 2210 1326 2268 ponant
1363 2205 1495 2253 inter
1533 2205 1697 2268 ignem
1738 2203 1882 2252 desu-

195 2289 284 2339 per
324 2282 373 2323 et
411 2289 585 2339 aquam
626 2274 811 2340 subter,
852 2275 969 2339 quid
1009 2285 1085 2325 est
1123 2277 1255 2340 quod
1296 2291 1409 2326 eum
1447 2279 1579 2326 inter
1617 2291 1794 2340 aquam
1833 2283 1883 2326 et

197 2363 372 2412 aquam
412 2355 462 2397 et
499 2349 629 2397 inter
669 2363 845 2412 aquam
885 2355 934 2398 et
973 2355 1156 2398 terram
1197 2365 1341 2414 saepe
1380 2347 1695 2399 invenimus?
1751 2345 1907 2407 Quid'

106 2432 165 2472 30
199 2423 327 2470 enim
369 2421 537 2470 volunt
577 2437 684 2470 esse
726 2437 933 2486 aquosas
974 2422 1146 2490 nubeS,
1186 2425 1316 2472 inter
1356 2439 1477 2488 quas
1518 2432 1567 2472 et
1606 2425 1758 2472 maria
1797 2438 1881 2472 aer

196 2495 386 2543 medius
418 2492 702 2559 reperitur?
764 2495 1002 2562 Quonam,
1034 2512 1231 2562 quaese,
1272 2496 1629 2546 elementorum
1660 2496 1880 2561 pondere

196 2575 342 2632 atque
375 2568 546 2617 ordine
581 2569 807 2635 efficitur,
849 2577 902 2618 ut
936 2577 1183 2619 torrentes
1223 2570 1563 2620 violentissimi
1602 2577 1748 2634 atque
1790 2585 1880 2618 un-

196 2641 456 2706 dosissimi,
495 2649 755 2706 antequam
789 2642 880 2691 sub
913 2658 1024 2692 aere
1056 2645 1106 2692 in
1139 2645 1287 2692 terris
1320 2650 1536 2710 currant,
1577 2659 1727 2708 super
1767 2658 1884 2692 aera

201 2899 210 2907 .
319 2845 372 2943 ij
406 2841 696 2897 perstillante
736 2844 869 2898 parte
901 2843 973 2895 R‚·
1015 2844 1147 2900 parte
1183 2844 1390 2888 stillante
1423 2845 1495 2888 Av
1535 2846 1550 2900 ΙΙ
1590 2848 1648 2887 24
1679 2842 1783 2899 ipsa
1813 2842 1859 2886 R
1868 2859 1885 2896 ;

196 2913 295 2957 ipse
374 2914 399 2944 v
