2004 3140
574 113 640 145 DE
664 110 902 146 CIVITATE
926 112 1014 145 DEI
1038 112 1080 145 L.
1105 113 1187 145 xx.
1213 113 1250 146 c.
1276 115 1328 146 14.
1688 103 1797 156 4319

120 227 301 276 iudicio
341 225 563 276 diabolus
615 231 664 275 et
704 241 815 275 cum
855 241 945 275 suo
985 227 1208 291 principe
1249 228 1418 276 civitas
1456 228 1653 276 inimica
1691 242 1799 292 pas-

119 316 233 350 sura
281 308 370 350 est.
447 300 575 349 Dicit
623 302 775 350 enim:
830 301 896 349 Et
943 301 1193 362 diaboluS,
1249 304 1338 362 qui
1383 302 1658 351 seducebat
1702 316 1800 363 θος,

115 378 295 424 missus
342 380 416 424 est
455 377 505 423 in
550 380 783 435 staqnum
829 377 960 436 tynis
1007 381 1057 424 et
1092 377 1370 438 sulphuris,
1418 390 1514 436 quo
1554 380 1604 425 et
1641 377 1799 425 bestia

116 455 167 498 et
190 450 659 511 pseudopropheta;
698 454 748 497 et
778 450 1151 498 cruciabuntur
1192 451 1274 498 die
1313 463 1376 498 ae
1415 455 1561 499 noete
1599 451 1652 498 in
1689 463 1798 499 sae-

117 526 234 572 cula
282 525 614 572 saeculorum.
692 521 907 571 Bestiam
954 521 1079 570 hene
1127 522 1344 586 intellegi
1393 523 1550 586 ipsam
1601 524 1799 588 impiam
1829 532 1857 573 5

117 597 364 646 civitatem
414 611 562 660 supra
611 596 836 646 diximus,
912 595 1348 660 Pseudopropheta
1395 611 1511 645 vero
1564 597 1670 645 eius
1717 603 1801 646 aut

117 670 448 719 Antichristus
489 676 564 718 est
603 676 687 719 aut
725 672 883 734 imago
922 669 1017 736 illa,
1056 669 1104 718 id
1146 676 1221 718 est
1259 670 1561 735 figmentum,
1601 669 1661 718 de
1703 685 1800 735 quo

117 742 187 792 ibi
225 743 376 793 locuti
410 759 596 792 sumus
671 743 790 793 Post
829 744 948 793 haec
987 745 1148 808 ipsum
1189 745 1508 793 novissimum
1548 744 1801 810 iudicium,

115 817 246 881 quod
288 819 381 867 erit
419 819 470 866 in
510 817 726 866 secunda
757 819 1122 867 resurrectione
1164 824 1489 885 mortuorum,
1529 833 1652 882 quae
1693 833 1800 867 cor·

114 906 291 955 porum
342 898 443 958 est,
494 891 861 956 recapitulando
913 907 1117 940 narrans
1167 907 1263 955 quo
1311 891 1456 940 modo
1505 891 1598 940 sibi
1649 892 1800 941 fuerit
1832 901 1888 942 lo

114 965 405 1015 revelatum:
445 966 512 1014 Et
541 968 658 1026 vidi,
696 967 872 1031 inquit,
912 967 1146 1015 thronum
1177 980 1414 1027 maenum
1447 972 1496 1015 et
1525 967 1800 1015 candidum

115 1044 165 1088 et
207 1041 458 1089 sedentem
503 1054 657 1101 super
705 1054 837 1100 eum,
886 1042 1031 1088 euius
1079 1055 1110 1088 a
1152 1039 1294 1100 faeie
1335 1038 1474 1100 fuqit
1518 1042 1714 1088 eaelum
1753 1044 1803 1089 et

115 1119 280 1173 terra,
328 1118 376 1162 et
413 1116 552 1162 loeus
600 1127 773 1162 eorum
814 1116 1042 1162 inventus
1080 1127 1179 1162 non
1220 1119 1304 1162 est.
1383 1111 1493 1160 Non
1533 1114 1620 1162 ait:
1658 1111 1801 1179 „Vidi

113 1186 347 1235 thronum
394 1202 626 1250 magnum
672 1194 722 1235 et
769 1185 1031 1235 candidum
1079 1193 1127 1234 et
1174 1186 1428 1235 sedentem
1480 1201 1631 1250 super
1671 1201 1800 1252 eum,

115 1267 164 1308 et
196 1259 254 1308 ab
288 1261 394 1309 eius
427 1260 549 1309 facie
583 1260 708 1325 fugit
741 1259 929 1309 caelum
963 1266 1013 1308 et
1054 1255 1227 1326 terra“,
1268 1261 1499 1324 quoniam
1539 1275 1638 1308 non
1678 1265 1797 1309 tuuc
1833 1269 1888 1311 15

114 1333 297 1383 factum
330 1340 419 1399 est,
458 1333 506 1382 id
541 1340 630 1400 est,
670 1340 930 1398 antequam
966 1340 1097 1382 esset
1129 1334 1188 1383 de
1229 1335 1349 1382 vivis
1390 1340 1439 1382 et
1478 1335 1686 1382 mortuis
1726 1335 1799 1382 iu·

113 1407 354 1473 dicatum3
403 1407 486 1456 sed
530 1423 643 1456 eum
683 1423 735 1456 se
776 1407 954 1456 vidisse
996 1407 1117 1456 dixit
1156 1410 1204 1455 in
1245 1407 1424 1456 throno
1465 1407 1735 1474 sedentem,
1773 1422 1801 1456 a

114 1483 255 1530 cuius
308 1482 430 1530 facie
480 1482 606 1546 fugit
653 1481 840 1530 caelum
890 1488 939 1530 et
985 1488 1147 1547 terra,
1204 1481 1289 1530 sed
1330 1487 1515 1546 postea.
1591 1480 1800 1529 Peracto

115 1557 295 1620 quippe
346 1554 553 1621 iudicio,
604 1561 724 1604 tunc
779 1570 888 1604 esse
935 1555 1128 1604 desinet
1173 1555 1267 1604 hoc
1323 1554 1512 1604 caelum
1571 1561 1620 1603 et
1678 1554 1799 1603 haec

113 1636 261 1694 terra,
302 1628 496 1692 quando
544 1631 747 1694 incipiet
795 1644 902 1677 esse
952 1628 1139 1677 caelum
1180 1643 1362 1677 novum
1402 1635 1452 1677 et
1490 1635 1623 1677 terra
1660 1643 1798 1678 nova.
1829 1637 1888 1679 20

112 1702 382 1751 Mutatione
424 1714 634 1766 namque
675 1717 859 1768 rerum,
899 1717 999 1750 non
1038 1704 1171 1750 omni
1211 1702 1355 1750 modo
1395 1703 1600 1750 interitu
1640 1707 1799 1750 trans·

112 1776 203 1824 ibit
257 1776 336 1824 hic
391 1776 618 1824 mundus,
710 1774 850 1824 Unde
915 1781 964 1824 et
1026 1775 1275 1839 apostolus
1338 1774 1478 1824 dicit:
1542 1776 1804 1825 Praeterit

113 1853 243 1899 enim
270 1852 447 1911 fiqura
479 1851 630 1899 huius
661 1852 847 1910 mundi,
887 1852 994 1898 volo
1034 1863 1118 1898 vos
1156 1852 1265 1898 sine
1302 1850 1641 1898 sollieitudine
1679 1863 1798 1898 esse.

113 1923 294 1987 Figura
326 1938 443 1987 ergo
475 1925 728 1989 praeterit,
767 1937 866 1971 non
900 1929 1088 1971 natura.
1167 1921 1288 1971 Cum
1323 1937 1439 1986 ergo
1474 1937 1525 1970 se
1558 1921 1800 1970 Iohannes
1824 1974 1839 1988 ·

114 1997 294 2045 vidisse
346 1996 550 2053 dixisset
597 1996 849 2045 sedentem
897 2011 1047 2060 super
1099 1995 1363 2062 thronum,
1414 1997 1555 2045 cuius
1596 2010 1623 2043 a
1662 1996 1800 2061 facie,
1828 2004 1888 2046 25

115 2071 246 2134 quod
284 2076 455 2135 postea
495 2071 717 2119 futurum
757 2077 856 2135 est,
902 2070 1028 2134 fugit
1068 2070 1254 2118 caelum
1296 2076 1346 2118 et
1385 2078 1540 2118 terra:
1579 2070 1646 2118 Et
1682 2070 1800 2134 vidi,

114 2146 297 2210 inquit,
337 2150 558 2193 mortuos
597 2159 805 2205 magnos
845 2150 894 2192 et
926 2147 1159 2206 pusiZZOS,
1207 2150 1256 2193 et
1294 2146 1462 2206 aperti
1498 2148 1616 2192 sunt
1653 2143 1802 2200 libri;

114 2224 163 2267 et
208 2220 339 2266 alius
385 2219 513 2267 liber
560 2224 767 2280 apertus
817 2223 909 2278 est,
957 2220 1048 2278 qui
1094 2223 1167 2266 est
1204 2220 1336 2266 vitae
1375 2219 1802 2277 uniuscuiusque;

115 2297 163 2340 et
209 2293 425 2340 iudicati
468 2298 586 2340 sunt
630 2294 816 2340 mortui
862 2306 927 2339 ex
974 2293 1094 2353 ipsis
1132 2293 1401 2352 scripturis
1441 2291 1686 2340 librorum
1725 2304 1798 2338 se·

115 2367 335 2414 cundum
369 2364 517 2426 faeta
555 2380 665 2414 sua.
742 2363 916 2413 Libros
961 2363 1082 2412 dixit
1122 2379 1230 2413 esse
1270 2370 1468 2428 apertos
1507 2369 1557 2412 et
1594 2362 1798 2428 librum3
1829 2373 1888 2414 30

117 2567 173 2607 20
222 2507 307 2606 l123)
346 2506 490 2562 Apoc.
532 2510 610 2561 20,
654 2475 707 2549 io
748 2520 814 2561 sq.
877 2507 951 2560 23)
995 2510 1031 2550 1.
1073 2505 1173 2550 Cor.
1216 2510 1264 2561 7,
1305 2509 1358 2549 31
1403 2519 1470 2561 sq.
1541 2505 1615 2559 30)
1654 2503 1799 2559 Apoc.

177 2597 189 2618 ,
280 2599 291 2610 .

236 2730 261 2768 3
295 2724 493 2780 sulpuris
522 2725 568 2768 R
614 2727 628 2782 ΙΙ
674 2727 721 2769 et
751 2725 902 2770 bestia.
932 2725 1024 2768 ΒΑ
1054 2727 1190 2778 (424,
1233 2729 1291 2778 2,·
1322 2728 1439 2778 442,
1471 2727 1585 2780 22);
1624 2725 1670 2767 el:
1716 2736 1800 2768 om.

117 2796 142 2826 v
167 2784 182 2838 ΙΙ
207 2788 231 2827 6
263 2796 402 2839 supra,
431 2783 526 2827 iam
558 2783 755 2827 diximus
786 2798 812 2829 v
844 2786 859 2841 [l
889 2782 1070 2828 Pseudo
1111 2797 1219 2828 vero
1251 2784 1481 2843 propheta
1511 2797 1537 2827 v
1561 2784 1577 2840 ΙΙ
1601 2788 1655 2827 22
1689 2782 1803 2827 dicit

39 2835 42 2837 “
116 2841 187 2895 R;
218 2840 340 2886 aihv
