<?xml version="1.0" encoding="UTF-8"?>
<!DOCTYPE html PUBLIC "-//W3C//DTD XHTML 1.0 Transitional//EN"
    "http://www.w3.org/TR/xhtml1/DTD/xhtml1-transitional.dtd">
<html xmlns="http://www.w3.org/1999/xhtml" xml:lang="en" lang="en">
 <head>
  <title>
</title>
<meta http-equiv="Content-Type" content="text/html;charset=utf-8" />
  <meta name='ocr-system' content='tesseract 3.04.00' />
  <meta name='ocr-capabilities' content='ocr_page ocr_carea ocr_par ocr_line ocrx_word'/>
</head>
<body>
  <div class='ocr_page' id='page_1' title='image "./decivitatedeilib02auguuoft_0327.png"; bbox 0 0 2004 3140; ppageno 0'>
   <div class='ocr_carea' id='block_1_1' title="bbox 507 142 1816 195">
    <p class='ocr_par' dir='ltr' id='par_1_1' title="bbox 507 142 1816 195">
     <span class='ocr_line' id='line_1_1' title="bbox 507 142 1816 195; baseline 0.002 -10"><span class='ocrx_word' id='word_1_1' title='bbox 507 154 573 186; x_wconf 82' lang='lat' dir='ltr'>DE</span> <span class='ocrx_word' id='word_1_2' title='bbox 599 153 837 186; x_wconf 71' lang='lat' dir='ltr'>01vl&#39;rA&#39;rE</span> <span class='ocrx_word' id='word_1_3' title='bbox 862 153 949 185; x_wconf 78' lang='lat' dir='ltr'>nm</span> <span class='ocrx_word' id='word_1_4' title='bbox 973 153 1014 185; x_wconf 86' lang='lat' dir='ltr'>L.</span> <span class='ocrx_word' id='word_1_5' title='bbox 1039 153 1182 186; x_wconf 77' lang='lat' dir='ltr'>xvm.</span> <span class='ocrx_word' id='word_1_6' title='bbox 1208 153 1245 186; x_wconf 86' lang='lat' dir='ltr'>c.</span> <span class='ocrx_word' id='word_1_7' title='bbox 1271 155 1324 186; x_wconf 81' lang='lat'>43.</span> <span class='ocrx_word' id='word_1_8' title='bbox 1348 155 1402 186; x_wconf 81' lang='lat'>44.</span> <span class='ocrx_word' id='word_1_9' title='bbox 1710 142 1816 195; x_wconf 79' lang='grc'>323</span> 
     </span>
    </p>
   </div>
   <div class='ocr_carea' id='block_1_2' title="bbox 120 265 1819 1515">
    <p class='ocr_par' dir='ltr' id='par_1_2' title="bbox 120 265 1819 1515">
     <span class='ocr_line' id='line_1_2' title="bbox 126 265 1818 333; baseline -0.001 -15"><span class='ocrx_word' id='word_1_10' title='bbox 126 268 247 324; x_wconf 88' lang='lat' dir='ltr'>nihil</span> <span class='ocrx_word' id='word_1_11' title='bbox 303 267 431 317; x_wconf 88' lang='lat' dir='ltr'>aliud</span> <span class='ocrx_word' id='word_1_12' title='bbox 487 269 770 316; x_wconf 90' lang='lat' dir='ltr'>intueamur</span> <span class='ocrx_word' id='word_1_13' title='bbox 824 268 872 315; x_wconf 93' lang='lat' dir='ltr'>in</span> <span class='ocrx_word' id='word_1_14' title='bbox 933 267 1195 331; x_wconf 88' lang='lat' dir='ltr'>scripturis</span> <span class='ocrx_word' id='word_1_15' title='bbox 1241 265 1336 315; x_wconf 88' lang='lat' dir='ltr'>illis</span> <span class='ocrx_word' id='word_1_16' title='bbox 1349 306 1362 333; x_wconf 89' lang='lat'>,</span> <span class='ocrx_word' id='word_1_17' title='bbox 1417 268 1512 315; x_wconf 90' lang='lat' dir='ltr'>nisi</span> <span class='ocrx_word' id='word_1_18' title='bbox 1560 266 1677 331; x_wconf 90' lang='lat' dir='ltr'>quid</span> <span class='ocrx_word' id='word_1_19' title='bbox 1728 282 1818 332; x_wconf 92' lang='lat' dir='ltr'>per</span> 
     </span>
     <span class='ocr_line' id='line_1_3' title="bbox 132 338 1818 406; baseline -0.001 -14"><span class='ocrx_word' id='word_1_20' title='bbox 132 343 358 392; x_wconf 86' lang='lat' dir='ltr'>homines</span> <span class='ocrx_word' id='word_1_21' title='bbox 405 341 584 390; x_wconf 84' lang='lat' dir='ltr'>dixerit</span> <span class='ocrx_word' id='word_1_22' title='bbox 630 339 718 389; x_wconf 92' lang='lat' dir='ltr'>Dei</span> <span class='ocrx_word' id='word_1_23' title='bbox 774 340 1012 406; x_wconf 83' lang='lat' dir='ltr'>Spiritus,</span> <span class='ocrx_word' id='word_1_24' title='bbox 1067 339 1306 404; x_wconf 87' lang='lat' dir='ltr'>quidquid</span> <span class='ocrx_word' id='word_1_25' title='bbox 1354 348 1429 390; x_wconf 90' lang='lat' dir='ltr'>est</span> <span class='ocrx_word' id='word_1_26' title='bbox 1482 342 1531 390; x_wconf 92' lang='lat' dir='ltr'>in</span> <span class='ocrx_word' id='word_1_27' title='bbox 1580 338 1818 390; x_wconf 84' lang='lat' dir='ltr'>Hebraeis</span> 
     </span>
     <span class='ocr_line' id='line_1_4' title="bbox 130 413 1819 481; baseline -0.001 -16"><span class='ocrx_word' id='word_1_28' title='bbox 130 414 382 465; x_wconf 81' lang='lat' dir='ltr'><strong>codicibus</strong></span> <span class='ocrx_word' id='word_1_29' title='bbox 422 421 472 464; x_wconf 91' lang='lat' dir='ltr'>et</span> <span class='ocrx_word' id='word_1_30' title='bbox 510 429 609 463; x_wconf 93' lang='lat' dir='ltr'>non</span> <span class='ocrx_word' id='word_1_31' title='bbox 650 421 725 464; x_wconf 90' lang='lat' dir='ltr'>est</span> <span class='ocrx_word' id='word_1_32' title='bbox 776 413 905 479; x_wconf 90' lang='lat' dir='ltr'>apud</span> <span class='ocrx_word' id='word_1_33' title='bbox 944 415 1244 479; x_wconf 81' lang='lat' dir='ltr'>interpretes</span> <span class='ocrx_word' id='word_1_34' title='bbox 1284 416 1614 481; x_wconf 81' lang='lat' dir='ltr'>septuaginta,</span> <span class='ocrx_word' id='word_1_35' title='bbox 1661 414 1819 464; x_wconf 92' lang='lat' dir='ltr'>noluit</span> 
     </span>
     <span class='ocr_line' id='line_1_5' title="bbox 134 487 1818 555; baseline 0 -16"><span class='ocrx_word' id='word_1_36' title='bbox 134 505 189 539; x_wconf 91' lang='lat' dir='ltr'>ea</span> <span class='ocrx_word' id='word_1_37' title='bbox 227 504 318 555; x_wconf 81' lang='lat' dir='ltr'>per</span> <span class='ocrx_word' id='word_1_38' title='bbox 355 491 501 555; x_wconf 81' lang='lat' dir='ltr'>istOS,</span> <span class='ocrx_word' id='word_1_39' title='bbox 549 487 634 537; x_wconf 90' lang='lat' dir='ltr'>sed</span> <span class='ocrx_word' id='word_1_40' title='bbox 674 503 764 553; x_wconf 91' lang='lat' dir='ltr'>per</span> <span class='ocrx_word' id='word_1_41' title='bbox 802 487 912 537; x_wconf 91' lang='lat' dir='ltr'>illos</span> <span class='ocrx_word' id='word_1_42' title='bbox 950 487 1216 553; x_wconf 89' lang='lat' dir='ltr'>prophetas</span> <span class='ocrx_word' id='word_1_43' title='bbox 1255 487 1343 537; x_wconf 90' lang='lat' dir='ltr'>Dei</span> <span class='ocrx_word' id='word_1_44' title='bbox 1384 487 1598 553; x_wconf 84' lang='lat' dir='ltr'>Spiritus</span> <span class='ocrx_word' id='word_1_45' title='bbox 1638 489 1818 539; x_wconf 87' lang='lat' dir='ltr'>dicere.</span> 
     </span>
     <span class='ocr_line' id='line_1_6' title="bbox 133 561 1818 629; baseline 0 -17"><span class='ocrx_word' id='word_1_46' title='bbox 133 563 381 627; x_wconf 82' lang='lat' dir='ltr'>Quidquid</span> <span class='ocrx_word' id='word_1_47' title='bbox 431 578 548 612; x_wconf 86' lang='lat' dir='ltr'>vero</span> <span class='ocrx_word' id='word_1_48' title='bbox 597 569 672 611; x_wconf 90' lang='lat' dir='ltr'>est</span> <span class='ocrx_word' id='word_1_49' title='bbox 719 561 848 628; x_wconf 90' lang='lat' dir='ltr'>apud</span> <span class='ocrx_word' id='word_1_50' title='bbox 890 562 1229 629; x_wconf 81' lang='lat' dir='ltr'>Septuaginta,</span> <span class='ocrx_word' id='word_1_51' title='bbox 1276 564 1326 611; x_wconf 94' lang='lat' dir='ltr'>in</span> <span class='ocrx_word' id='word_1_52' title='bbox 1366 561 1602 612; x_wconf 84' lang='lat' dir='ltr'>Hebraeis</span> <span class='ocrx_word' id='word_1_53' title='bbox 1654 570 1818 613; x_wconf 84' lang='lat' dir='ltr'>autem</span> 
     </span>
     <span class='ocr_line' id='line_1_7' title="bbox 127 635 1817 702; baseline 0 -16"><span class='ocrx_word' id='word_1_54' title='bbox 127 636 380 687; x_wconf 87' lang='lat' dir='ltr'>codicibus</span> <span class='ocrx_word' id='word_1_55' title='bbox 432 652 532 686; x_wconf 93' lang='lat' dir='ltr'>non</span> <span class='ocrx_word' id='word_1_56' title='bbox 585 643 686 702; x_wconf 92' lang='lat' dir='ltr'>est,</span> <span class='ocrx_word' id='word_1_57' title='bbox 740 652 830 702; x_wconf 89' lang='lat' dir='ltr'>per</span> <span class='ocrx_word' id='word_1_58' title='bbox 879 638 1002 686; x_wconf 90' lang='lat' dir='ltr'>istos</span> <span class='ocrx_word' id='word_1_59' title='bbox 1055 651 1110 685; x_wconf 92' lang='lat' dir='ltr'>ea</span> <span class='ocrx_word' id='word_1_60' title='bbox 1161 635 1332 685; x_wconf 89' lang='lat' dir='ltr'>maluit</span> <span class='ocrx_word' id='word_1_61' title='bbox 1379 651 1524 700; x_wconf 87' lang='lat' dir='ltr'>quam</span> <span class='ocrx_word' id='word_1_62' title='bbox 1571 653 1661 701; x_wconf 87' lang='lat' dir='ltr'>per</span> <span class='ocrx_word' id='word_1_63' title='bbox 1708 637 1817 686; x_wconf 90' lang='lat' dir='ltr'>illos</span> 
     </span>
     <span class='ocr_line' id='line_1_8' title="bbox 126 710 1815 776; baseline -0.001 -15"><span class='ocrx_word' id='word_1_64' title='bbox 126 711 257 761; x_wconf 90' lang='lat' dir='ltr'>idem</span> <span class='ocrx_word' id='word_1_65' title='bbox 298 710 515 776; x_wconf 87' lang='lat' dir='ltr'>Spiritus</span> <span class='ocrx_word' id='word_1_66' title='bbox 562 711 751 776; x_wconf 84' lang='lat' dir='ltr'>dicere,</span> <span class='ocrx_word' id='word_1_67' title='bbox 799 713 869 760; x_wconf 91' lang='lat' dir='ltr'>sic</span> <span class='ocrx_word' id='word_1_68' title='bbox 917 710 1185 760; x_wconf 88' lang='lat' dir='ltr'>ostendens</span> <span class='ocrx_word' id='word_1_69' title='bbox 1231 716 1470 775; x_wconf 90' lang='lat' dir='ltr'>utrosque</span> <span class='ocrx_word' id='word_1_70' title='bbox 1512 711 1663 760; x_wconf 88' lang='lat' dir='ltr'>fuisse</span> <span class='ocrx_word' id='word_1_71' title='bbox 1704 726 1815 776; x_wconf 87' lang='lat' dir='ltr'>pro-</span> 
     </span>
     <span class='ocr_line' id='line_1_9' title="bbox 129 783 1817 851; baseline 0 -17"><span class='ocrx_word' id='word_1_72' title='bbox 129 785 317 851; x_wconf 82' lang='lat' dir='ltr'>phetaS.</span> <span class='ocrx_word' id='word_1_73' title='bbox 395 785 494 835; x_wconf 90' lang='lat' dir='ltr'>Isto</span> <span class='ocrx_word' id='word_1_74' title='bbox 535 786 664 834; x_wconf 92' lang='lat' dir='ltr'>enim</span> <span class='ocrx_word' id='word_1_75' title='bbox 705 784 850 834; x_wconf 90' lang='lat' dir='ltr'>modo</span> <span class='ocrx_word' id='word_1_76' title='bbox 891 784 980 834; x_wconf 89' lang='lat' dir='ltr'>alia</span> <span class='ocrx_word' id='word_1_77' title='bbox 1019 799 1110 849; x_wconf 90' lang='lat' dir='ltr'>per</span> <span class='ocrx_word' id='word_1_78' title='bbox 1141 783 1349 851; x_wconf 84' lang='lat' dir='ltr'>Esaiam,</span> <span class='ocrx_word' id='word_1_79' title='bbox 1389 784 1479 833; x_wconf 89' lang='lat' dir='ltr'>alia</span> <span class='ocrx_word' id='word_1_80' title='bbox 1518 800 1608 850; x_wconf 90' lang='lat' dir='ltr'>per</span> <span class='ocrx_word' id='word_1_81' title='bbox 1646 784 1817 834; x_wconf 89' lang='lat' dir='ltr'>Hiere-</span> 
     </span>
     <span class='ocr_line' id='line_1_10' title="bbox 126 858 1817 926; baseline -0.001 -18"><span class='ocrx_word' id='word_1_82' title='bbox 126 861 289 926; x_wconf 91' lang='lat' dir='ltr'>miam,</span> <span class='ocrx_word' id='word_1_83' title='bbox 323 858 414 908; x_wconf 90' lang='lat' dir='ltr'>alia</span> <span class='ocrx_word' id='word_1_84' title='bbox 445 874 536 924; x_wconf 89' lang='lat' dir='ltr'>per</span> <span class='ocrx_word' id='word_1_85' title='bbox 568 859 717 908; x_wconf 84' lang='lat' dir='ltr'>alium</span> <span class='ocrx_word' id='word_1_86' title='bbox 750 859 996 924; x_wconf 89' lang='lat' dir='ltr'>aliumque</span> <span class='ocrx_word' id='word_1_87' title='bbox 1036 858 1325 924; x_wconf 86' lang='lat' dir='ltr'>prophetam</span> <span class='ocrx_word' id='word_1_88' title='bbox 1366 858 1442 907; x_wconf 87' lang='lat' dir='ltr'>vel</span> <span class='ocrx_word' id='word_1_89' title='bbox 1474 858 1615 908; x_wconf 92' lang='lat' dir='ltr'>aliter</span> <span class='ocrx_word' id='word_1_90' title='bbox 1647 858 1817 908; x_wconf 91' lang='lat' dir='ltr'>eadem</span> 
     </span>
     <span class='ocr_line' id='line_1_11' title="bbox 125 932 1813 999; baseline 0 -17"><span class='ocrx_word' id='word_1_91' title='bbox 125 949 217 999; x_wconf 92' lang='lat' dir='ltr'>per</span> <span class='ocrx_word' id='word_1_92' title='bbox 254 933 388 983; x_wconf 92' lang='lat' dir='ltr'>hunc</span> <span class='ocrx_word' id='word_1_93' title='bbox 428 949 483 982; x_wconf 90' lang='lat' dir='ltr'>ac</span> <span class='ocrx_word' id='word_1_94' title='bbox 521 949 613 999; x_wconf 91' lang='lat' dir='ltr'>per</span> <span class='ocrx_word' id='word_1_95' title='bbox 658 933 796 982; x_wconf 89' lang='lat' dir='ltr'>illum</span> <span class='ocrx_word' id='word_1_96' title='bbox 845 933 987 999; x_wconf 85' lang='lat' dir='ltr'>dixit,</span> <span class='ocrx_word' id='word_1_97' title='bbox 1034 939 1090 982; x_wconf 91' lang='lat' dir='ltr'>ut</span> <span class='ocrx_word' id='word_1_98' title='bbox 1129 932 1295 982; x_wconf 88' lang='lat' dir='ltr'>voluit.</span> <span class='ocrx_word' id='word_1_99' title='bbox 1375 932 1623 998; x_wconf 86' lang='lat' dir='ltr'>Quidquid</span> <span class='ocrx_word' id='word_1_100' title='bbox 1664 948 1813 998; x_wconf 90' lang='lat' dir='ltr'>porro</span> 
     </span>
     <span class='ocr_line' id='line_1_12' title="bbox 128 1006 1816 1074; baseline -0.001 -17"><span class='ocrx_word' id='word_1_101' title='bbox 128 1007 257 1072; x_wconf 89' lang='lat' dir='ltr'>apud</span> <span class='ocrx_word' id='word_1_102' title='bbox 296 1014 535 1072; x_wconf 90' lang='lat' dir='ltr'>utrosque</span> <span class='ocrx_word' id='word_1_103' title='bbox 575 1009 839 1074; x_wconf 88' lang='lat' dir='ltr'>invenitur,</span> <span class='ocrx_word' id='word_1_104' title='bbox 877 1022 968 1072; x_wconf 90' lang='lat' dir='ltr'>per</span> <span class='ocrx_word' id='word_1_105' title='bbox 1008 1014 1246 1071; x_wconf 91' lang='lat' dir='ltr'>utrosque</span> <span class='ocrx_word' id='word_1_106' title='bbox 1288 1006 1454 1056; x_wconf 89' lang='lat' dir='ltr'>dicere</span> <span class='ocrx_word' id='word_1_107' title='bbox 1493 1006 1646 1056; x_wconf 86' lang='lat' dir='ltr'>voluit</span> <span class='ocrx_word' id='word_1_108' title='bbox 1684 1023 1816 1056; x_wconf 91' lang='lat' dir='ltr'>unus</span> 
     </span>
     <span class='ocr_line' id='line_1_13' title="bbox 130 1080 1815 1147; baseline -0.001 -17"><span class='ocrx_word' id='word_1_109' title='bbox 130 1089 277 1146; x_wconf 86' lang='lat' dir='ltr'>atque</span> <span class='ocrx_word' id='word_1_110' title='bbox 318 1081 448 1130; x_wconf 91' lang='lat' dir='ltr'>idem</span> <span class='ocrx_word' id='word_1_111' title='bbox 491 1080 726 1147; x_wconf 82' lang='lat' dir='ltr'>Spiritus3</span> <span class='ocrx_word' id='word_1_112' title='bbox 778 1081 864 1130; x_wconf 89' lang='lat' dir='ltr'>sed</span> <span class='ocrx_word' id='word_1_113' title='bbox 903 1083 968 1130; x_wconf 90' lang='lat' dir='ltr'>ita</span> <span class='ocrx_word' id='word_1_114' title='bbox 1009 1087 1065 1130; x_wconf 94' lang='lat' dir='ltr'>ut</span> <span class='ocrx_word' id='word_1_115' title='bbox 1103 1080 1172 1130; x_wconf 89' lang='lat' dir='ltr'>illi</span> <span class='ocrx_word' id='word_1_116' title='bbox 1211 1081 1567 1146; x_wconf 90' lang='lat' dir='ltr'>praecederent</span> <span class='ocrx_word' id='word_1_117' title='bbox 1606 1081 1815 1146; x_wconf 91' lang='lat' dir='ltr'>prophe·</span> 
     </span>
     <span class='ocr_line' id='line_1_14' title="bbox 132 1154 1817 1222; baseline -0.001 -18"><span class='ocrx_word' id='word_1_118' title='bbox 132 1155 294 1222; x_wconf 90' lang='lat' dir='ltr'>tando,</span> <span class='ocrx_word' id='word_1_119' title='bbox 333 1156 415 1204; x_wconf 88' lang='lat' dir='ltr'>isti</span> <span class='ocrx_word' id='word_1_120' title='bbox 448 1161 778 1219; x_wconf 86' lang='lat' dir='ltr'>sequerentur</span> <span class='ocrx_word' id='word_1_121' title='bbox 809 1155 1097 1220; x_wconf 86' lang='lat' dir='ltr'>prophetice</span> <span class='ocrx_word' id='word_1_122' title='bbox 1129 1154 1239 1203; x_wconf 89' lang='lat' dir='ltr'>illos</span> <span class='ocrx_word' id='word_1_123' title='bbox 1271 1155 1663 1221; x_wconf 84' lang='lat' dir='ltr'>interpretand03</span> <span class='ocrx_word' id='word_1_124' title='bbox 1704 1157 1817 1219; x_wconf 87' lang='lat' dir='ltr'>quia</span> 
     </span>
     <span class='ocr_line' id='line_1_15' title="bbox 134 1227 1816 1293; baseline -0.001 -15"><span class='ocrx_word' id='word_1_125' title='bbox 134 1231 262 1278; x_wconf 84' lang='lat' dir='ltr'>sicut</span> <span class='ocrx_word' id='word_1_126' title='bbox 309 1231 358 1277; x_wconf 92' lang='lat' dir='ltr'>in</span> <span class='ocrx_word' id='word_1_127' title='bbox 406 1228 503 1277; x_wconf 87' lang='lat' dir='ltr'>illis</span> <span class='ocrx_word' id='word_1_128' title='bbox 549 1244 662 1277; x_wconf 89' lang='lat' dir='ltr'>vera</span> <span class='ocrx_word' id='word_1_129' title='bbox 712 1236 761 1277; x_wconf 94' lang='lat' dir='ltr'>et</span> <span class='ocrx_word' id='word_1_130' title='bbox 809 1229 1155 1278; x_wconf 87' lang='lat' dir='ltr'>concordantia</span> <span class='ocrx_word' id='word_1_131' title='bbox 1197 1227 1475 1277; x_wconf 87' lang='lat' dir='ltr'>dicentibus</span> <span class='ocrx_word' id='word_1_132' title='bbox 1514 1244 1643 1278; x_wconf 86' lang='lat' dir='ltr'>unus</span> <span class='ocrx_word' id='word_1_133' title='bbox 1683 1231 1816 1293; x_wconf 87' lang='lat' dir='ltr'>pacis</span> 
     </span>
     <span class='ocr_line' id='line_1_16' title="bbox 131 1302 1816 1368; baseline 0.001 -18"><span class='ocrx_word' id='word_1_134' title='bbox 131 1302 346 1367; x_wconf 90' lang='lat' dir='ltr'>Spiritus</span> <span class='ocrx_word' id='word_1_135' title='bbox 386 1303 500 1368; x_wconf 87' lang='lat' dir='ltr'>fuit,</span> <span class='ocrx_word' id='word_1_136' title='bbox 558 1305 627 1351; x_wconf 89' lang='lat' dir='ltr'>sic</span> <span class='ocrx_word' id='word_1_137' title='bbox 669 1309 718 1351; x_wconf 90' lang='lat' dir='ltr'>et</span> <span class='ocrx_word' id='word_1_138' title='bbox 757 1305 807 1351; x_wconf 93' lang='lat' dir='ltr'>in</span> <span class='ocrx_word' id='word_1_139' title='bbox 847 1305 955 1351; x_wconf 91' lang='lat' dir='ltr'>istis</span> <span class='ocrx_word' id='word_1_140' title='bbox 996 1318 1093 1351; x_wconf 93' lang='lat' dir='ltr'>non</span> <span class='ocrx_word' id='word_1_141' title='bbox 1135 1318 1304 1351; x_wconf 89' lang='lat' dir='ltr'>secum</span> <span class='ocrx_word' id='word_1_142' title='bbox 1346 1302 1717 1352; x_wconf 85' lang='lat' dir='ltr'>conferentibus</span> <span class='ocrx_word' id='word_1_143' title='bbox 1769 1310 1816 1352; x_wconf 87' lang='lat' dir='ltr'>et</span> 
     </span>
     <span class='ocr_line' id='line_1_17' title="bbox 124 1376 1815 1441; baseline 0.001 -16"><span class='ocrx_word' id='word_1_144' title='bbox 124 1384 288 1425; x_wconf 86' lang='lat' dir='ltr'>tamen</span> <span class='ocrx_word' id='word_1_145' title='bbox 347 1383 596 1441; x_wconf 86' lang='lat' dir='ltr'>tamquam</span> <span class='ocrx_word' id='word_1_146' title='bbox 657 1392 741 1425; x_wconf 92' lang='lat' dir='ltr'>ore</span> <span class='ocrx_word' id='word_1_147' title='bbox 803 1392 902 1426; x_wconf 92' lang='lat' dir='ltr'>uno</span> <span class='ocrx_word' id='word_1_148' title='bbox 964 1383 1139 1426; x_wconf 87' lang='lat' dir='ltr'>cuncta</span> <span class='ocrx_word' id='word_1_149' title='bbox 1191 1376 1634 1441; x_wconf 85' lang='lat' dir='ltr'>interpretantibus</span> <span class='ocrx_word' id='word_1_150' title='bbox 1686 1376 1815 1426; x_wconf 88' lang='lat' dir='ltr'>idem</span> 
     </span>
     <span class='ocr_line' id='line_1_18' title="bbox 120 1449 789 1515; baseline 0.001 -17"><span class='ocrx_word' id='word_1_151' title='bbox 120 1449 342 1515; x_wconf 63' lang='lat' dir='ltr'>&#39;Spiritus</span> <span class='ocrx_word' id='word_1_152' title='bbox 380 1466 510 1499; x_wconf 91' lang='lat' dir='ltr'>unus</span> <span class='ocrx_word' id='word_1_153' title='bbox 550 1453 789 1515; x_wconf 90' lang='lat' dir='ltr'>apparuit.</span> 
     </span>
    </p>
   </div>
   <div class='ocr_carea' id='block_1_3' title="bbox 750 1623 1183 1678">
    <p class='ocr_par' dir='ltr' id='par_1_3' title="bbox 750 1623 1183 1678">
     <span class='ocr_line' id='line_1_19' title="bbox 750 1623 1183 1678; baseline -0.002 0"><span class='ocrx_word' id='word_1_154' title='bbox 750 1623 948 1678; x_wconf 81' lang='lat' dir='ltr'>CAPUT</span> <span class='ocrx_word' id='word_1_155' title='bbox 990 1624 1183 1677; x_wconf 89' lang='lat' dir='ltr'>XLIV.</span> 
     </span>
    </p>
   </div>
   <div class='ocr_carea' id='block_1_4' title="bbox 134 1733 1814 1797">
    <p class='ocr_par' dir='ltr' id='par_1_4' title="bbox 134 1733 1814 1797">
     <span class='ocr_line' id='line_1_20' title="bbox 134 1733 1814 1797; baseline -0.001 -16"><span class='ocrx_word' id='word_1_156' title='bbox 134 1733 265 1791; x_wconf 78' lang='lat' dir='ltr'>Quid</span> <span class='ocrx_word' id='word_1_157' title='bbox 295 1733 682 1792; x_wconf 72' lang='lat' dir='ltr'>intelleqendum</span> <span class='ocrx_word' id='word_1_158' title='bbox 713 1735 778 1780; x_wconf 81' lang='lat' dir='ltr'>sit</span> <span class='ocrx_word' id='word_1_159' title='bbox 811 1734 873 1780; x_wconf 81' lang='lat' dir='ltr'>de</span> <span class='ocrx_word' id='word_1_160' title='bbox 905 1733 1255 1780; x_wconf 77' lang='lat' dir='ltr'>Nineuitarum</span> <span class='ocrx_word' id='word_1_161' title='bbox 1289 1734 1506 1797; x_wconf 70' lang='lat' dir='ltr'>excidio,</span> <span class='ocrx_word' id='word_1_162' title='bbox 1547 1734 1693 1781; x_wconf 80' lang='lat' dir='ltr'>cuius</span> <span class='ocrx_word' id='word_1_163' title='bbox 1733 1734 1814 1781; x_wconf 82' lang='lat' dir='ltr'>de·</span> 
     </span>
    </p>
   </div>
   <div class='ocr_carea' id='block_1_5' title="bbox 124 1805 1857 1867">
    <p class='ocr_par' dir='ltr' id='par_1_5' title="bbox 124 1805 1857 1867">
     <span class='ocr_line' id='line_1_21' title="bbox 124 1805 1857 1867; baseline 0 -13"><span class='ocrx_word' id='word_1_164' title='bbox 124 1808 376 1854; x_wconf 74' lang='lat' dir='ltr'>nuntiatio</span> <span class='ocrx_word' id='word_1_165' title='bbox 425 1807 476 1854; x_wconf 86' lang='lat' dir='ltr'>in</span> <span class='ocrx_word' id='word_1_166' title='bbox 524 1805 757 1854; x_wconf 84' lang='lat' dir='ltr'>Hebraeo</span> <span class='ocrx_word' id='word_1_167' title='bbox 805 1807 1154 1866; x_wconf 69' lang='lat' dir='ltr'>quadraqinta</span> <span class='ocrx_word' id='word_1_168' title='bbox 1203 1807 1400 1854; x_wconf 83' lang='lat' dir='ltr'>dierum</span> <span class='ocrx_word' id='word_1_169' title='bbox 1447 1808 1611 1867; x_wconf 78' lang='lat' dir='ltr'>spatio</span> <span class='ocrx_word' id='word_1_170' title='bbox 1651 1807 1810 1854; x_wconf 83' lang='lat' dir='ltr'>tendi·</span> <span class='ocrx_word' id='word_1_171' title='bbox 1847 1825 1857 1835; x_wconf 85' lang='lat'><strong>·</strong></span> 
     </span>
    </p>
   </div>
   <div class='ocr_carea' id='block_1_6' title="bbox 126 1879 1814 1944">
    <p class='ocr_par' dir='ltr' id='par_1_6' title="bbox 126 1879 1814 1944">
     <span class='ocr_line' id='line_1_22' title="bbox 126 1879 1814 1944; baseline 0 -16"><span class='ocrx_word' id='word_1_172' title='bbox 126 1887 233 1944; x_wconf 82' lang='lat' dir='ltr'>tur,</span> <span class='ocrx_word' id='word_1_173' title='bbox 281 1882 332 1928; x_wconf 85' lang='lat' dir='ltr'>in</span> <span class='ocrx_word' id='word_1_174' title='bbox 374 1879 709 1940; x_wconf 71' lang='lat' dir='ltr'>Septuayinta</span> <span class='ocrx_word' id='word_1_175' title='bbox 759 1885 927 1928; x_wconf 83' lang='lat' dir='ltr'>autem</span> <span class='ocrx_word' id='word_1_176' title='bbox 975 1880 1138 1927; x_wconf 81' lang='lat' dir='ltr'>tridui</span> <span class='ocrx_word' id='word_1_177' title='bbox 1183 1880 1429 1928; x_wconf 79' lang='lat' dir='ltr'>brevitate</span> <span class='ocrx_word' id='word_1_178' title='bbox 1476 1881 1814 1928; x_wconf 77' lang='lat' dir='ltr'>concluditur.</span> 
     </span>
    </p>
   </div>
   <div class='ocr_carea' id='block_1_7' title="bbox 123 1981 1814 2564">
    <p class='ocr_par' dir='ltr' id='par_1_7' title="bbox 123 1981 1814 2564">
     <span class='ocr_line' id='line_1_23' title="bbox 276 1981 1814 2048; baseline 0 -18"><span class='ocrx_word' id='word_1_179' title='bbox 276 1981 371 2030; x_wconf 92' lang='lat' dir='ltr'>Sed</span> <span class='ocrx_word' id='word_1_180' title='bbox 422 1983 488 2030; x_wconf 88' lang='lat' dir='ltr'>ait</span> <span class='ocrx_word' id='word_1_181' title='bbox 536 1981 734 2046; x_wconf 89' lang='lat' dir='ltr'>aliquis:</span> <span class='ocrx_word' id='word_1_182' title='bbox 787 1981 935 2048; x_wconf 85' lang='lat' dir='ltr'>„Quo</span> <span class='ocrx_word' id='word_1_183' title='bbox 987 1981 1131 2030; x_wconf 88' lang='lat' dir='ltr'>modo</span> <span class='ocrx_word' id='word_1_184' title='bbox 1174 1983 1323 2030; x_wconf 87' lang='lat' dir='ltr'>sciam</span> <span class='ocrx_word' id='word_1_185' title='bbox 1365 1982 1479 2046; x_wconf 90' lang='lat' dir='ltr'>quid</span> <span class='ocrx_word' id='word_1_186' title='bbox 1521 1981 1664 2030; x_wconf 85' lang='lat' dir='ltr'>lonas</span> <span class='ocrx_word' id='word_1_187' title='bbox 1703 1998 1814 2047; x_wconf 91' lang='lat' dir='ltr'>pro-</span> 
     </span>
     <span class='ocr_line' id='line_1_24' title="bbox 123 2054 1813 2122; baseline 0 -18"><span class='ocrx_word' id='word_1_188' title='bbox 123 2055 269 2120; x_wconf 81' lang='lat' dir='ltr'>pheta</span> <span class='ocrx_word' id='word_1_189' title='bbox 311 2055 490 2104; x_wconf 88' lang='lat' dir='ltr'>dixerit</span> <span class='ocrx_word' id='word_1_190' title='bbox 528 2054 784 2122; x_wconf 79' lang='lat' dir='ltr'>NinevitiS,</span> <span class='ocrx_word' id='word_1_191' title='bbox 823 2063 1016 2105; x_wconf 86' lang='lat' dir='ltr'>utrum:</span> <span class='ocrx_word' id='word_1_192' title='bbox 1062 2055 1318 2117; x_wconf 79' lang='lat' dir='ltr'>Triduum,</span> <span class='ocrx_word' id='word_1_193' title='bbox 1360 2063 1407 2106; x_wconf 78' lang='lat' dir='ltr'>et</span> <span class='ocrx_word' id='word_1_194' title='bbox 1446 2057 1636 2105; x_wconf 80' lang='lat' dir='ltr'>Nineve</span> <span class='ocrx_word' id='word_1_195' title='bbox 1675 2071 1813 2106; x_wconf 80' lang='lat' dir='ltr'>ever-</span> 
     </span>
     <span class='ocr_line' id='line_1_25' title="bbox 126 2129 1813 2191; baseline 0.001 -14"><span class='ocrx_word' id='word_1_196' title='bbox 126 2135 272 2190; x_wconf 79' lang='lat' dir='ltr'>tetur,</span> <span class='ocrx_word' id='word_1_197' title='bbox 315 2144 397 2178; x_wconf 91' lang='lat' dir='ltr'>an:</span> <span class='ocrx_word' id='word_1_198' title='bbox 445 2130 802 2191; x_wconf 69' lang='lat' dir='ltr'>Quadraqinta</span> <span class='ocrx_word' id='word_1_199' title='bbox 842 2132 981 2179; x_wconf 82' lang='lat' dir='ltr'>dies?</span> <span class='ocrx_word' id='word_1_200' title='bbox 1044 2129 1165 2187; x_wconf 87' lang='lat' dir='ltr'>Quis</span> <span class='ocrx_word' id='word_1_201' title='bbox 1207 2132 1336 2178; x_wconf 85' lang='lat' dir='ltr'>enim</span> <span class='ocrx_word' id='word_1_202' title='bbox 1378 2145 1475 2178; x_wconf 91' lang='lat' dir='ltr'>non</span> <span class='ocrx_word' id='word_1_203' title='bbox 1516 2129 1676 2179; x_wconf 89' lang='lat' dir='ltr'>videat</span> <span class='ocrx_word' id='word_1_204' title='bbox 1716 2145 1813 2178; x_wconf 92' lang='lat' dir='ltr'>non</span> 
     </span>
     <span class='ocr_line' id='line_1_26' title="bbox 124 2203 1814 2270; baseline 0 -18"><span class='ocrx_word' id='word_1_205' title='bbox 124 2205 348 2267; x_wconf 88' lang='lat' dir='ltr'>potuisse</span> <span class='ocrx_word' id='word_1_206' title='bbox 383 2210 648 2268; x_wconf 88' lang='lat' dir='ltr'>utrumque</span> <span class='ocrx_word' id='word_1_207' title='bbox 675 2210 793 2252; x_wconf 90' lang='lat' dir='ltr'>tunc</span> <span class='ocrx_word' id='word_1_208' title='bbox 827 2203 924 2252; x_wconf 91' lang='lat' dir='ltr'>dici</span> <span class='ocrx_word' id='word_1_209' title='bbox 955 2218 980 2252; x_wconf 91' lang='lat' dir='ltr'>a</span> <span class='ocrx_word' id='word_1_210' title='bbox 1014 2203 1268 2270; x_wconf 86' lang='lat' dir='ltr'>propheta,</span> <span class='ocrx_word' id='word_1_211' title='bbox 1309 2206 1391 2268; x_wconf 89' lang='lat' dir='ltr'>qui</span> <span class='ocrx_word' id='word_1_212' title='bbox 1432 2205 1613 2252; x_wconf 90' lang='lat' dir='ltr'>missus</span> <span class='ocrx_word' id='word_1_213' title='bbox 1653 2204 1814 2253; x_wconf 88' lang='lat' dir='ltr'>fuerat</span> 
     </span>
     <span class='ocr_line' id='line_1_27' title="bbox 126 2274 1813 2327; baseline 0.001 -3"><span class='ocrx_word' id='word_1_214' title='bbox 126 2285 316 2326; x_wconf 85' lang='lat' dir='ltr'>terrere</span> <span class='ocrx_word' id='word_1_215' title='bbox 367 2278 744 2326; x_wconf 89' lang='lat' dir='ltr'>comminatione</span> <span class='ocrx_word' id='word_1_216' title='bbox 785 2279 1071 2326; x_wconf 88' lang='lat' dir='ltr'>inminentis</span> <span class='ocrx_word' id='word_1_217' title='bbox 1112 2279 1248 2326; x_wconf 87' lang='lat' dir='ltr'>exitii</span> <span class='ocrx_word' id='word_1_218' title='bbox 1289 2274 1572 2327; x_wconf 81' lang='lat' dir='ltr'>civitatem?</span> <span class='ocrx_word' id='word_1_219' title='bbox 1634 2276 1723 2326; x_wconf 84' lang='lat' dir='ltr'>Cui</span> <span class='ocrx_word' id='word_1_220' title='bbox 1773 2279 1813 2325; x_wconf 89' lang='lat' dir='ltr'>si</span> 
     </span>
     <span class='ocr_line' id='line_1_28' title="bbox 126 2350 1812 2417; baseline 0.001 -19"><span class='ocrx_word' id='word_1_221' title='bbox 126 2352 274 2399; x_wconf 87' lang='lat' dir='ltr'>tertio</span> <span class='ocrx_word' id='word_1_222' title='bbox 316 2350 393 2399; x_wconf 91' lang='lat' dir='ltr'>die</span> <span class='ocrx_word' id='word_1_223' title='bbox 435 2351 596 2400; x_wconf 89' lang='lat' dir='ltr'>fuerat</span> <span class='ocrx_word' id='word_1_224' title='bbox 635 2351 833 2400; x_wconf 84' lang='lat' dir='ltr'>futurus</span> <span class='ocrx_word' id='word_1_225' title='bbox 872 2352 1118 2417; x_wconf 83' lang='lat' dir='ltr'>interituS,</span> <span class='ocrx_word' id='word_1_226' title='bbox 1159 2366 1256 2399; x_wconf 91' lang='lat' dir='ltr'>non</span> <span class='ocrx_word' id='word_1_227' title='bbox 1297 2352 1468 2416; x_wconf 90' lang='lat' dir='ltr'>utique</span> <span class='ocrx_word' id='word_1_228' title='bbox 1510 2350 1812 2415; x_wconf 87' lang='lat' dir='ltr'>quadragen—</span> 
     </span>
     <span class='ocr_line' id='line_1_29' title="bbox 127 2423 1812 2491; baseline 0 -19"><span class='ocrx_word' id='word_1_229' title='bbox 127 2425 249 2472; x_wconf 89' lang='lat' dir='ltr'>simo</span> <span class='ocrx_word' id='word_1_230' title='bbox 291 2423 396 2489; x_wconf 83' lang='lat' dir='ltr'>die3</span> <span class='ocrx_word' id='word_1_231' title='bbox 438 2426 478 2473; x_wconf 91' lang='lat' dir='ltr'>si</span> <span class='ocrx_word' id='word_1_232' title='bbox 518 2430 681 2473; x_wconf 89' lang='lat' dir='ltr'>autem</span> <span class='ocrx_word' id='word_1_233' title='bbox 722 2424 1145 2491; x_wconf 84' lang='lat' dir='ltr'>quadragensimo,</span> <span class='ocrx_word' id='word_1_234' title='bbox 1184 2440 1282 2473; x_wconf 90' lang='lat' dir='ltr'>non</span> <span class='ocrx_word' id='word_1_235' title='bbox 1323 2427 1493 2489; x_wconf 88' lang='lat' dir='ltr'>utique</span> <span class='ocrx_word' id='word_1_236' title='bbox 1534 2427 1696 2473; x_wconf 89' lang='lat' dir='ltr'>tertio.</span> <span class='ocrx_word' id='word_1_237' title='bbox 1762 2424 1812 2472; x_wconf 92' lang='lat' dir='ltr'>Si</span> 
     </span>
     <span class='ocr_line' id='line_1_30' title="bbox 126 2497 1812 2564; baseline 0 -19"><span class='ocrx_word' id='word_1_238' title='bbox 126 2511 244 2561; x_wconf 84' lang='lat' dir='ltr'>ergo</span> <span class='ocrx_word' id='word_1_239' title='bbox 285 2512 310 2546; x_wconf 88' lang='lat' dir='ltr'>a</span> <span class='ocrx_word' id='word_1_240' title='bbox 350 2513 427 2546; x_wconf 92' lang='lat' dir='ltr'>me</span> <span class='ocrx_word' id='word_1_241' title='bbox 468 2500 739 2564; x_wconf 86' lang='lat' dir='ltr'>quaeritur,</span> <span class='ocrx_word' id='word_1_242' title='bbox 780 2497 897 2563; x_wconf 92' lang='lat' dir='ltr'>quid</span> <span class='ocrx_word' id='word_1_243' title='bbox 937 2498 1113 2547; x_wconf 89' lang='lat' dir='ltr'>horum</span> <span class='ocrx_word' id='word_1_244' title='bbox 1146 2498 1288 2547; x_wconf 92' lang='lat' dir='ltr'>Ionas</span> <span class='ocrx_word' id='word_1_245' title='bbox 1329 2498 1521 2563; x_wconf 85' lang='lat' dir='ltr'>dixerit,</span> <span class='ocrx_word' id='word_1_246' title='bbox 1560 2497 1652 2546; x_wconf 92' lang='lat' dir='ltr'>hoc</span> <span class='ocrx_word' id='word_1_247' title='bbox 1692 2504 1812 2562; x_wconf 90' lang='lat' dir='ltr'>puto</span> 
     </span>
    </p>
   </div>
   <div class='ocr_carea' id='block_1_8' title="bbox 1850 944 1904 984">
    <p class='ocr_par' dir='ltr' id='par_1_8' title="bbox 1850 944 1904 984">
     <span class='ocr_line' id='line_1_31' title="bbox 1850 944 1904 984; baseline 0.019 -1"><span class='ocrx_word' id='word_1_248' title='bbox 1850 944 1904 984; x_wconf 87' lang='lat'>10</span> 
     </span>
    </p>
   </div>
   <div class='ocr_carea' id='block_1_9' title="bbox 1852 1313 1906 1352">
    <p class='ocr_par' dir='ltr' id='par_1_9' title="bbox 1852 1313 1906 1352">
     <span class='ocr_line' id='line_1_32' title="bbox 1852 1313 1906 1352; baseline 0 0"><span class='ocrx_word' id='word_1_249' title='bbox 1852 1313 1906 1352; x_wconf 86' lang='lat'>15</span> 
     </span>
    </p>
   </div>
   <div class='ocr_carea' id='block_1_10' title="bbox 127 2570 1901 2636">
    <p class='ocr_par' dir='ltr' id='par_1_10' title="bbox 127 2570 1901 2636">
     <span class='ocr_line' id='line_1_33' title="bbox 127 2570 1901 2636; baseline 0.001 -17"><span class='ocrx_word' id='word_1_250' title='bbox 127 2572 293 2635; x_wconf 85' lang='lat' dir='ltr'>potius</span> <span class='ocrx_word' id='word_1_251' title='bbox 348 2571 477 2635; x_wconf 91' lang='lat' dir='ltr'>quod</span> <span class='ocrx_word' id='word_1_252' title='bbox 533 2571 714 2636; x_wconf 84' lang='lat' dir='ltr'>legitur</span> <span class='ocrx_word' id='word_1_253' title='bbox 768 2573 818 2620; x_wconf 95' lang='lat' dir='ltr'>in</span> <span class='ocrx_word' id='word_1_254' title='bbox 872 2570 1119 2621; x_wconf 91' lang='lat' dir='ltr'>Hebraeo:</span> <span class='ocrx_word' id='word_1_255' title='bbox 1184 2573 1538 2633; x_wconf 70' lang='lat' dir='ltr'>Quadrayinta</span> <span class='ocrx_word' id='word_1_256' title='bbox 1587 2573 1712 2631; x_wconf 57' lang='lat' dir='ltr'>diem,</span> <span class='ocrx_word' id='word_1_257' title='bbox 1765 2578 1813 2620; x_wconf 87' lang='lat' dir='ltr'>et</span> <span class='ocrx_word' id='word_1_258' title='bbox 1844 2582 1901 2621; x_wconf 87' lang='lat'>30</span> 
     </span>
    </p>
   </div>
   <div class='ocr_carea' id='block_1_11' title="bbox 245 2697 593 2753">
    <p class='ocr_par' dir='ltr' id='par_1_11' title="bbox 245 2697 593 2753">
     <span class='ocr_line' id='line_1_34' title="bbox 245 2697 593 2753; baseline 0 -12"><span class='ocrx_word' id='word_1_259' title='bbox 245 2700 319 2753; x_wconf 81' lang='lat'>24)</span> <span class='ocrx_word' id='word_1_260' title='bbox 350 2697 446 2742; x_wconf 87' lang='lat' dir='ltr'>Ion.</span> <span class='ocrx_word' id='word_1_261' title='bbox 480 2703 522 2752; x_wconf 88' lang='lat'>3,</span> <span class='ocrx_word' id='word_1_262' title='bbox 553 2703 593 2742; x_wconf 89' lang='lat'>4.</span> 
     </span>
    </p>
   </div>
   <div class='ocr_carea' id='block_1_12' title="bbox 247 2888 1454 3007">
    <p class='ocr_par' dir='ltr' id='par_1_12' title="bbox 247 2888 1454 3007">
     <span class='ocr_line' id='line_1_35' title="bbox 247 2888 1426 2944; baseline 0 -13"><span class='ocrx_word' id='word_1_263' title='bbox 247 2893 273 2932; x_wconf 83' lang='lat'>9</span> <span class='ocrx_word' id='word_1_264' title='bbox 306 2890 445 2944; x_wconf 74' lang='lat' dir='ltr'>atque</span> <span class='ocrx_word' id='word_1_265' title='bbox 477 2888 620 2932; x_wconf 82' lang='lat' dir='ltr'>alium</span> <span class='ocrx_word' id='word_1_266' title='bbox 651 2903 677 2933; x_wconf 78' lang='lat' dir='ltr'><em>v</em></span> <span class='ocrx_word' id='word_1_267' title='bbox 715 2891 730 2944; x_wconf 79' lang='lat' dir='ltr'>u</span> <span class='ocrx_word' id='word_1_268' title='bbox 769 2894 824 2933; x_wconf 78' lang='lat'>23</span> <span class='ocrx_word' id='word_1_269' title='bbox 856 2888 1079 2934; x_wconf 82' lang='lat' dir='ltr'>Ninivitis</span> <span class='ocrx_word' id='word_1_270' title='bbox 1112 2923 1120 2932; x_wconf 92' lang='lat'><strong>.</strong></span> <span class='ocrx_word' id='word_1_271' title='bbox 1157 2925 1167 2934; x_wconf 92' lang='lat'><em>.</em></span> <span class='ocrx_word' id='word_1_272' title='bbox 1200 2889 1368 2932; x_wconf 85' lang='lat' dir='ltr'>Ninive</span> <span class='ocrx_word' id='word_1_273' title='bbox 1405 2904 1426 2932; x_wconf 68' lang='lat' dir='ltr'>c</span> 
     </span>
     <span class='ocr_line' id='line_1_36' title="bbox 1364 2962 1454 3007; baseline -0.011 0"><span class='ocrx_word' id='word_1_274' title='bbox 1364 2962 1454 3007; x_wconf 81' lang='lat'>21*</span> 
     </span>
    </p>
   </div>
  </div>
 </body>
</html>
