2004 3140
569 117 636 149 DE
661 115 902 150 GIVITATE
924 117 1015 149 Dm
1037 117 1079 149 L.
1103 117 1185 150 xx.
1210 116 1247 149 0.
1272 117 1326 149 3ο.
1692 106 1800 158 481

119 231 349 280 ultimum
398 228 636 279 iudicium
675 227 918 278 Dominus
968 228 1100 278 Deus
1152 229 1333 279 dieitur
1384 245 1492 279 esse
1548 236 1803 296 venturus,

118 306 277 370 possit
328 303 468 352 Iesus
519 301 745 352 Christus
795 302 1028 368 intellegi.
1105 303 1194 352 Est
1243 303 1382 352 locus
1433 303 1561 368 apud
1607 303 1801 352 Esaiam

115 377 431 444 prophetam,
478 378 564 440 qui
612 376 706 424 1100
747 376 879 440 quod
918 376 1027 426 dieo
1068 377 1320 426 evidenter
1361 377 1591 426 ostendit.
1669 377 1801 426 Deus

114 453 248 501 enim
284 466 376 515 per
412 449 726 515 prophetam:
780 451 919 500 Audi
962 466 1058 512 me,
1114 452 1296 516 inquit,
1352 452 1508 501 Iacob
1549 457 1599 500 et
1637 453 1807 501 Israel

111 538 259 587 quem
306 539 397 586 eqo
443 538 578 574 v000.
656 525 766 585 Eyo
812 539 921 574 sum
960 528 1160 587 primus
1206 531 1256 574 et
1300 539 1392 586 eqo
1440 528 1492 574 in
1542 529 1798 588 sempiter-
1833 535 1860 574 5

110 613 252 659 num,
308 605 358 647 et
403 613 582 648 manus
628 613 741 647 mea
783 598 1026 660 fundavit
1070 605 1283 659 terram,
1341 604 1388 648 et
1435 601 1650 648 dextera
1690 614 1802 648 mea

105 675 335 733 firmavit
380 676 590 722 eaelum.
679 672 876 722 Vocabo
916 687 1020 733 eos,
1068 678 1117 722 et
1153 674 1360 722 stabunt
1395 675 1556 734 simul,
1597 678 1646 722 et
1683 687 1799 722 eon-

104 748 466 808 9reyabuntur
498 761 666 796 omnes
706 752 753 795 et
795 749 1016 796 audient.
1102 748 1223 806 Quis
1263 750 1313 796 ei
1349 749 1603 795 nuntiavit
1638 748 1801 796 haec?

108 821 338 882 Ditiqens
392 826 439 869 te
488 820 598 882 feei
634 823 938 882 voluntatem
985 826 1123 870 tuam
1170 836 1324 883 super
1363 821 1697 883 Babylonem,
1746 826 1804 870 ut

105 893 369 956 auferrem
414 909 580 943 semen
635 894 1019 944 Chaldaeorum.
1097 895 1162 943 Et
1210 898 1406 944 loeutus
1451 909 1561 943 sum
1608 901 1658 944 et
1684 909 1798 956 eqo
1833 904 1889 944 10

106 971 312 1026 vocavi;
359 970 562 1017 adduxi
605 982 716 1017 eum
763 973 810 1017 et
851 983 1153 1030 prosperam
1187 967 1296 1030 feei
1331 971 1464 1017 viam
1503 971 1623 1017 eius.
1701 970 1798 1018 Ae-

106 1044 273 1092 eedite
320 1043 391 1091 ad
434 1056 512 1091 me
559 1047 610 1091 et
655 1044 829 1091 audite
875 1044 1016 1092 haee.
1095 1044 1207 1092 Non
1254 1058 1286 1091 a
1320 1045 1577 1105 principio
1619 1045 1671 1091 in
1711 1043 1797 1091 ab-

105 1118 335 1166 scondito
368 1119 564 1165 loeutus
594 1130 703 1164 sum
711 1133 731 1174 ;
770 1118 972 1177 quando
1000 1118 1208 1183 fiebant,
1247 1118 1320 1165 ibi
1349 1131 1504 1166 eram.
1567 1117 1634 1165 Et
1662 1131 1798 1166 nune

106 1191 350 1239 Dominus
401 1191 537 1238 Deus
587 1191 723 1238 misit
768 1205 846 1239 me
892 1196 942 1239 et
987 1191 1209 1253 Spiritus
1255 1192 1376 1239 eius.
1453 1189 1640 1254 Nempe
1691 1192 1798 1255 ipse

104 1270 210 1329 est,
255 1265 341 1327 qui
387 1262 683 1327 loquebatur
729 1265 860 1312 sieut
904 1263 1142 1313 Dominus
1182 1263 1337 1330 Deus3
1388 1279 1481 1312 nee
1521 1271 1685 1312 tamen
1724 1266 1796 1313 in·
1832 1272 1885 1312 15

106 1336 428 1401 tellegeretur
467 1336 606 1385 Iesus
648 1335 899 1404 Christus,
945 1340 1042 1387 nisi
1081 1337 1370 1387 addidisset:
1418 1339 1485 1387 Et
1521 1354 1658 1387 nune
1697 1339 1796 1388 Do-

101 1414 271 1460 minus
318 1412 455 1460 Deus
501 1413 637 1460 misit
679 1426 757 1460 me
807 1418 856 1462 et
893 1413 1116 1475 Spiritus
1163 1415 1285 1462 eius.
1362 1411 1494 1462 Dixit
1531 1411 1625 1461 1100
1666 1414 1797 1460 enim

104 1485 381 1534 seeundum
436 1485 645 1534 formam
700 1487 854 1552 servi,
910 1486 970 1536 de
1021 1502 1075 1536 re
1125 1487 1292 1536 futura
1343 1492 1489 1535 utens
1539 1488 1798 1551 praeteriti

105 1561 344 1624 temporis
390 1559 564 1626 verbe,
612 1575 759 1624 quem
809 1561 868 1609 ad
915 1561 1115 1610 modum
1162 1561 1290 1626 apud
1332 1560 1544 1609 eundem
1583 1560 1794 1625 prophe—

104 1639 205 1682 tam
236 1633 439 1698 legitur:
479 1635 625 1683 Siout
655 1637 758 1683 ovis
798 1637 870 1684 ad
906 1637 1261 1685 immolandum
1301 1637 1484 1684 duetus
1523 1640 1607 1683 est.
1685 1633 1795 1682 Non
1828 1642 1885 1682 20

104 1708 234 1755 enim
268 1709 355 1756 ait:
393 1702 679 1773 „ducetur“,
719 1708 805 1757 sed
836 1724 927 1773 pro
962 1724 1035 1776 ee,
1076 1708 1206 1772 quod
1239 1709 1464 1758 futurum
1496 1714 1614 1773 erat,
1653 1722 1795 1771 prae-

102 1782 235 1830 teriti
285 1783 523 1845 temporis
570 1781 776 1831 verbum
822 1784 1003 1847 posuit.
1079 1782 1143 1831 Et
1189 1782 1383 1831 assidue
1422 1781 1683 1847 prophetia
1723 1782 1794 1830 sie

100 1853 335 1918 loquitur.

249 1927 340 1977 Est
386 1935 435 1978 et
473 1928 597 1978 alius
637 1929 775 1979 loeus
815 1930 945 1996 apud
985 1929 1291 1998 Zachariam,
1339 1932 1424 1995 qui
1462 1929 1556 1979 hoc
1597 1930 1792 1979 eviden-

102 2008 180 2050 ter
227 2001 468 2069 ostendit,
517 2003 648 2067 quod
699 2006 1088 2068 omnipotentem
1128 2007 1262 2054 misit
1302 2006 1638 2069 omnipotens:
1680 2006 1791 2068 quis
1825 2013 1882 2052 25

103 2090 267 2141 quem,
306 2077 402 2125 nisi
440 2076 574 2126 Deus
612 2075 759 2126 Pater
798 2077 956 2127 Deum
994 2075 1208 2128 Filium?
1284 2078 1407 2127 Nam
1445 2079 1511 2126 ita
1552 2079 1793 2142 seriptum

100 2155 200 2198 est:
239 2150 382 2199 Haec
423 2152 550 2200 dicit
587 2151 830 2200 Dominus
869 2154 1200 2215 omnipotens:
1249 2153 1368 2202 Post
1401 2154 1622 2213 ²(storiam
1660 2154 1795 2200 misit

100 2237 178 2272 me
215 2238 370 2286 super
397 2230 587 2285 yentes,
627 2240 760 2285 quae
797 2229 1145 2288 spoliaverunt
1181 2240 1292 2284 vos;
1332 2228 1452 2287 quia
1493 2228 1582 2287 qui
1619 2228 1790 2287 tetiye-

100 2299 173 2345 rit
209 2311 309 2363 vos,
347 2300 498 2358 quasi
534 2301 623 2359 qui
660 2304 840 2360 tanqat
872 2303 1118 2362 pupillam
1158 2303 1294 2349 oculi
1331 2303 1451 2349 eius,
1523 2300 1659 2349 Eece
1699 2313 1789 2360 eqo

100 2369 321 2430 inferam
366 2385 569 2420 manum
615 2386 775 2421 meam
828 2389 983 2435 super
1037 2388 1140 2434 eos,
1196 2379 1247 2422 et
1291 2378 1442 2423 erunt
1490 2375 1650 2435 spolia
1697 2375 1788 2432 liis,
1821 2382 1882 2422 30

99 2446 190 2504 qui
232 2448 519 2494 servierant
564 2448 635 2495 eis
643 2463 662 2503 ;
716 2453 765 2495 et
810 2450 1121 2507 eoqnoseetis
1176 2449 1297 2508 quia
1344 2448 1587 2498 Dominus
1634 2448 1787 2495 omni-

94 2521 273 2578 potens
319 2521 453 2567 misit
497 2533 586 2568 me.
663 2518 792 2568 Εο00
842 2520 962 2569 dicit
999 2519 1237 2569 Dominus
1277 2521 1589 2583 omnipotens
1629 2534 1656 2567 a
1694 2518 1787 2567 Do-

220 2630 291 2685 14)
324 2628 446 2674 Esai.
480 2635 551 2685 48,
586 2635 639 2674 12
673 2646 772 2687 sqq.
835 2634 910 2687 20)
942 2631 1067 2677 Esai.
1101 2636 1171 2686 53,
1207 2636 1244 2676 7.
1308 2632 1382 2687 32)
1415 2630 1550 2676 Zaeh.
1585 2635 1626 2686 2,
1659 2635 1685 2675 8
1720 2645 1785 2687 sq.

219 2795 245 2835 8
279 2790 321 2834 ei
351 2792 480 2836 nunt.
505 2791 610 2836 Rab
636 2787 781 2851 (αὐτῷ
808 2790 845 2836 S
845 2793 1104 2849 y.mmaeh);
1139 2792 1260 2836 enim
1290 2794 1420 2838 nunt.
1447 2806 1487 2847 e3
1523 2794 1676 2836 enunt
1709 2793 1790 2849 1⁶9,-

99 2848 167 2894 eis
198 2851 329 2896 nunt.
361 2851 434 2894 Av
458 2851 473 2906 ss
497 2856 552 2894 29
585 2852 752 2908 tangat
781 2850 828 2895 R
859 2855 911 2895 ut
942 2851 1135 2897 Hieron.
1167 2851 1391 2908 (Sabat)
1422 2852 1577 2908 tangit
1608 2852 1679 2895 Av

188 2939 282 2964 Avo.
307 2941 359 2964 m:
385 2933 665 2966 01v.m³:1.11.
1373 2930 1427 2969 31
