<?xml version="1.0" encoding="UTF-8"?>
<!DOCTYPE html PUBLIC "-//W3C//DTD XHTML 1.0 Transitional//EN"
    "http://www.w3.org/TR/xhtml1/DTD/xhtml1-transitional.dtd">
<html xmlns="http://www.w3.org/1999/xhtml" xml:lang="en" lang="en">
 <head>
  <title>
</title>
<meta http-equiv="Content-Type" content="text/html;charset=utf-8" />
  <meta name='ocr-system' content='tesseract 3.04.00' />
  <meta name='ocr-capabilities' content='ocr_page ocr_carea ocr_par ocr_line ocrx_word'/>
</head>
<body>
  <div class='ocr_page' id='page_1' title='image "./decivitatedeilib02auguuoft_0519.png"; bbox 0 0 2004 3140; ppageno 0'>
   <div class='ocr_carea' id='block_1_1' title="bbox 597 144 1819 197">
    <p class='ocr_par' dir='ltr' id='par_1_1' title="bbox 597 144 1819 197">
     <span class='ocr_line' id='line_1_1' title="bbox 597 144 1819 197; baseline 0.007 -9"><span class='ocrx_word' id='word_1_1' title='bbox 597 157 664 189; x_wconf 76' lang='lat' dir='ltr'>nn</span> <span class='ocrx_word' id='word_1_2' title='bbox 689 155 927 189; x_wconf 68' lang='lat' dir='ltr'>clvimrn</span> <span class='ocrx_word' id='word_1_3' title='bbox 952 156 1040 188; x_wconf 80' lang='lat' dir='ltr'>DEI</span> <span class='ocrx_word' id='word_1_4' title='bbox 1064 156 1105 189; x_wconf 76' lang='lat' dir='ltr'>n.</span> <span class='ocrx_word' id='word_1_5' title='bbox 1129 155 1234 189; x_wconf 81' lang='lat' dir='ltr'>XXI.</span> <span class='ocrx_word' id='word_1_6' title='bbox 1259 155 1296 189; x_wconf 87' lang='lat' dir='ltr'>c.</span> <span class='ocrx_word' id='word_1_7' title='bbox 1321 157 1375 190; x_wconf 86' lang='lat'>13.</span> <span class='ocrx_word' id='word_1_8' title='bbox 1711 144 1819 197; x_wconf 83' lang='lat'>515</span> 
     </span>
    </p>
   </div>
   <div class='ocr_carea' id='block_1_2' title="bbox 782 307 1166 362">
    <p class='ocr_par' dir='ltr' id='par_1_2' title="bbox 782 307 1166 362">
     <span class='ocr_line' id='line_1_2' title="bbox 782 307 1166 362; baseline -0.003 0"><span class='ocrx_word' id='word_1_9' title='bbox 782 307 980 362; x_wconf 78' lang='lat' dir='ltr'>CAPUT</span> <span class='ocrx_word' id='word_1_10' title='bbox 1019 308 1166 361; x_wconf 91' lang='lat' dir='ltr'>XIII.</span> 
     </span>
    </p>
   </div>
   <div class='ocr_carea' id='block_1_3' title="bbox 138 418 1816 553">
    <p class='ocr_par' dir='ltr' id='par_1_3' title="bbox 138 418 1816 553">
     <span class='ocr_line' id='line_1_3' title="bbox 138 418 1816 480; baseline 0 -13"><span class='ocrx_word' id='word_1_11' title='bbox 138 419 326 468; x_wconf 79' lang='lat' dir='ltr'><em>Contra</em></span> <span class='ocrx_word' id='word_1_12' title='bbox 358 418 640 480; x_wconf 77' lang='lat' dir='ltr'><em>opinionem</em></span> <span class='ocrx_word' id='word_1_13' title='bbox 672 429 859 476; x_wconf 82' lang='lat' dir='ltr'>eorum,</span> <span class='ocrx_word' id='word_1_14' title='bbox 900 418 989 476; x_wconf 82' lang='lat' dir='ltr'>qui</span> <span class='ocrx_word' id='word_1_15' title='bbox 1017 421 1206 477; x_wconf 81' lang='lat' dir='ltr'>putant</span> <span class='ocrx_word' id='word_1_16' title='bbox 1243 418 1527 466; x_wconf 72' lang='lat' dir='ltr'><em>criminosis</em></span> <span class='ocrx_word' id='word_1_17' title='bbox 1566 419 1816 480; x_wconf 80' lang='lat' dir='ltr'>supplicia</span> 
     </span>
     <span class='ocr_line' id='line_1_4' title="bbox 369 491 1578 553; baseline 0.001 -14"><span class='ocrx_word' id='word_1_18' title='bbox 369 495 484 553; x_wconf 83' lang='lat' dir='ltr'>post</span> <span class='ocrx_word' id='word_1_19' title='bbox 522 495 729 539; x_wconf 85' lang='lat' dir='ltr'>mortem</span> <span class='ocrx_word' id='word_1_20' title='bbox 770 504 929 538; x_wconf 80' lang='lat' dir='ltr'>causa</span> <span class='ocrx_word' id='word_1_21' title='bbox 964 491 1290 552; x_wconf 71' lang='lat' dir='ltr'>purqationis</span> <span class='ocrx_word' id='word_1_22' title='bbox 1330 492 1578 540; x_wconf 78' lang='lat' dir='ltr'><em>adhiberi.</em></span> 
     </span>
    </p>
   </div>
   <div class='ocr_carea' id='block_1_4' title="bbox 129 591 1909 1102">
    <p class='ocr_par' dir='ltr' id='par_1_4' title="bbox 129 591 1909 1102">
     <span class='ocr_line' id='line_1_5' title="bbox 278 591 1816 659; baseline 0.001 -16"><span class='ocrx_word' id='word_1_23' title='bbox 278 593 518 643; x_wconf 84' lang='lat' dir='ltr'>Platonici</span> <span class='ocrx_word' id='word_1_24' title='bbox 558 591 779 659; x_wconf 75' lang='lat' dir='ltr'>quidem,</span> <span class='ocrx_word' id='word_1_25' title='bbox 820 593 1040 656; x_wconf 88' lang='lat' dir='ltr'>quamvis</span> <span class='ocrx_word' id='word_1_26' title='bbox 1080 593 1304 656; x_wconf 81' lang='lat' dir='ltr'>inpunita</span> <span class='ocrx_word' id='word_1_27' title='bbox 1344 593 1477 641; x_wconf 92' lang='lat' dir='ltr'>nulla</span> <span class='ocrx_word' id='word_1_28' title='bbox 1516 593 1668 643; x_wconf 85' lang='lat' dir='ltr'>velint</span> <span class='ocrx_word' id='word_1_29' title='bbox 1708 610 1816 644; x_wconf 89' lang='lat' dir='ltr'>esse</span> 
     </span>
     <span class='ocr_line' id='line_1_6' title="bbox 129 665 1875 734; baseline -0.002 -16"><span class='ocrx_word' id='word_1_30' title='bbox 129 675 345 734; x_wconf 87' lang='lat' dir='ltr'>peccata,</span> <span class='ocrx_word' id='word_1_31' title='bbox 382 674 547 717; x_wconf 90' lang='lat' dir='ltr'>tamen</span> <span class='ocrx_word' id='word_1_32' title='bbox 580 681 751 715; x_wconf 89' lang='lat' dir='ltr'>omnes</span> <span class='ocrx_word' id='word_1_33' title='bbox 781 681 965 730; x_wconf 89' lang='lat' dir='ltr'>poenas</span> <span class='ocrx_word' id='word_1_34' title='bbox 1000 665 1329 715; x_wconf 86' lang='lat' dir='ltr'>emendationi</span> <span class='ocrx_word' id='word_1_35' title='bbox 1368 666 1590 716; x_wconf 82' lang='lat' dir='ltr'>adhiberi</span> <span class='ocrx_word' id='word_1_36' title='bbox 1628 674 1817 732; x_wconf 84' lang='lat' dir='ltr'>putant,</span> <span class='ocrx_word' id='word_1_37' title='bbox 1850 674 1875 715; x_wconf 88' lang='lat'>5</span> 
     </span>
     <span class='ocr_line' id='line_1_7' title="bbox 130 739 1816 806; baseline -0.001 -14"><span class='ocrx_word' id='word_1_38' title='bbox 130 742 207 792; x_wconf 91' lang='lat' dir='ltr'>vel</span> <span class='ocrx_word' id='word_1_39' title='bbox 249 742 478 791; x_wconf 87' lang='lat' dir='ltr'>humanis</span> <span class='ocrx_word' id='word_1_40' title='bbox 516 739 727 789; x_wconf 88' lang='lat' dir='ltr'>inflictas</span> <span class='ocrx_word' id='word_1_41' title='bbox 773 739 963 804; x_wconf 87' lang='lat' dir='ltr'>legibus</span> <span class='ocrx_word' id='word_1_42' title='bbox 1003 739 1079 788; x_wconf 88' lang='lat' dir='ltr'>vel</span> <span class='ocrx_word' id='word_1_43' title='bbox 1119 739 1318 806; x_wconf 85' lang='lat' dir='ltr'>divinis,</span> <span class='ocrx_word' id='word_1_44' title='bbox 1360 742 1459 789; x_wconf 92' lang='lat' dir='ltr'>sive</span> <span class='ocrx_word' id='word_1_45' title='bbox 1500 743 1551 790; x_wconf 90' lang='lat' dir='ltr'>in</span> <span class='ocrx_word' id='word_1_46' title='bbox 1591 741 1681 790; x_wconf 90' lang='lat' dir='ltr'>hac</span> <span class='ocrx_word' id='word_1_47' title='bbox 1720 744 1816 791; x_wconf 91' lang='lat' dir='ltr'>vita</span> 
     </span>
     <span class='ocr_line' id='line_1_8' title="bbox 131 813 1816 881; baseline -0.001 -16"><span class='ocrx_word' id='word_1_48' title='bbox 131 818 231 865; x_wconf 89' lang='lat' dir='ltr'>sive</span> <span class='ocrx_word' id='word_1_49' title='bbox 263 822 378 881; x_wconf 89' lang='lat' dir='ltr'>post</span> <span class='ocrx_word' id='word_1_50' title='bbox 410 821 635 881; x_wconf 81' lang='lat' dir='ltr'>mortem,</span> <span class='ocrx_word' id='word_1_51' title='bbox 676 815 717 862; x_wconf 86' lang='lat' dir='ltr'>si</span> <span class='ocrx_word' id='word_1_52' title='bbox 757 820 840 862; x_wconf 88' lang='lat' dir='ltr'>aut</span> <span class='ocrx_word' id='word_1_53' title='bbox 879 820 1109 878; x_wconf 84' lang='lat' dir='ltr'>parcatur</span> <span class='ocrx_word' id='word_1_54' title='bbox 1142 813 1220 862; x_wconf 89' lang='lat' dir='ltr'>hic</span> <span class='ocrx_word' id='word_1_55' title='bbox 1265 816 1444 879; x_wconf 88' lang='lat' dir='ltr'>cuique</span> <span class='ocrx_word' id='word_1_56' title='bbox 1486 821 1570 864; x_wconf 87' lang='lat' dir='ltr'>aut</span> <span class='ocrx_word' id='word_1_57' title='bbox 1612 817 1679 864; x_wconf 89' lang='lat' dir='ltr'>ita</span> <span class='ocrx_word' id='word_1_58' title='bbox 1717 815 1816 880; x_wconf 88' lang='lat' dir='ltr'>ple-</span> 
     </span>
     <span class='ocr_line' id='line_1_9' title="bbox 132 887 1815 952; baseline -0.001 -12"><span class='ocrx_word' id='word_1_59' title='bbox 132 896 294 940; x_wconf 89' lang='lat' dir='ltr'>ctatur</span> <span class='ocrx_word' id='word_1_60' title='bbox 334 895 389 938; x_wconf 90' lang='lat' dir='ltr'>ut</span> <span class='ocrx_word' id='word_1_61' title='bbox 427 888 507 937; x_wconf 93' lang='lat' dir='ltr'>hic</span> <span class='ocrx_word' id='word_1_62' title='bbox 549 903 648 936; x_wconf 88' lang='lat' dir='ltr'>non</span> <span class='ocrx_word' id='word_1_63' title='bbox 688 889 978 952; x_wconf 81' lang='lat' dir='ltr'>corrigatur.</span> <span class='ocrx_word' id='word_1_64' title='bbox 1056 887 1181 936; x_wconf 89' lang='lat' dir='ltr'>Hinc</span> <span class='ocrx_word' id='word_1_65' title='bbox 1223 895 1298 937; x_wconf 85' lang='lat' dir='ltr'>est</span> <span class='ocrx_word' id='word_1_66' title='bbox 1330 887 1544 937; x_wconf 89' lang='lat' dir='ltr'>Maronis</span> <span class='ocrx_word' id='word_1_67' title='bbox 1587 888 1667 937; x_wconf 91' lang='lat' dir='ltr'>illa</span> <span class='ocrx_word' id='word_1_68' title='bbox 1708 904 1815 938; x_wconf 87' lang='lat' dir='ltr'>sen-</span> 
     </span>
     <span class='ocr_line' id='line_1_10' title="bbox 130 961 1817 1030; baseline -0.001 -17"><span class='ocrx_word' id='word_1_69' title='bbox 130 965 298 1030; x_wconf 85' lang='lat' dir='ltr'>tentia,</span> <span class='ocrx_word' id='word_1_70' title='bbox 336 962 437 1029; x_wconf 81' lang='lat' dir='ltr'>ubi,</span> <span class='ocrx_word' id='word_1_71' title='bbox 477 977 590 1011; x_wconf 91' lang='lat' dir='ltr'>cum</span> <span class='ocrx_word' id='word_1_72' title='bbox 631 961 835 1010; x_wconf 82' lang='lat' dir='ltr'>dixisset</span> <span class='ocrx_word' id='word_1_73' title='bbox 875 961 933 1010; x_wconf 88' lang='lat' dir='ltr'>de</span> <span class='ocrx_word' id='word_1_74' title='bbox 975 964 1187 1010; x_wconf 88' lang='lat' dir='ltr'>terrenis</span> <span class='ocrx_word' id='word_1_75' title='bbox 1229 962 1523 1026; x_wconf 82' lang='lat' dir='ltr'><em>corporibus</em></span> <span class='ocrx_word' id='word_1_76' title='bbox 1565 962 1817 1012; x_wconf 89' lang='lat' dir='ltr'>moribun-</span> 
     </span>
     <span class='ocr_line' id='line_1_11' title="bbox 131 1035 1909 1102; baseline -0.001 -16"><span class='ocrx_word' id='word_1_77' title='bbox 131 1038 305 1102; x_wconf 84' lang='lat' dir='ltr'>disque</span> <span class='ocrx_word' id='word_1_78' title='bbox 347 1035 604 1097; x_wconf 81' lang='lat' dir='ltr'>membriS,</span> <span class='ocrx_word' id='word_1_79' title='bbox 646 1035 777 1100; x_wconf 90' lang='lat' dir='ltr'>quod</span> <span class='ocrx_word' id='word_1_80' title='bbox 818 1037 1005 1084; x_wconf 88' lang='lat' dir='ltr'>animae</span> <span class='ocrx_word' id='word_1_81' title='bbox 1260 1068 1261 1071; x_wconf 20' lang='grc' dir='ltr'><strong>κ</strong></span> <span class='ocrx_word' id='word_1_82' title='bbox 1858 1045 1909 1084; x_wconf 88' lang='lat'>10</span> 
     </span>
    </p>
   </div>
   <div class='ocr_carea' id='block_1_5' title="bbox 279 1119 1617 1203">
    <p class='ocr_par' dir='ltr' id='par_1_5' title="bbox 279 1119 1617 1203">
     <span class='ocr_line' id='line_1_12' title="bbox 279 1119 1617 1203; baseline 0 -15"><span class='ocrx_word' id='word_1_83' title='bbox 279 1119 408 1190; x_wconf 75' lang='lat' dir='ltr'>Hinc</span> <span class='ocrx_word' id='word_1_84' title='bbox 446 1143 679 1188; x_wconf 88' lang='lat' dir='ltr'>metuunt</span> <span class='ocrx_word' id='word_1_85' title='bbox 718 1140 1036 1202; x_wconf 86' lang='lat' dir='ltr'>cupiuntque,</span> <span class='ocrx_word' id='word_1_86' title='bbox 1077 1140 1246 1188; x_wconf 90' lang='lat' dir='ltr'>dolent</span> <span class='ocrx_word' id='word_1_87' title='bbox 1283 1141 1617 1203; x_wconf 72' lang='lat' dir='ltr'>gaudentque,</span> 
     </span>
    </p>
   </div>
   <div class='ocr_carea' id='block_1_6' title="bbox 281 1229 1604 1352">
    <p class='ocr_par' dir='ltr' id='par_1_6' title="bbox 281 1229 1604 1352">
     <span class='ocr_line' id='line_1_13' title="bbox 1244 1229 1521 1262; baseline 0 0"><span class='ocrx_word' id='word_1_88' title='bbox 1244 1229 1335 1262; x_wconf 86' lang='lat' dir='ltr'>nec</span> <span class='ocrx_word' id='word_1_89' title='bbox 1375 1230 1521 1262; x_wconf 85' lang='lat' dir='ltr'>auras</span> 
     </span>
     <span class='ocr_line' id='line_1_14' title="bbox 281 1287 1604 1352; baseline 0.001 -16"><span class='ocrx_word' id='word_1_90' title='bbox 281 1288 582 1352; x_wconf 83' lang='lat' dir='ltr'>Suspiciunt,</span> <span class='ocrx_word' id='word_1_91' title='bbox 622 1289 819 1336; x_wconf 82' lang='lat' dir='ltr'>clausae</span> <span class='ocrx_word' id='word_1_92' title='bbox 859 1287 1081 1336; x_wconf 82' lang='lat' dir='ltr'>tenebris</span> <span class='ocrx_word' id='word_1_93' title='bbox 1122 1290 1172 1336; x_wconf 88' lang='lat' dir='ltr'>et</span> <span class='ocrx_word' id='word_1_94' title='bbox 1211 1303 1406 1336; x_wconf 84' lang='lat' dir='ltr'>carcere</span> <span class='ocrx_word' id='word_1_95' title='bbox 1447 1304 1604 1350; x_wconf 85' lang='lat' dir='ltr'>caecO,</span> 
     </span>
    </p>
   </div>
   <div class='ocr_carea' id='block_1_7' title="bbox 133 1391 1908 1666">
    <p class='ocr_par' dir='ltr' id='par_1_7' title="bbox 133 1391 1908 1666">
     <span class='ocr_line' id='line_1_15' title="bbox 133 1391 910 1454; baseline -0.004 -13"><span class='ocrx_word' id='word_1_96' title='bbox 133 1398 334 1441; x_wconf 85' lang='lat' dir='ltr'>secutus</span> <span class='ocrx_word' id='word_1_97' title='bbox 374 1391 597 1440; x_wconf 88' lang='lat' dir='ltr'>adiunxit</span> <span class='ocrx_word' id='word_1_98' title='bbox 636 1397 781 1454; x_wconf 90' lang='lat' dir='ltr'>atque</span> <span class='ocrx_word' id='word_1_99' title='bbox 823 1392 910 1439; x_wconf 90' lang='lat' dir='ltr'>ait:</span> 
     </span>
     <span class='ocr_line' id='line_1_16' title="bbox 281 1495 1908 1557; baseline -0.001 -14"><span class='ocrx_word' id='word_1_100' title='bbox 281 1495 411 1553; x_wconf 83' lang='lat' dir='ltr'>Quin</span> <span class='ocrx_word' id='word_1_101' title='bbox 450 1499 501 1544; x_wconf 89' lang='lat' dir='ltr'>et</span> <span class='ocrx_word' id='word_1_102' title='bbox 540 1511 769 1556; x_wconf 84' lang='lat' dir='ltr'>supremo</span> <span class='ocrx_word' id='word_1_103' title='bbox 810 1510 922 1542; x_wconf 87' lang='lat' dir='ltr'>cum</span> <span class='ocrx_word' id='word_1_104' title='bbox 961 1495 1147 1543; x_wconf 87' lang='lat' dir='ltr'>lumine</span> <span class='ocrx_word' id='word_1_105' title='bbox 1186 1495 1291 1544; x_wconf 85' lang='lat' dir='ltr'>vita</span> <span class='ocrx_word' id='word_1_106' title='bbox 1328 1496 1534 1557; x_wconf 86' lang='lat' dir='ltr'>reliquit</span> <span class='ocrx_word' id='word_1_107' title='bbox 1855 1501 1908 1542; x_wconf 84' lang='lat'>15</span> 
     </span>
     <span class='ocr_line' id='line_1_17' title="bbox 135 1592 1581 1666; baseline 0 -19"><span class='ocrx_word' id='word_1_108' title='bbox 135 1594 207 1666; x_wconf 89' lang='lat' dir='ltr'>(id</span> <span class='ocrx_word' id='word_1_109' title='bbox 248 1605 324 1647; x_wconf 89' lang='lat' dir='ltr'>est</span> <span class='ocrx_word' id='word_1_110' title='bbox 363 1613 475 1647; x_wconf 89' lang='lat' dir='ltr'>cum</span> <span class='ocrx_word' id='word_1_111' title='bbox 515 1597 594 1646; x_wconf 88' lang='lat' dir='ltr'>die</span> <span class='ocrx_word' id='word_1_112' title='bbox 634 1598 898 1646; x_wconf 89' lang='lat' dir='ltr'>novissimo</span> <span class='ocrx_word' id='word_1_113' title='bbox 939 1597 1141 1661; x_wconf 88' lang='lat' dir='ltr'>reliquit</span> <span class='ocrx_word' id='word_1_114' title='bbox 1180 1612 1262 1646; x_wconf 87' lang='lat' dir='ltr'>eas</span> <span class='ocrx_word' id='word_1_115' title='bbox 1303 1599 1398 1646; x_wconf 88' lang='lat' dir='ltr'>ista</span> <span class='ocrx_word' id='word_1_116' title='bbox 1436 1592 1581 1665; x_wconf 77' lang='lat' dir='ltr'>vita),</span> 
     </span>
    </p>
   </div>
   <div class='ocr_carea' id='block_1_8' title="bbox 280 1694 1910 2281">
    <p class='ocr_par' dir='ltr' id='par_1_8' title="bbox 280 1694 1651 1824">
     <span class='ocr_line' id='line_1_18' title="bbox 280 1694 1651 1767; baseline -0.001 -17"><span class='ocrx_word' id='word_1_117' title='bbox 280 1703 394 1750; x_wconf 85' lang='lat' dir='ltr'>Non</span> <span class='ocrx_word' id='word_1_118' title='bbox 433 1705 602 1749; x_wconf 86' lang='lat' dir='ltr'>tamen</span> <span class='ocrx_word' id='word_1_119' title='bbox 643 1694 853 1767; x_wconf 72' lang='lat' dir='ltr'>(inquit)</span> <span class='ocrx_word' id='word_1_120' title='bbox 894 1717 1036 1750; x_wconf 87' lang='lat' dir='ltr'>omne</span> <span class='ocrx_word' id='word_1_121' title='bbox 1075 1703 1266 1749; x_wconf 82' lang='lat' dir='ltr'>malum</span> <span class='ocrx_word' id='word_1_122' title='bbox 1303 1702 1521 1762; x_wconf 80' lang='lat' dir='ltr'>miseriS‚</span> <span class='ocrx_word' id='word_1_123' title='bbox 1561 1717 1651 1749; x_wconf 89' lang='lat' dir='ltr'>nec</span> 
     </span>
     <span class='ocr_line' id='line_1_19' title="bbox 1198 1775 1636 1824; baseline 0 -1"><span class='ocrx_word' id='word_1_124' title='bbox 1198 1775 1424 1823; x_wconf 78' lang='lat' dir='ltr'>funditus</span> <span class='ocrx_word' id='word_1_125' title='bbox 1464 1790 1636 1824; x_wconf 84' lang='lat' dir='ltr'>omnes</span> 
     </span>
    </p>

    <p class='ocr_par' dir='ltr' id='par_1_9' title="bbox 283 1848 1756 1911">
     <span class='ocr_line' id='line_1_20' title="bbox 283 1848 1756 1911; baseline 0 -14"><span class='ocrx_word' id='word_1_126' title='bbox 283 1848 560 1911; x_wconf 80' lang='lat' dir='ltr'>Corporeae</span> <span class='ocrx_word' id='word_1_127' title='bbox 600 1849 837 1897; x_wconf 87' lang='lat' dir='ltr'>excedent</span> <span class='ocrx_word' id='word_1_128' title='bbox 874 1853 1063 1911; x_wconf 81' lang='lat' dir='ltr'>pestes,</span> <span class='ocrx_word' id='word_1_129' title='bbox 1102 1850 1401 1911; x_wconf 82' lang='lat' dir='ltr'>penitusque</span> <span class='ocrx_word' id='word_1_130' title='bbox 1438 1865 1639 1898; x_wconf 85' lang='lat' dir='ltr'>necesse</span> <span class='ocrx_word' id='word_1_131' title='bbox 1680 1851 1756 1897; x_wconf 86' lang='lat' dir='ltr'>est</span> 
     </span>
    </p>

    <p class='ocr_par' dir='ltr' id='par_1_10' title="bbox 282 1923 1910 1972">
     <span class='ocr_line' id='line_1_21' title="bbox 282 1923 1910 1972; baseline -0.001 -2"><span class='ocrx_word' id='word_1_132' title='bbox 282 1924 445 1971; x_wconf 86' lang='lat' dir='ltr'>Multa</span> <span class='ocrx_word' id='word_1_133' title='bbox 483 1923 568 1970; x_wconf 88' lang='lat' dir='ltr'>diu</span> <span class='ocrx_word' id='word_1_134' title='bbox 608 1924 839 1971; x_wconf 84' lang='lat' dir='ltr'>concreta,</span> <span class='ocrx_word' id='word_1_135' title='bbox 876 1923 1035 1971; x_wconf 81' lang='lat' dir='ltr'>modis</span> <span class='ocrx_word' id='word_1_136' title='bbox 1073 1924 1346 1972; x_wconf 80' lang='lat' dir='ltr'>inolescere</span> <span class='ocrx_word' id='word_1_137' title='bbox 1384 1923 1539 1971; x_wconf 87' lang='lat' dir='ltr'>miris.</span> <span class='ocrx_word' id='word_1_138' title='bbox 1854 1930 1910 1970; x_wconf 85' lang='lat'>20</span> 
     </span>
    </p>

    <p class='ocr_par' dir='ltr' id='par_1_11' title="bbox 281 1997 1607 2059">
     <span class='ocr_line' id='line_1_22' title="bbox 281 1997 1607 2059; baseline -0.002 -13"><span class='ocrx_word' id='word_1_139' title='bbox 281 1997 417 2059; x_wconf 87' lang='lat' dir='ltr'>Ergo</span> <span class='ocrx_word' id='word_1_140' title='bbox 457 2000 749 2045; x_wconf 77' lang='lat' dir='ltr'>exercentur</span> <span class='ocrx_word' id='word_1_141' title='bbox 786 1998 958 2058; x_wconf 87' lang='lat' dir='ltr'>poenis</span> <span class='ocrx_word' id='word_1_142' title='bbox 997 1999 1322 2059; x_wconf 69' lang='lat' dir='ltr'>veterumque</span> <span class='ocrx_word' id='word_1_143' title='bbox 1360 1998 1607 2045; x_wconf 89' lang='lat' dir='ltr'>malorum</span> 
     </span>
    </p>

    <p class='ocr_par' dir='ltr' id='par_1_12' title="bbox 283 2070 1584 2133">
     <span class='ocr_line' id='line_1_23' title="bbox 283 2070 1584 2133; baseline 0.001 -16"><span class='ocrx_word' id='word_1_144' title='bbox 283 2070 538 2132; x_wconf 83' lang='lat' dir='ltr'>Supplicia</span> <span class='ocrx_word' id='word_1_145' title='bbox 577 2070 881 2133; x_wconf 80' lang='lat' dir='ltr'>expendunt3</span> <span class='ocrx_word' id='word_1_146' title='bbox 922 2070 1049 2119; x_wconf 81' lang='lat' dir='ltr'>aliae</span> <span class='ocrx_word' id='word_1_147' title='bbox 1086 2071 1375 2133; x_wconf 84' lang='lat' dir='ltr'>panduntur</span> <span class='ocrx_word' id='word_1_148' title='bbox 1412 2071 1584 2119; x_wconf 87' lang='lat' dir='ltr'>inanes</span> 
     </span>
    </p>

    <p class='ocr_par' dir='ltr' id='par_1_13' title="bbox 284 2143 1613 2208">
     <span class='ocr_line' id='line_1_24' title="bbox 284 2143 1613 2208; baseline 0.002 -17"><span class='ocrx_word' id='word_1_149' title='bbox 284 2143 563 2206; x_wconf 82' lang='lat' dir='ltr'>Suspensae</span> <span class='ocrx_word' id='word_1_150' title='bbox 604 2145 666 2192; x_wconf 85' lang='lat' dir='ltr'>ad</span> <span class='ocrx_word' id='word_1_151' title='bbox 704 2147 902 2204; x_wconf 85' lang='lat' dir='ltr'>ventos,</span> <span class='ocrx_word' id='word_1_152' title='bbox 943 2145 1054 2193; x_wconf 80' lang='lat' dir='ltr'>aliis</span> <span class='ocrx_word' id='word_1_153' title='bbox 1097 2146 1188 2193; x_wconf 85' lang='lat' dir='ltr'>sub</span> <span class='ocrx_word' id='word_1_154' title='bbox 1227 2145 1431 2208; x_wconf 84' lang='lat' dir='ltr'>gurgite</span> <span class='ocrx_word' id='word_1_155' title='bbox 1470 2147 1613 2193; x_wconf 81' lang='lat' dir='ltr'>vasto</span> 
     </span>
    </p>

    <p class='ocr_par' dir='ltr' id='par_1_14' title="bbox 283 2218 1507 2281">
     <span class='ocr_line' id='line_1_25' title="bbox 283 2218 1507 2281; baseline 0.001 -16"><span class='ocrx_word' id='word_1_156' title='bbox 283 2218 529 2266; x_wconf 84' lang='lat' dir='ltr'>Infectum</span> <span class='ocrx_word' id='word_1_157' title='bbox 570 2218 769 2265; x_wconf 71' lang='lat' dir='ltr'>eluitur‘</span> <span class='ocrx_word' id='word_1_158' title='bbox 796 2219 955 2267; x_wconf 82' lang='lat' dir='ltr'>scelus</span> <span class='ocrx_word' id='word_1_159' title='bbox 996 2221 1084 2266; x_wconf 82' lang='lat' dir='ltr'>aut</span> <span class='ocrx_word' id='word_1_160' title='bbox 1124 2219 1349 2267; x_wconf 88' lang='lat' dir='ltr'>exuritur</span> <span class='ocrx_word' id='word_1_161' title='bbox 1386 2219 1507 2281; x_wconf 86' lang='lat' dir='ltr'>igni.</span> 
     </span>
    </p>
   </div>
   <div class='ocr_carea' id='block_1_9' title="bbox 136 2319 1909 2829">
    <p class='ocr_par' dir='ltr' id='par_1_15' title="bbox 136 2319 1909 2829">
     <span class='ocr_line' id='line_1_26' title="bbox 137 2319 1909 2386; baseline -0.001 -18"><span class='ocrx_word' id='word_1_162' title='bbox 137 2319 232 2377; x_wconf 84' lang='lat' dir='ltr'>Qui</span> <span class='ocrx_word' id='word_1_163' title='bbox 269 2319 363 2368; x_wconf 94' lang='lat' dir='ltr'>hoc</span> <span class='ocrx_word' id='word_1_164' title='bbox 403 2322 690 2386; x_wconf 80' lang='lat' dir='ltr'>opinantur,</span> <span class='ocrx_word' id='word_1_165' title='bbox 742 2320 900 2369; x_wconf 76' lang='lat' dir='ltr'>nufias</span> <span class='ocrx_word' id='word_1_166' title='bbox 946 2336 1129 2385; x_wconf 88' lang='lat' dir='ltr'>poenas</span> <span class='ocrx_word' id='word_1_167' title='bbox 1169 2323 1266 2370; x_wconf 90' lang='lat' dir='ltr'>nisi</span> <span class='ocrx_word' id='word_1_168' title='bbox 1304 2322 1613 2386; x_wconf 85' lang='lat' dir='ltr'>purgatorias</span> <span class='ocrx_word' id='word_1_169' title='bbox 1654 2319 1822 2369; x_wconf 88' lang='lat' dir='ltr'>volunt</span> <span class='ocrx_word' id='word_1_170' title='bbox 1854 2326 1909 2366; x_wconf 83' lang='lat'>25</span> 
     </span>
     <span class='ocr_line' id='line_1_27' title="bbox 137 2393 1820 2461; baseline 0 -19"><span class='ocrx_word' id='word_1_171' title='bbox 137 2409 245 2442; x_wconf 89' lang='lat' dir='ltr'>esse</span> <span class='ocrx_word' id='word_1_172' title='bbox 285 2400 398 2458; x_wconf 84' lang='lat' dir='ltr'>post</span> <span class='ocrx_word' id='word_1_173' title='bbox 436 2401 663 2461; x_wconf 83' lang='lat' dir='ltr'>mortem,</span> <span class='ocrx_word' id='word_1_174' title='bbox 703 2401 772 2459; x_wconf 86' lang='lat' dir='ltr'>ut,</span> <span class='ocrx_word' id='word_1_175' title='bbox 813 2396 1044 2458; x_wconf 88' lang='lat' dir='ltr'>quoniam</span> <span class='ocrx_word' id='word_1_176' title='bbox 1084 2396 1231 2444; x_wconf 87' lang='lat' dir='ltr'>terris</span> <span class='ocrx_word' id='word_1_177' title='bbox 1272 2396 1530 2459; x_wconf 89' lang='lat' dir='ltr'>superiora</span> <span class='ocrx_word' id='word_1_178' title='bbox 1570 2401 1686 2442; x_wconf 91' lang='lat' dir='ltr'>sunt</span> <span class='ocrx_word' id='word_1_179' title='bbox 1725 2393 1820 2442; x_wconf 88' lang='lat' dir='ltr'>ele·</span> 
     </span>
     <span class='ocr_line' id='line_1_28' title="bbox 136 2467 1822 2534; baseline -0.001 -18"><span class='ocrx_word' id='word_1_180' title='bbox 136 2473 301 2516; x_wconf 89' lang='lat' dir='ltr'>menta</span> <span class='ocrx_word' id='word_1_181' title='bbox 347 2483 493 2533; x_wconf 79' lang='lat' dir='ltr'>aqua,</span> <span class='ocrx_word' id='word_1_182' title='bbox 533 2483 638 2529; x_wconf 90' lang='lat' dir='ltr'>aer,</span> <span class='ocrx_word' id='word_1_183' title='bbox 678 2469 828 2534; x_wconf 74' lang='lat' dir='ltr'>igme,</span> <span class='ocrx_word' id='word_1_184' title='bbox 876 2484 935 2517; x_wconf 91' lang='lat' dir='ltr'>ex</span> <span class='ocrx_word' id='word_1_185' title='bbox 975 2468 1136 2532; x_wconf 90' lang='lat' dir='ltr'>aliquo</span> <span class='ocrx_word' id='word_1_186' title='bbox 1176 2470 1386 2518; x_wconf 88' lang='lat' dir='ltr'>istorum</span> <span class='ocrx_word' id='word_1_187' title='bbox 1426 2467 1694 2517; x_wconf 88' lang='lat' dir='ltr'>mundetur</span> <span class='ocrx_word' id='word_1_188' title='bbox 1731 2481 1822 2531; x_wconf 92' lang='lat' dir='ltr'>per</span> 
     </span>
     <span class='ocr_line' id='line_1_29' title="bbox 138 2541 1823 2607; baseline 0 -19"><span class='ocrx_word' id='word_1_189' title='bbox 138 2542 430 2605; x_wconf 89' lang='lat' dir='ltr'>expiatorias</span> <span class='ocrx_word' id='word_1_190' title='bbox 481 2556 686 2607; x_wconf 62' lang='lat' dir='ltr'>poenam,</span> <span class='ocrx_word' id='word_1_191' title='bbox 742 2541 872 2605; x_wconf 91' lang='lat' dir='ltr'>quod</span> <span class='ocrx_word' id='word_1_192' title='bbox 924 2548 1120 2590; x_wconf 84' lang='lat' dir='ltr'>terrena</span> <span class='ocrx_word' id='word_1_193' title='bbox 1173 2543 1463 2605; x_wconf 84' lang='lat' dir='ltr'>contagione</span> <span class='ocrx_word' id='word_1_194' title='bbox 1513 2546 1823 2589; x_wconf 89' lang='lat' dir='ltr'>contractum</span> 
     </span>
     <span class='ocr_line' id='line_1_30' title="bbox 137 2613 1822 2681; baseline 0 -19"><span class='ocrx_word' id='word_1_195' title='bbox 137 2620 226 2662; x_wconf 89' lang='lat' dir='ltr'>est.</span> <span class='ocrx_word' id='word_1_196' title='bbox 303 2614 400 2662; x_wconf 91' lang='lat' dir='ltr'>Aer</span> <span class='ocrx_word' id='word_1_197' title='bbox 433 2615 613 2678; x_wconf 89' lang='lat' dir='ltr'>quippe</span> <span class='ocrx_word' id='word_1_198' title='bbox 646 2616 886 2679; x_wconf 88' lang='lat' dir='ltr'>accipitur</span> <span class='ocrx_word' id='word_1_199' title='bbox 925 2617 975 2663; x_wconf 92' lang='lat' dir='ltr'>in</span> <span class='ocrx_word' id='word_1_200' title='bbox 1016 2630 1072 2662; x_wconf 91' lang='lat' dir='ltr'>eo</span> <span class='ocrx_word' id='word_1_201' title='bbox 1114 2614 1244 2679; x_wconf 88' lang='lat' dir='ltr'>quod</span> <span class='ocrx_word' id='word_1_202' title='bbox 1285 2616 1371 2663; x_wconf 89' lang='lat' dir='ltr'>ait:</span> <span class='ocrx_word' id='word_1_203' title='bbox 1410 2614 1721 2681; x_wconf 79' lang='lat' dir='ltr'>„Suspensae</span> <span class='ocrx_word' id='word_1_204' title='bbox 1762 2613 1822 2662; x_wconf 90' lang='lat' dir='ltr'>ad</span> 
     </span>
     <span class='ocr_line' id='line_1_31' title="bbox 137 2682 1909 2754; baseline 0 -19"><span class='ocrx_word' id='word_1_205' title='bbox 137 2682 363 2752; x_wconf 84' lang='lat' dir='ltr'>ventos“;</span> <span class='ocrx_word' id='word_1_206' title='bbox 403 2701 527 2751; x_wconf 90' lang='lat' dir='ltr'>aqua</span> <span class='ocrx_word' id='word_1_207' title='bbox 566 2689 617 2735; x_wconf 90' lang='lat' dir='ltr'>in</span> <span class='ocrx_word' id='word_1_208' title='bbox 658 2702 716 2736; x_wconf 90' lang='lat' dir='ltr'>eo</span> <span class='ocrx_word' id='word_1_209' title='bbox 757 2688 888 2751; x_wconf 91' lang='lat' dir='ltr'>quod</span> <span class='ocrx_word' id='word_1_210' title='bbox 928 2690 1016 2737; x_wconf 88' lang='lat' dir='ltr'>ait:</span> <span class='ocrx_word' id='word_1_211' title='bbox 1055 2687 1191 2754; x_wconf 83' lang='lat' dir='ltr'>„Sub</span> <span class='ocrx_word' id='word_1_212' title='bbox 1232 2689 1425 2752; x_wconf 88' lang='lat' dir='ltr'>gurgite</span> <span class='ocrx_word' id='word_1_213' title='bbox 1467 2683 1654 2753; x_wconf 82' lang='lat' dir='ltr'>vasto“;</span> <span class='ocrx_word' id='word_1_214' title='bbox 1693 2689 1820 2752; x_wconf 87' lang='lat' dir='ltr'>ignis</span> <span class='ocrx_word' id='word_1_215' title='bbox 1853 2696 1909 2735; x_wconf 91' lang='lat'>30</span> 
     </span>
     <span class='ocr_line' id='line_1_32' title="bbox 138 2761 1821 2829; baseline 0 -20"><span class='ocrx_word' id='word_1_216' title='bbox 138 2767 302 2810; x_wconf 89' lang='lat' dir='ltr'>autem</span> <span class='ocrx_word' id='word_1_217' title='bbox 343 2776 432 2809; x_wconf 92' lang='lat' dir='ltr'>suo</span> <span class='ocrx_word' id='word_1_218' title='bbox 474 2762 670 2809; x_wconf 87' lang='lat' dir='ltr'>nomine</span> <span class='ocrx_word' id='word_1_219' title='bbox 711 2775 976 2825; x_wconf 84' lang='lat' dir='ltr'>expressus</span> <span class='ocrx_word' id='word_1_220' title='bbox 1017 2769 1113 2827; x_wconf 81' lang='lat' dir='ltr'>est,</span> <span class='ocrx_word' id='word_1_221' title='bbox 1153 2777 1265 2810; x_wconf 88' lang='lat' dir='ltr'>cum</span> <span class='ocrx_word' id='word_1_222' title='bbox 1306 2761 1449 2811; x_wconf 88' lang='lat' dir='ltr'>dixit:</span> <span class='ocrx_word' id='word_1_223' title='bbox 1487 2762 1621 2829; x_wconf 85' lang='lat' dir='ltr'>„Aut</span> <span class='ocrx_word' id='word_1_224' title='bbox 1662 2762 1821 2810; x_wconf 90' lang='lat' dir='ltr'>exuri-</span> 
     </span>
    </p>
   </div>
   <div class='ocr_carea' id='block_1_10' title="bbox 258 2883 1465 3006">
    <p class='ocr_par' dir='ltr' id='par_1_16' title="bbox 258 2883 1465 3006">
     <span class='ocr_line' id='line_1_33' title="bbox 258 2883 904 2945; baseline 0 -13"><span class='ocrx_word' id='word_1_225' title='bbox 258 2890 332 2945; x_wconf 86' lang='lat'>24)</span> <span class='ocrx_word' id='word_1_226' title='bbox 364 2888 476 2933; x_wconf 81' lang='lat' dir='ltr'>Aen.</span> <span class='ocrx_word' id='word_1_227' title='bbox 511 2894 551 2944; x_wconf 80' lang='grc'>6,</span> <span class='ocrx_word' id='word_1_228' title='bbox 587 2893 670 2932; x_wconf 79' lang='grc'>733</span> <span class='ocrx_word' id='word_1_229' title='bbox 702 2902 801 2943; x_wconf 74' lang='lat' dir='ltr'>sqq.</span> <span class='ocrx_word' id='word_1_230' title='bbox 877 2883 904 2909; x_wconf 66' lang='lat'><strong>⁴</strong></span> 
     </span>
     <span class='ocr_line' id='line_1_34' title="bbox 1375 2963 1465 3006; baseline -0.011 0"><span class='ocrx_word' id='word_1_231' title='bbox 1375 2963 1465 3006; x_wconf 67' lang='lat'>33*</span> 
     </span>
    </p>
   </div>
  </div>
 </body>
</html>
