2054 3152
530 157 596 189 DE
621 155 860 189 civrrATE
884 156 974 188 DEI
997 157 1041 189 L.
1067 157 1169 189 ΧΠ.
1194 156 1231 189 c.
1256 159 1309 189 21.
1334 159 1386 190 22.
1728 145 1803 198 45

116 276 372 336 peccatum
411 283 519 318 eam
558 274 734 317 natura
772 283 871 316 non
909 267 1154 332 inpudens
1193 271 1369 318 amissa
1408 275 1674 335 potestate,
1723 271 1804 319 cui

118 360 299 409 corpus
347 358 409 392 ex
455 343 588 391 omni
634 347 774 407 parte
815 341 1080 408 serviebat,
1129 344 1283 392 sensit
1322 343 1563 410 adtendit,
1602 342 1804 393 erubuit

99 419 325 483 operuit.
403 415 488 466 Illa
518 430 635 464 vero
667 414 946 464 benedictio
979 418 1278 482 nuptiarum,
1316 423 1372 466 ut
1411 418 1658 482 coniugati
1698 432 1801 466 cre-

116 497 315 541 scerent
354 497 403 540 et
453 488 901 554 multiplicarentur
941 495 989 538 et
1027 489 1291 554 implerent
1330 496 1536 557 terram,
1583 492 1803 555 quamvis

118 571 166 614 et
204 566 256 614 in
296 563 696 628 delinquentibus
736 563 994 628 manserit,
1045 569 1208 612 tamen
1248 570 1510 627 antequam
1550 563 1801 629 delinque·
1835 572 1861 612 5

115 646 227 688 rent
266 638 377 688 data
416 644 507 703 est,
545 644 601 686 ut
633 642 1019 702 cognosceretur
1056 638 1452 701 procreationem
1490 637 1704 687 filiorum
1743 638 1803 687 ad

115 712 320 777 gloriam
367 710 592 777 conubii,
640 726 738 760 non
787 710 846 759 ad
884 725 1094 775 poenam
1132 713 1383 775 pertinere
1423 713 1628 775 peccati.
1706 710 1802 761 Sed

116 801 247 835 nunc
286 785 527 850 homineS,
566 785 788 850 profecto
827 783 959 833 illius
999 799 1123 848 quae
1163 786 1215 833 in
1253 784 1478 850 paradiso
1519 785 1612 834 fuit
1650 784 1801 834 felici-

115 861 228 909 tatis
266 860 447 924 ignari,
494 859 590 907 nisi
627 874 718 923 per
756 859 873 923 hoc,
921 858 1052 922 quod
1093 861 1285 923 experti
1324 866 1461 924 sunt,
1511 858 1560 908 id
1602 865 1676 908 est
1712 873 1804 923 per

115 932 383 999 libidinem,
422 933 482 982 de
515 947 613 996 qua
643 932 866 981 videmus
898 933 1044 981 etiam
1084 934 1240 996 ipsam
1279 932 1589 982 honestatem
1628 931 1802 982 erube·
1839 940 1894 980 10

115 1022 255 1056 scere
296 1009 607 1072 nuptiarum,
654 1021 754 1055 non
792 1007 1011 1071 potuisse
1052 1007 1186 1070 gigni
1225 1006 1349 1055 filios
1389 1008 1674 1071 opinantur,
1724 1006 1805 1055 alii

117 1082 389 1145 scripturas
421 1080 624 1145 divinas,
664 1079 750 1128 ubi
781 1079 961 1143 legitur
992 1086 1104 1144 post
1142 1086 1400 1144 peccatum
1438 1080 1674 1144 puduisse
1714 1095 1804 1128 nu·

116 1153 282 1203 ditatis
321 1160 371 1202 et
409 1153 639 1218 pudenda
678 1168 787 1202 esse
828 1160 1068 1218 contecta,
1107 1168 1313 1217 prorsus
1353 1169 1451 1202 non
1492 1154 1805 1218 accipienteS,

43 1283 46 1285 Α
116 1227 201 1276 sed
248 1226 514 1276 infideliter
560 1226 859 1291 inridentes3
907 1226 988 1275 alii
1025 1241 1141 1274 vero
1183 1228 1404 1291 quamvis
1444 1242 1525 1275 eas
1564 1228 1807 1291 accipiant

115 1307 165 1349 et
211 1300 488 1367 honorent,
542 1299 663 1349 illud
709 1307 874 1349 tamen
922 1299 1052 1364 quod
1101 1299 1287 1349 dictum
1341 1307 1436 1349 est:
1498 1301 1719 1350 Crescite
1758 1305 1808 1349 et
1841 1307 1894 1347 15

115 1377 540 1439 multiplicamini,
591 1389 690 1423 non
731 1373 1007 1423 secundum
1047 1373 1291 1423 carnalem
1331 1374 1684 1423 fecunditatem
1723 1389 1803 1422 vo-

116 1447 226 1497 lunt
263 1447 505 1513 intellegi,
552 1449 665 1511 quia
717 1454 766 1497 et
805 1446 1077 1497 secundum
1118 1449 1330 1497 animam
1367 1447 1548 1512 legitur
1587 1447 1681 1496 tale
1723 1447 1804 1496 ali-

116 1521 233 1585 quid
267 1521 476 1571 dictum:
513 1522 879 1584 Multiplicabis
903 1536 981 1571 me
1013 1525 1063 1570 in
1098 1524 1269 1571 anima
1299 1537 1411 1571 mea
1436 1524 1488 1570 in
1512 1523 1711 1587 virtute,
1750 1527 1806 1570 ut

115 1594 179 1659 id,
220 1595 350 1659 quod
390 1596 440 1643 in
479 1597 651 1660 genesi
690 1597 937 1659 sequitur:
992 1596 1059 1644 Et
1098 1598 1293 1658 implete
1332 1601 1524 1645 terram
1564 1601 1614 1644 et
1651 1597 1805 1645 domi-

117 1671 313 1718 namini
350 1671 478 1729 eius,
528 1675 711 1718 terram
749 1668 1035 1732 intellegant
1074 1684 1295 1735 carnem,
1344 1684 1488 1733 quam
1527 1670 1806 1733 praesentia
1838 1676 1895 1717 20

117 1756 205 1790 sua
236 1741 409 1806 implet
441 1743 601 1790 anima
639 1744 844 1806 eiusque
885 1744 1092 1791 maxime
1133 1742 1428 1808 dominatur,
1468 1758 1580 1791 cum
1620 1744 1671 1790 in
1710 1743 1804 1790 vir-

118 1821 224 1864 tute
258 1814 634 1880 multiplicatum
674 1814 894 1864 carnales
927 1821 1092 1864 autem
1124 1816 1254 1864 fetus
1286 1817 1391 1864 sine
1424 1814 1641 1881 libidine,
1680 1830 1804 1879 quae

115 1894 229 1952 post
282 1894 541 1952 peccatum
595 1895 765 1937 exorta
810 1890 1054 1954 inspecta,
1109 1889 1313 1938 confusa
1359 1888 1515 1937 velata
1562 1895 1659 1954 est,
1714 1903 1805 1937 nec

117 1969 236 2010 tunc
293 1963 428 2010 nasci
481 1963 729 2028 potuisse,
785 1963 914 2010 sicut
963 1977 1125 2026 neque
1165 1978 1298 2011 nunc
1337 1968 1568 2028 possunt,
1622 1977 1714 2010 nec
1754 1963 1805 2010 in

115 2035 341 2098 paradiso
397 2035 593 2084 futuros
648 2036 824 2101 fuisse,
879 2035 966 2084 sed
1014 2036 1157 2101 foriS,
1212 2038 1341 2085 sicut
1390 2042 1440 2084 et
1491 2035 1674 2084 factum
1714 2042 1803 2084 est.
1837 2047 1892 2086 25

115 2107 237 2157 Nam
282 2114 453 2173 postea
502 2124 648 2173 quam
697 2109 810 2158 inde
851 2108 1040 2158 dimissi
1080 2116 1218 2174 sunt,
1269 2110 1328 2159 ad
1367 2109 1638 2174 gignendos
1678 2108 1803 2158 filios

116 2183 343 2231 coierunt
386 2197 568 2246 eosque
610 2190 903 2247 genuerunt.

752 2338 948 2393 CAPUT
989 2339 1160 2393 XXII.

142 2444 145 2445 ’
191 2432 268 2480 De
306 2434 489 2494 copula
527 2434 789 2493 coniuqali
826 2447 858 2480 a
898 2433 1003 2481 Deo
1037 2434 1273 2494 primitus
1313 2435 1540 2482 instituta
1581 2439 1731 2494 atque

820 2506 1099 2555 benedicta.
1836 2517 1892 2557 30

266 2591 364 2640 Nos
413 2599 578 2641 autem
625 2593 758 2641 nullo
810 2593 954 2641 modo
1006 2593 1286 2643 dubitamus
1338 2595 1609 2644 secundum
1656 2594 1802 2642 bene·

119 2663 384 2713 dictionem
428 2664 513 2713 Dei
563 2681 790 2715 crescere
838 2672 886 2715 et
932 2666 1248 2731 multiplicari
1287 2675 1337 2717 et
1375 2668 1579 2733 implere
1618 2674 1803 2716 terram

241 2764 313 2817 18)
344 2763 417 2806 Ps.
455 2767 551 2818 137,
585 2768 624 2806 3.

240 2883 295 2922 18
327 2879 375 2922 in
407 2880 578 2923 uirtute
621 2880 706 2923 VA
736 2882 840 2935 (21)
871 2895 952 2926 sec.
986 2882 1080 2926 cod.
1116 2882 1272 2935 Aleoe.;
1303 2882 1352 2926 in
1383 2883 1554 2927 virtute
1586 2884 1668 2926 tua
1698 2896 1724 2927 v
