2044 3146
130 935 187 976 10

126 1291 188 1344 ‘15

129 1674 190 1715 20

132 2217 190 2258 25

136 2629 192 2670 30

221 129 327 190 170
889 148 926 182 ε.
948 148 1225 183 AUGUS'HNI

218 271 274 313 ut
311 279 482 312 verum
523 264 587 311 sit
624 269 907 328 utrumque,
947 262 1078 327 quod
1111 265 1350 328 scriptum
1383 269 1473 328 est,
1513 270 1583 312 et:
1623 264 1897 314 Praevari-

218 344 420 387 catores
459 339 723 386 aestimavi
766 351 933 386 omnes
965 343 1266 399 peccatores
1304 343 1498 398 terrae,
1553 343 1623 386 et:
1687 338 1781 387 Ubi
1817 341 1902 388 lex

217 426 318 461 non
357 418 443 471 est,
482 426 575 461 nec
609 413 1007 473 praevaricatio,
1064 411 1132 460 Ac
1164 427 1254 476 per
1285 411 1393 477 hoc,
1433 413 1547 476 quia
1587 412 1899 461 circumcisio

219 487 412 550 signum
469 486 858 549 regenerationis
921 485 1014 534 fuit
1076 492 1126 535 et
1188 501 1287 534 non
1349 487 1580 535 inmerito
1642 485 1900 550 parvulum

218 566 423 624 propter
474 558 710 623 originale
756 565 1036 624 peccatum,
1092 574 1188 623 quo
1227 561 1444 624 primum
1483 559 1570 608 Dei
1611 559 1902 624 dissipatum

221 640 297 681 est
335 638 709 700 testamentum,
748 634 1000 697 generatio
1041 632 1314 699 disperdet,
1362 634 1457 682 nisi
1496 635 1806 698 regeneratio
1846 632 1901 682 li-

219 705 383 755 beret:
438 707 510 755 sic
549 706 876 772 intellegenda
916 713 1033 756 sunt
1070 706 1192 756 haec
1232 705 1380 756 verba
1419 706 1606 774 divina,
1653 714 1903 772 tamquam

220 779 407 829 dictum
448 782 533 829 sit:
587 780 722 846 „Qui
761 796 860 830 non
902 781 1052 830 fuerit
1092 787 1435 846 regeneratuS,
1482 780 1706 831 interibit
1743 783 1903 831 anima

218 853 300 902 illa
355 855 414 904 de
469 869 652 918 genere
709 849 868 920 eius“,
924 856 1036 918 quia
1091 860 1443 904 testamentum
1495 854 1584 903 Dei
1638 855 1905 921 dissipavit,

222 927 416 992 quando
463 930 514 976 in
562 928 713 976 Adam
761 943 875 977 cum
922 927 1151 978 omnibus
1199 929 1345 981 etiam
1392 930 1498 993 ipse
1536 931 1772 993 peccavit.
1851 929 1904 978 Si

220 1003 350 1051 enim
392 1002 618 1052 dixisset:
666 1001 831 1069 „Quia
871 1001 964 1051 hoc
1005 1008 1356 1052 testamentum
1395 1017 1561 1052 meum
1600 997 1903 1069 dissipavit“,

218 1091 317 1124 non
351 1077 447 1124 nisi
480 1076 540 1125 de
571 1077 665 1125 ista
698 1078 1076 1125 circumcisione
1109 1076 1327 1140 intellegi
1353 1083 1574 1143 cogeret3
1607 1092 1740 1127 nunc
1770 1091 1904 1143 vere,

220 1151 451 1214 quoniam
497 1165 596 1198 non
647 1152 892 1215 expressit
931 1152 1073 1199 cuius
1112 1149 1245 1199 modi
1284 1157 1633 1200 testamentum
1672 1150 1905 1215 parvulus

220 1223 559 1290 dissipaverit,
620 1223 832 1273 liberum
887 1231 964 1273 est
1016 1224 1303 1289 intellegere
1359 1225 1418 1273 de
1474 1224 1556 1273 illo
1611 1230 1906 1274 testamento

221 1297 422 1364 dictum,
463 1299 605 1346 cuius
645 1297 898 1362 dissipatio
938 1300 1191 1363 pertinere
1231 1304 1401 1362 posset
1440 1298 1498 1347 ad
1530 1297 1802 1363 parvulum.
1853 1298 1906 1347 Si

222 1378 387 1420 autem
427 1371 519 1420 hoc
561 1373 822 1436 quisquam
854 1387 950 1421 non
986 1373 1080 1421 nisi
1113 1372 1172 1420 de
1198 1373 1291 1421 ista
1316 1373 1694 1421 circumcisione
1718 1371 1907 1422 dictum

222 1460 330 1494 esse
372 1445 642 1511 contendit,
682 1445 813 1510 quod
845 1447 896 1494 in
930 1461 985 1494 ea
1018 1452 1368 1496 testamentum
1400 1445 1503 1513 Dei,
1543 1447 1773 1510 quoniam
1806 1461 1906 1495 non

223 1525 299 1568 est
339 1520 686 1585 circumcisuS,
736 1518 1046 1584 dissipaverit
1091 1519 1347 1585 parvulus:
1402 1527 1607 1584 quaerat
1643 1519 1906 1569 locutionis

221 1592 433 1657 aliquem
474 1592 697 1659 modum,
744 1608 841 1657 quo
892 1608 991 1642 non
1038 1593 1250 1643 absurde
1296 1595 1453 1658 possit
1499 1593 1741 1660 intellegi,
1795 1594 1906 1643 ideo

223 1666 487 1731 dissipasse
527 1673 904 1732 testamentum,
953 1669 1065 1731 quia
1104 1668 1219 1717 licet
1258 1683 1357 1716 non
1397 1667 1455 1716 ab
1495 1668 1599 1734 illo,
1653 1674 1817 1717 tamen
1855 1669 1908 1717 in

220 1740 304 1789 illo
345 1748 420 1789 est
460 1740 764 1805 dissipatum.
842 1740 1024 1790 Verum
1072 1744 1142 1791 sic
1185 1756 1381 1806 quoque
1422 1741 1908 1791 animadvertendum

222 1821 299 1863 est
338 1813 470 1863 nulla
509 1816 560 1862 in
601 1829 653 1863 se
693 1814 1002 1879 neglegentia
1050 1831 1137 1866 sua
1176 1817 1358 1865 iniuste
1398 1817 1603 1865 interire
1643 1816 1907 1865 incircum·

223 1890 313 1938 cisi
351 1890 563 1937 animam
601 1889 791 1953 parvuli
830 1890 927 1938 nisi
966 1890 1218 1955 originalis
1257 1888 1552 1954 obligatione
1591 1891 1795 1954 peccati.

824 2089 1022 2144 CAPUT
1062 2091 1314 2144 XXVIII.

225 2213 300 2262 De
339 2215 723 2263 commutatione
760 2215 1013 2263 nominum
1053 2214 1294 2264 Abrahae
1333 2219 1382 2263 et
1419 2215 1629 2274 Sarrae,
1670 2217 1759 2274 qui
1794 2227 1908 2263 cum

275 2288 336 2336 ob
375 2289 526 2336 unius
564 2290 900 2350 sterilitatem,
942 2289 1001 2336 ob
1041 2290 1306 2349 utriusque
1347 2294 1513 2337 autem
1551 2293 1856 2338 senectutem

443 2375 700 2422 cenerare
739 2376 837 2411 non
869 2367 1097 2424 possent,
1136 2375 1316 2411 munus
1351 2361 1686 2423 fecunditatis

891 2437 1084 2497 indepti
1119 2442 1248 2484 sunt.

373 2551 519 2600 Facta
557 2553 708 2616 igitur
746 2554 1071 2617 promissione
1112 2559 1213 2601 tam
1252 2568 1425 2617 magna
1464 2559 1662 2616 tamque
1696 2551 1907 2601 dilucida

226 2624 284 2674 ad
310 2624 566 2691 Abraham,
607 2627 687 2675 cui
726 2626 1089 2675 evidentissime
1131 2626 1318 2675 dictum
1350 2633 1450 2676 est:
1491 2628 1697 2676 Patrem
1728 2629 1907 2675 multa-

341 2831 376 2928 οἳ
414 2840 583 2883 genere
634 2826 767 2871 VRA
803 2828 930 2881 (169,
964 2831 1036 2882 6),·
1074 2827 1247 2883 populo
1281 2826 1354 2871 Fv
1401 2828 1415 2883 n
1464 2830 1516 2870 15
1553 2827 1712 2883 posset
1751 2824 1909 2881 VRA;

227 2898 354 2941 possi
405 2898 432 2930 v
