2044 3146
144 922 199 961 10

143 1290 197 1328 15

136 1657 198 1698 20

139 2027 197 2066 25

140 2394 200 2433 30

234 123 344 176 250
427 137 430 141 ·
907 133 942 166 S.
965 132 1242 167 Aueusmm

233 244 643 312 participantibus
694 246 1018 295 ministratur.
1109 245 1231 294 Nam
1286 247 1438 294 istum
1493 244 1814 294 ecclesiasten
1869 245 1920 293 in

232 321 323 370 hac
365 321 608 369 sententia
646 318 973 368 manducandi
1013 325 1062 368 et
1100 318 1327 385 bibendi,
1366 334 1512 383 quam
1552 333 1697 383 saepe
1737 320 1923 382 repetit

232 394 601 459 plurimumque
637 393 960 459 commendat,
1001 408 1099 441 non
1130 408 1303 457 sapere
1337 392 1546 442 carnalis
1579 391 1749 457 epulas
1787 390 1920 441 volu·

231 469 397 534 ptatiS,
435 469 554 516 satis
593 466 712 516 illud
753 467 983 532 ostendit,
1021 466 1108 516 ubi
1147 469 1238 516 ait:
1294 467 1476 516 Melius
1516 472 1590 516 est
1629 469 1705 516 ire
1744 468 1796 515 in
1836 467 1920 515 do-

232 557 363 590 mum
410 545 575 602 luctus
622 556 773 602 quam
822 544 898 591 ire
944 543 996 590 in
1044 542 1242 590 domum
1290 547 1467 602 potus;
1514 548 1563 589 et
1601 539 1747 604 paulo
1787 546 1921 604 post:

237 617 356 677 Cor,
396 616 582 681 inquit,
620 618 921 677 sapientium
962 617 1014 664 in
1053 617 1196 664 domo
1244 618 1407 663 luctus
1453 619 1502 663 ec
1547 629 1638 663 cor
1685 616 1922 676 insipien·

231 692 354 739 tium
395 692 446 738 2‘n
498 691 641 739 domo
688 692 965 751 epularum.
1044 687 1140 737 Sed
1180 687 1299 737 illud
1339 689 1494 751 magis
1534 702 1919 736 commemoran-

230 762 347 812 dum
401 764 626 812 existimo
678 762 737 811 de
788 762 882 811 hoc
934 762 1084 824 libro,
1142 762 1273 826 quod
1326 762 1545 826 pertinet
1591 760 1648 809 ad
1699 762 1920 810 civitates

231 837 374 903 duas,
414 851 562 885 unam
601 836 803 902 diaboli,
843 835 1045 885 alteram
1086 835 1290 901 Christi,
1342 841 1391 884 et
1431 850 1599 883 earum
1640 849 1782 898 reges
1821 833 1919 883 dia-

231 910 397 960 bolum
439 918 487 959 et
527 909 799 959 Christum:
867 910 969 959 Vae
1007 911 1123 970 tibi,
1179 915 1345 970 terra,
1400 910 1583 974 inquit,
1638 911 1784 958 cuius
1823 923 1923 958 rex

231 987 551 1044 adulescens‘,
599 990 647 1034 et
691 986 952 1046 principes
993 987 1069 1033 tui
1105 998 1252 1032 mane
1292 985 1570 1033 comedunt.
1647 983 1809 1031 Beata
1850 989 1918 1042 tu,

232 1065 388 1119 terra,
429 1061 575 1107 cuius
615 1073 711 1107 rex
751 1063 866 1107 tuus
900 1061 1038 1118 filius
1077 1060 1426 1118 inqenuorum,
1466 1062 1515 1105 et
1546 1058 1808 1119 principes
1847 1058 1925 1104 tui

232 1135 282 1181 in
317 1138 537 1194 tempore
570 1134 849 1192 comedunt,
884 1135 934 1181 in
963 1131 1281 1193 fortitudine,
1314 1137 1364 1180 et
1393 1145 1493 1180 non
1526 1133 1578 1179 in
1611 1128 1919 1191 confusione.

231 1205 611 1255 Adulescentem
658 1205 780 1255 dixit
830 1205 1077 1255 diabolum
1116 1212 1322 1270 propter
1362 1203 1619 1253 stultitiam
1660 1210 1710 1252 et
1747 1219 1921 1268 super-

229 1279 359 1328 biam
400 1286 449 1328 et
487 1281 815 1329 temeritatem
857 1287 906 1328 et
943 1279 1263 1344 petulantiam
1303 1285 1565 1341 ceteraque
1607 1278 1743 1342 vitia,
1794 1292 1918 1340 quae

229 1353 346 1402 huic
386 1355 533 1402 aetati
573 1352 795 1402 adsolent
834 1353 1105 1418 abundare;
1159 1351 1409 1401 Christum
1450 1358 1614 1400 autem
1654 1350 1808 1399 filium
1846 1352 1919 1399 in-

229 1442 529 1492 genuorum,
570 1433 854 1476 sanctorum
894 1426 1082 1475 scilicet
1119 1425 1526 1491 patriarcharum,
1565 1425 1922 1489 pertinentium

230 1501 289 1549 ad
329 1499 533 1548 liberam
582 1502 849 1566 civitatem,
903 1516 959 1548 ex
1001 1500 1182 1564 quibus
1222 1506 1297 1548 est
1336 1501 1387 1547 in
1427 1513 1574 1547 earne
1615 1499 1919 1563 progenitus

233 1574 491 1639 Principes
542 1574 672 1622 illius
719 1577 929 1623 civitatis
978 1572 1116 1623 mane
1169 1573 1548 1638 manducanteS,
1602 1571 1651 1620 id
1692 1579 1768 1621 est
1807 1579 1919 1620 ante

230 1647 400 1696 horam
449 1663 739 1713 congruam,
786 1650 900 1712 quia
948 1663 1046 1696 non
1095 1653 1356 1712 expectant
1395 1652 1747 1712 opportunam,
1795 1661 1919 1710 quae

229 1737 345 1771 vera
386 1729 482 1787 est,
529 1723 579 1770 in
629 1723 797 1770 futuro
849 1721 1044 1771 saeculo
1085 1721 1391 1786 felicitatem,
1437 1720 1730 1768 festinanter
1783 1718 1921 1768 beari

228 1796 376 1845 huius
428 1795 611 1844 saeculi
658 1795 941 1845 celebritate
983 1797 1261 1860 cupientes3
1307 1795 1559 1859 principes
1599 1800 1763 1843 autem
1804 1795 1919 1842 eivi-

229 1871 345 1919 tatis
379 1868 564 1918 Christi
595 1877 791 1934 tempus
830 1885 930 1918 non
970 1869 1156 1918 fallacis
1194 1867 1512 1918 beatitudinis
1553 1868 1797 1932 patienter
1837 1882 1920 1915 ex·

229 1949 442 2008 pectant.
518 1942 622 1991 Hoc
670 1945 757 1993 ait:
812 1944 874 1992 In
916 1942 1240 2005 fortitudine,
1289 1948 1339 1991 et
1374 1956 1475 1990 non
1516 1943 1568 1990 in
1607 1939 1916 2003 confusione,

233 2019 346 2080 quia
398 2032 498 2065 non
547 2032 631 2065 eos
679 2016 799 2066 fallit
847 2031 960 2081 spes
973 2056 987 2082 ,
1042 2016 1102 2065 de
1160 2031 1254 2080 qua
1302 2014 1422 2064 dicit
1467 2013 1740 2079 apostolus:
1795 2015 1920 2076 Spes

231 2097 398 2139 autem
445 2105 544 2139 non
590 2090 885 2151 confundit;
938 2089 1056 2139 dicit
1104 2096 1154 2138 et
1200 2088 1439 2153 psalmus:
1494 2088 1692 2137 Etenim
1738 2090 1828 2148 qui
1872 2094 1920 2137 te

231 2169 523 2226 expectant,
575 2178 674 2212 non
724 2163 1115 2225 confundentur.
1193 2162 1292 2211 Iam
1342 2176 1458 2210 vero
1510 2162 1757 2210 canticum
1807 2176 1918 2210 can·

230 2238 445 2285 ticorum
497 2236 730 2301 spiritalis
783 2236 1021 2300 quaedam
1068 2242 1351 2285 sanctarum
1399 2241 1475 2283 est
1519 2234 1742 2300 voluptas
1782 2250 1918 2284 men-

231 2311 355 2359 tium
396 2312 445 2358 in
479 2311 706 2373 coniugio
739 2310 870 2359 illius
909 2311 1039 2374 regis
1079 2317 1129 2359 et
1167 2311 1365 2373 reginae
1407 2309 1631 2374 civitatiS,
1671 2308 1801 2373 quod
1843 2314 1921 2358 est

234 2382 460 2433 Christus
492 2390 542 2432 et
573 2382 793 2432 ecclesia.
873 2383 967 2431 Sed
1008 2383 1129 2432 haec
1169 2382 1392 2447 voluptas
1432 2381 1706 2446 allegoricis
1745 2383 1916 2446 tegmi-

231 2457 377 2506 nibus
426 2456 641 2506 involuta
692 2465 792 2523 est,
844 2465 899 2506 ut
947 2457 1257 2506 desideretur
1309 2455 1562 2505 ardentius
1600 2455 1915 2519 nudeturque

230 2530 510 2596 iucundiuS,
551 2537 601 2579 et
632 2538 863 2596 appareat
894 2546 1121 2597 sponsuS,
1161 2531 1242 2579 cui
1280 2529 1461 2578 dicitur
1499 2531 1551 2578 in
1591 2528 1764 2578 eodem
1805 2525 1940 2578 can?

232 2702 269 2745 P
340 2645 396 2745 2⁷2
428 2643 580 2745 {cele
617 2648 657 2699 7,
689 2648 737 2697 33
772 2648 811 2687 5.
878 2648 947 2699 13)
973 2643 1037 2687 Β).
1074 2649 1141 2698 10,
1177 2648 1230 2687 16
1264 2658 1330 2698 sq.
1393 2645 1466 2697 26)
1499 2641 1629 2686 Rom.
1666 2645 1704 2695 5,
1738 2645 1779 2686 5.
1841 2642 1915 2695 27)

273 2718 305 2746 s.
400 2737 410 2756 ,
474 2738 483 2747 .

353 2869 408 2907 22
442 2864 679 2908 celeritate
710 2864 904 2919 RAFef
