2010 3158
720 618 1029 671 LIBER
1088 618 1265 672 XIV.

903 751 1079 758 —.—..--.-

852 838 1050 893 CAPUT
1088 839 1130 892 I.

200 948 301 996 Per
342 947 762 996 inoboedientiam
797 948 957 1008 primi
993 948 1206 996 hominis
1246 961 1413 996 omnes
1454 949 1504 995 in
1542 949 1799 997 secundae

276 1022 448 1070 mortis
482 1021 871 1082 perpetuitatem
909 1022 1138 1069 ruituros
1172 1018 1354 1081 fuisse,
1394 1023 1496 1069 nisi
1531 1024 1708 1070 multos
1867 1029 1892 1068 5

691 1094 788 1142 Dei
820 1095 997 1153 qratia
1035 1094 1294 1143 liberaret.

297 1195 519 1245 Diximus
563 1197 659 1244 iam
713 1195 1052 1260 superioribus
1092 1195 1230 1245 libris
1271 1195 1330 1244 ad
1370 1195 1640 1244 humanum
1679 1211 1835 1260 genus

149 1285 247 1318 non
295 1268 454 1318 solum
499 1275 703 1318 naturae
753 1268 1071 1318 similitudine
1120 1268 1429 1335 sociandum,
1478 1284 1650 1318 verum
1690 1271 1836 1318 etiam

149 1342 358 1408 quadam
405 1344 710 1407 cognationis
759 1341 1125 1391 necessitudine
1165 1344 1215 1391 in
1255 1344 1496 1392 unitatem
1535 1342 1835 1392 concordem·

147 1418 282 1481 pacis
329 1415 522 1465 vinculo
570 1415 916 1481 conligandum
956 1415 1251 1480 exlhomine
1285 1431 1384 1464 uno
1424 1414 1581 1465 Deum
1619 1416 1833 1466 voluisse
1868 1426 1923 1465 10

146 1489 372 1538 homines
421 1491 710 1555 instituere,
759 1504 921 1554 neque
967 1488 1062 1537 hoc
1117 1502 1273 1554 genus
1327 1489 1482 1538 fuisse
1530 1491 1581 1538 in
1628 1490 1834 1555 singulis

149 1562 428 1628 quibusque
461 1565 773 1630 moriturum,
811 1564 907 1611 nisi
939 1562 1036 1611 duo
1068 1564 1230 1629 primi,
1270 1577 1484 1627 quorum
1523 1571 1719 1613 creatus
1759 1570 1836 1612 est

147 1652 278 1686 unus
318 1651 378 1685 ex
409 1636 559 1702 nullo,
598 1636 750 1686 altera
790 1651 850 1685 ex
888 1635 986 1702 illo,
1024 1636 1074 1685 id
1112 1635 1478 1685 inoboedientia
1516 1638 1834 1703 meruissent,

148 1725 173 1758 a
214 1709 394 1774 quihus
425 1710 694 1759 admissum
725 1716 801 1758 est
838 1716 938 1758 tam
977 1708 1161 1774 grande
1199 1716 1475 1775 peccatum,
1512 1717 1569 1760 ut
1607 1712 1658 1759 in
1698 1710 1832 1760 dete-

147 1785 252 1831 rius
285 1797 343 1831 eo
376 1790 551 1832 natura
588 1789 865 1832 mutaretur
904 1781 1131 1849 humana,
1170 1785 1317 1832 etiam
1353 1785 1406 1831 in
1444 1790 1671 1848 posteros
1711 1783 1832 1833 obli·
1868 1792 1922 1832 15

148 1857 341 1920 gatione
387 1857 579 1920 peccati
623 1863 673 1905 et
718 1857 892 1904 mortis
940 1853 1249 1904 necessitate
1281 1857 1582 1905 transmissa.
1659 1856 1832 1907 Mortis

148 1936 312 1978 autem
351 1944 560 1994 regnum
590 1931 642 1978 in
679 1929 904 1977 homines
942 1943 1102 1993 usque
1142 1928 1263 1977 adeo
1304 1929 1607 1979 dominatum
1647 1937 1738 1996 est,
1777 1937 1833 1980 ut

147 2017 318 2051 omnes
371 2004 423 2051 in
477 2002 744 2051 secundam
798 2016 995 2066 quoque
1048 2008 1286 2066 mortem,
1342 2003 1483 2052 cuius
1538 2002 1703 2052 nullus
1757 2009 1833 2052 est

147 2075 280 2141 finis,
326 2090 483 2140 poena
531 2075 691 2125 debita
730 2076 1029 2141 praecipites
1067 2082 1256 2142 ageret,
1302 2077 1396 2125 nisi
1438 2076 1551 2125 inde
1592 2076 1832 2140 quosdam

146 2147 363 2198 indebita
395 2148 483 2198 Dei
521 2151 675 2214 gratia
714 2148 963 2198 liberaret.
1039 2149 1106 2198 Ac
1145 2164 1236 2213 per
1275 2148 1368 2197 hoc
1408 2149 1592 2199 factum
1632 2156 1722 2216 est,
1760 2156 1830 2216 ut,
1863 2160 1920 2200 20

149 2237 262 2271 cum
312 2229 386 2270 tot
437 2229 700 2287 tantaeque
750 2229 922 2287 gentes
967 2237 1059 2287 per
1105 2229 1355 2271 terrarum
1401 2221 1573 2272 orbem
1621 2223 1830 2272 diversis

147 2293 325 2344 ritihus
356 2290 676 2360 moribusque
707 2297 926 2344 viventes
965 2293 1224 2359 multiplici
1261 2294 1541 2360 linguarum
1579 2311 1831 2346 armorum

147 2369 358 2417 vestium
390 2370 489 2417 sint
517 2370 750 2418 varietate
784 2368 1060 2435 distinctae,
1098 2383 1198 2417 non
1230 2375 1394 2417 tamen
1435 2369 1643 2434 amplius
1683 2382 1830 2434 quam

148 2440 244 2490 duo
293 2441 530 2506 quaedam
577 2457 758 2507 genera
803 2442 1044 2491 humanae
1084 2443 1332 2491 societatis
1373 2443 1667 2509 existerent,
1708 2457 1828 2508 quas

148 2515 368 2563 civitates
416 2514 536 2564 duas
583 2515 856 2565 secundum
902 2517 1173 2580 scripturas
1211 2522 1407 2564 nostras
1448 2517 1625 2565 merito
1665 2515 1826 2581 appel-
1860 2525 1916 2565 25

148 2587 247 2636 lare
287 2603 560 2652 possemus.
635 2587 741 2638 Una
782 2590 962 2653 quippe
1004 2594 1079 2637 est
1116 2587 1371 2637 hominum
1411 2589 1683 2638 secundum
1723 2604 1827 2638 car·

268 2761 291 2800 7
325 2770 474 2813 super.
516 2757 602 2801 VA
631 2759 735 2811 (vol.
770 2758 816 2812 I,
847 2762 958 2812 233,
989 2762 1078 2811 23;
1109 2761 1212 2812 511,
1243 2762 1353 2814 253),-
1390 2758 1439 2801 in
1471 2771 1619 2814 super.
1650 2771 1677 2801 υ
1715 2759 1731 2814 ΙΙ
1768 2762 1826 2801 24

148 2815 376 2870 quaedam
406 2829 489 2860 om.
521 2816 566 2859 A
589 2817 604 2872 ΙΙ
629 2821 684 2860 26
714 2830 954 2873 possemus
993 2815 1172 2871 VAFe3
1211 2830 1455 2873 possumus
1487 2817 1568 2870 ab,·
1599 2816 1826 2873 possimus

148 2887 172 2917 v
196 2876 374 2930 {lunam
405 2873 490 2930 Fu
513 2876 583 2918 est
611 2888 694 2920 om.
728 2874 778 2918 F

1415 2948 1470 2990 1*
