2004 3140
567 164 636 196 DE
659 161 898 197 mmmm
921 163 1009 196 DEI
1032 163 1074 196 L.
1099 163 1241 196 xvm.
1267 162 1304 197 c.
1329 164 1384 198 53.
1707 151 1811 203 341

137 276 294 334 Quem
326 275 383 326 ad
415 275 617 324 modum
648 283 812 325 autem
844 277 1054 340 quisque
1094 291 1267 325 eorum
1307 282 1494 325 astruat
1533 276 1815 341 opinionem

136 365 288 412 suam,
326 350 525 414 longum
566 356 641 398 est
680 349 1019 398 demonstrare
1053 357 1102 399 et
1140 365 1239 398 non
1279 351 1627 399 necessarium.
1691 349 1815 399 Cou-

133 425 337 473 iecturis
376 425 558 489 quippe
598 430 807 473 utuntur
846 423 1095 490 humaniS,
1145 439 1244 472 non
1276 423 1334 472 ab
1377 425 1447 473 eis
1488 423 1670 488 aliquid
1710 438 1814 473 cer-

134 507 239 547 tum
263 497 322 546 de
348 499 623 562 scripturae
648 498 911 546 canonicae
945 498 1236 547 auctoritate
1268 498 1534 562 profertur.
1583 496 1815 546 Omnium

131 586 246 620 vero
286 570 346 620 de
386 571 477 620 hac
527 586 582 620 re
622 570 972 620 calculantium
1011 570 1190 635 digitos
1228 571 1430 620 resolvit
1469 578 1517 620 et
1557 573 1814 635 quiescere
1847 577 1873 618 5

131 643 268 694 iubet
298 644 394 711 ille,
434 646 519 710 qui
550 644 689 695 dicit:
731 647 839 695 Non
873 652 946 695 est
975 651 1193 695 vestrum
1232 648 1368 696 scire
1406 650 1646 711 tempora,
1684 660 1816 706 quae

132 719 290 768 Pater
320 722 494 784 posuit
531 722 582 768 in
620 734 715 769 sua
748 724 1009 783 potestate.

281 792 378 842 Sed
424 793 545 842 haec
594 794 708 858 quia
747 793 1023 858 evangelica
1063 793 1309 842 sententia
1351 799 1446 858 651,
1495 793 1678 841 mirum
1717 807 1816 841 non

130 872 208 915 est
246 882 346 915 non
394 882 450 916 ea
497 882 754 932 repressos
799 867 952 916 fuisse
1004 866 1211 916 deorum
1250 866 1519 916 multorum
1558 866 1815 915 falsorum-

130 955 226 1004 que
283 940 525 1007 cultoreS,
580 942 845 1005 quominus
903 941 1146 1005 fingerent
1204 941 1498 989 daemonum
1548 942 1816 1006 responsiS,
1850 949 1906 988 10

131 1029 255 1077 quos
302 1022 552 1079 tamquam
598 1015 716 1065 deos
765 1014 956 1080 colunt,
1003 1014 1259 1064 definitum
1306 1030 1414 1063 esse
1463 1020 1646 1078 quanto
1695 1020 1815 1063 tem-

128 1103 251 1152 pore
286 1103 516 1138 mansura
548 1095 680 1138 esset
710 1088 883 1153 religio
916 1087 1205 1138 Christiana.
1269 1087 1391 1138 Cum
1424 1090 1554 1137 enim
1594 1088 1818 1136 viderent

132 1176 222 1210 nec
268 1170 343 1211 tot
390 1164 637 1226 tantisque
683 1161 1117 1228 persecutionibus
1166 1177 1274 1211 eam
1314 1163 1536 1227 potuisse
1578 1164 1818 1226 consumi,

131 1235 215 1283 sed
256 1235 332 1284 his
371 1238 538 1300 potius
577 1237 699 1284 mira
738 1237 1044 1285 incrementa
1084 1237 1376 1303 sumpsisse,
1416 1237 1817 1300 excogitaverunt

129 1310 298 1358 nescio
340 1325 464 1374 quos
515 1325 689 1358 versus
737 1309 952 1359 Graecos
1001 1316 1250 1374 tamquam
1298 1309 1576 1359 consulenti
1624 1309 1817 1358 cuidam
1852 1315 1905 1356 15

129 1382 291 1431 divino
347 1383 547 1433 oraculo
607 1384 815 1444 effusos,
870 1382 955 1432 ubi
1002 1382 1254 1433 Christum
1308 1383 1508 1448 quidem
1562 1383 1620 1431 ab
1667 1382 1817 1432 huius

128 1463 377 1521 tamquam
432 1456 680 1522 sacrilegii
725 1459 930 1507 crimine
981 1458 1168 1506 faciunt
1216 1459 1557 1523 innocentem,
1611 1456 1817 1506 Petrum

128 1536 293 1580 autem
341 1530 578 1580 maleficia
625 1532 803 1581 fecisse
853 1531 1182 1598 subiungunt,
1227 1539 1284 1581 ut
1334 1530 1582 1580 coleretur
1634 1529 1817 1579 Christi

128 1618 309 1653 nomen
364 1620 455 1670 per
508 1612 759 1654 trecentos
815 1607 1065 1670 sexaginta
1120 1607 1338 1670 quinque
1393 1620 1576 1671 annoS,
1638 1603 1815 1653 deinde

127 1677 370 1743 completo
411 1686 681 1728 memorato
722 1694 929 1728 numero
971 1695 1236 1745 annorum,
1276 1681 1381 1728 sine
1421 1694 1559 1728 mora
1599 1685 1817 1727 sumeret
1848 1686 1905 1726 20

127 1751 290 1800 finem.
369 1751 408 1800 Ο
448 1751 704 1801 hominum
756 1752 904 1801 corda
943 1751 1224 1802 doctorum!
1288 1751 1328 1801 Ο
1369 1753 1563 1816 ingenia
1602 1751 1816 1801 litterata

127 1824 273 1889 digna
313 1824 518 1874 credere
558 1827 650 1875 ista
689 1825 749 1875 de
784 1825 994 1891 Christ0,
1034 1842 1157 1890 quae
1198 1826 1403 1875 credere
1442 1841 1539 1874 non
1579 1825 1726 1874 vultis
1763 1827 1815 1873 in

129 1897 396 1965 Christum,
436 1899 568 1963 quod
602 1901 707 1949 eius
740 1899 1010 1965 discipulus
1043 1899 1222 1949 Petrus
1255 1899 1314 1948 ab
1348 1914 1406 1948 eo
1439 1900 1651 1964 magicas
1683 1905 1814 1948 artes

127 1986 227 2020 non
268 1971 518 2039 didicerit,
565 1972 674 2039 sed,
721 1975 827 2038 ipso
874 1975 1160 2039 innocente,
1207 1982 1371 2023 tamen
1419 1974 1525 2022 eius
1563 1972 1815 2022 maleficus

131 2045 280 2094 fuerit
319 2061 598 2111 nomenque
646 2046 777 2096 illius
825 2063 971 2112 quam
1019 2063 1164 2097 suum
1213 2047 1308 2097 coli
1346 2046 1575 2096 maluerit
1613 2048 1814 2111 magicis
1847 2053 1905 2093 25

129 2117 318 2168 artibus
359 2121 488 2186 suiS,
526 2122 715 2185 magnis
753 2120 1004 2171 laboribus
1045 2128 1095 2171 et
1131 2121 1366 2187 periculis
1406 2123 1524 2187 suiS,
1561 2127 1812 2186 postremo

129 2194 276 2242 etiam
323 2194 562 2244 effusione
610 2196 862 2259 sanguinis
911 2194 1008 2245 sui!
1073 2195 1125 2244 Si
1163 2195 1342 2245 Petrus
1392 2194 1643 2244 maleficus
1683 2195 1814 2260 fecit,

127 2274 182 2315 ut
231 2266 481 2316 Christum
538 2269 610 2317 sic
663 2267 890 2333 diligeret
943 2268 1180 2335 mundus,
1236 2268 1353 2333 quid
1405 2270 1522 2318 fecit
1574 2270 1813 2317 innocens

127 2338 368 2407 ChristuS,
407 2349 463 2390 ut
495 2356 609 2390 eum
642 2343 712 2391 sic
744 2341 971 2407 diligeret
1002 2339 1221 2392 Petrus?
1275 2342 1624 2408 Respondeant
1661 2342 1813 2406 igitur

124 2413 219 2477 ipsi
280 2413 373 2463 sibi
434 2422 484 2464 et
538 2417 579 2464 si
632 2423 842 2480 possunt
894 2416 1180 2481 intellegant
1240 2415 1321 2465 illa
1380 2431 1593 2481 superna
1657 2416 1811 2479 gratia
1844 2423 1904 2463 30

129 2486 311 2536 factum
343 2503 468 2554 esse,
507 2495 563 2538 ut
593 2496 798 2554 propter
829 2496 1079 2539 aeternam
1117 2491 1264 2540 vitam
1297 2489 1548 2539 Christum
1586 2487 1813 2553 diligeret

128 2560 365 2627 munduS,
411 2576 506 2625 qua
552 2564 708 2627 gratia
755 2563 937 2612 factum
985 2570 1082 2626 est,
1130 2571 1184 2612 ut
1231 2569 1281 2612 et
1318 2569 1522 2628 propter
1561 2569 1812 2610 aeternam

128 2635 276 2682 vitam
316 2634 376 2683 ab
416 2634 498 2683 illo
538 2636 871 2700 accipiendam
912 2644 962 2686 et
1000 2652 1157 2701 usque
1199 2636 1258 2685 ad
1298 2637 1642 2700 temporariam
1682 2650 1810 2684 mor—

127 2712 227 2755 tem
259 2723 349 2771 pro
382 2707 463 2756 illo
496 2709 775 2773 patiendam
808 2709 1059 2759 Christum
1098 2710 1324 2774 diligeret
1354 2708 1546 2758 PetruS.
1624 2708 1810 2757 Deinde

250 2839 302 2878 18
333 2834 564 2879 maleficia
594 2835 740 2880 ΕΑΓ
778 2837 916 2882 Parr.
955 2840 1079 2893 (344,
1111 2840 1183 2892 1);
1229 2835 1470 2879 maleficiis
1509 2849 1534 2880 v
1580 2837 1595 2892 u
1642 2840 1697 2880 34
1737 2849 1811 2879 ca—

126 2890 344 2947 piendam
375 2893 444 2938 Ae
