2054 3152
591 157 658 188 DE
683 155 922 188 οΙνΙΤΑΤΕ
948 157 1035 188 Dm
1059 157 1099 188 L.
1125 157 1207 188 xv.
1232 157 1270 189 c.
1295 157 1348 189 22.
1374 159 1426 189 23.
1753 145 1855 197 107

172 270 370 319 deserta
424 274 473 317 et
519 283 693 317 aurum
743 275 933 317 amatur
980 267 1038 316 ab
1090 270 1268 334 avariS,
1317 268 1450 318 nullo
1490 277 1693 334 peccato
1734 271 1855 334 auri,

176 345 264 393 sed
313 343 539 391 hominis,
615 341 686 390 Ita
733 357 785 390 se
834 341 980 391 babet
1027 344 1186 391 omnis
1234 349 1473 392 creatura.
1553 342 1675 392 Cum
1723 345 1855 391 enim

174 418 301 466 hona
340 417 418 482 sit,
458 423 507 464 et
546 415 671 464 bene
714 417 866 464 amari
905 422 1069 479 potest
1108 423 1157 465 et
1197 416 1342 465 male:
1382 416 1507 465 hene
1549 417 1736 466 scilicet
1776 432 1853 465 or·

170 491 283 539 dine
330 489 599 554 custodito,
647 489 771 538 male
820 489 992 538 ordine
1040 489 1344 554 perturbato,
1422 490 1564 548 Quod
1611 493 1660 539 in
1712 490 1853 539 laude

167 562 377 628 quadam
412 562 553 612 Cerei
591 563 808 612 breviter
846 562 1071 612 versibus
1112 563 1232 613 dixi:
1887 577 1912 616 5

242 667 379 716 Haec
417 670 507 715 tua
546 670 674 727 sunt,
715 668 846 715 bona
887 670 1026 730 sunt,
1067 668 1183 730 quia
1222 671 1278 716 tu
1319 669 1479 718 bonus
1518 669 1618 717 ista
1658 668 1852 717 creasti.

241 742 329 789 Nil
365 743 592 790 nostrum
633 743 710 790 est
747 742 799 789 in
838 742 922 801 eis,
961 742 1058 790 nisi
1098 743 1227 804 quod
1266 759 1527 804 peccamus
1569 746 1792 790 amantes

242 814 428 864 Ordine
466 817 694 878 neglecto
734 831 823 877 pro
863 818 926 875 te,
970 816 1100 877 quod
1140 817 1368 864 conditur
1407 817 1496 865 abs
1536 819 1601 864 te.

167 917 372 967 Creator
419 924 583 967 autem
631 920 671 966 si
719 920 960 967 veraciter
999 926 1214 984 ametur,
1254 919 1347 967 hoc
1388 926 1463 968 est
1504 921 1545 967 si
1584 920 1713 983 ipse,
1754 933 1853 966 non

165 991 296 1040 aliud
328 1007 418 1056 pro
451 991 532 1040 illo
565 992 695 1056 quod
735 1007 834 1040 non
874 998 950 1041 est
987 994 1109 1059 ipse,
1148 1000 1355 1059 ametur,
1395 992 1517 1041 male
1560 994 1711 1040 amari
1752 1007 1850 1060 non
1887 1007 1940 1046 10

166 1072 342 1130 potest.
418 1065 540 1114 Nam
597 1073 646 1115 et
699 1081 835 1115 amor
882 1067 987 1130 ipse
1044 1067 1266 1115 ordinate
1314 1066 1550 1115 amandus
1599 1072 1695 1131 est,
1753 1081 1849 1129 quo

166 1138 290 1187 bene
339 1146 530 1188 amatur
579 1139 709 1203 quod
761 1140 1022 1188 amandum
1062 1146 1161 1206 est,
1216 1147 1271 1189 ut
1319 1142 1383 1188 sit
1421 1142 1472 1188 in
1511 1139 1653 1188 nobis
1693 1141 1850 1188 virtus

163 1227 262 1276 qua
292 1214 473 1262 vivitur
503 1212 643 1262 bene.
721 1212 860 1262 Unde
901 1213 1021 1262 mihi
1060 1213 1268 1277 videtur,
1309 1213 1439 1277 quod
1481 1212 1699 1262 definitio
1739 1212 1849 1261 bre-

165 1289 237 1335 vis
292 1293 342 1335 et
394 1301 509 1336 vera
564 1288 761 1336 virtutis
816 1286 935 1335 ordo
985 1286 1061 1336 est
1107 1289 1310 1353 amoris3
1365 1294 1568 1351 propter
1618 1286 1748 1350 quod
1800 1288 1851 1334 in

164 1367 349 1410 sancto
383 1362 573 1410 cantico
624 1363 930 1409 canticorum
982 1367 1145 1410 cantat
1195 1377 1374 1426 sponsa
1422 1360 1630 1427 Christi,
1683 1362 1851 1409 civitas
1887 1374 1939 1413 15

163 1432 274 1483 Dei:
334 1435 579 1484 Ordinate
633 1438 684 1484 in
733 1450 810 1484 me
855 1438 1137 1485 caritatem.
1215 1435 1374 1484 Huius
1420 1437 1572 1499 igitur
1619 1435 1851 1499 caritatiS,

164 1501 275 1556 hoc'
292 1515 368 1557 est
400 1508 677 1558 dilectionis
710 1515 760 1558 et
799 1511 996 1575 amoris,
1035 1509 1207 1558 ordine
1248 1508 1538 1573 perturbato
1571 1508 1727 1557 Deum
1767 1507 1852 1556 filii

165 1581 254 1631 Dei
311 1582 636 1646 neglexerunt
690 1590 739 1632 et
793 1583 915 1632 filias
969 1583 1225 1632 hominum
1278 1583 1571 1632 dilexerunt.
1661 1581 1851 1640 Quibus

165 1655 360 1705 duobus
391 1656 676 1706 nominibus
709 1658 827 1706 satis
859 1659 1028 1706 civitas
1060 1664 1270 1721 utraque
1304 1657 1618 1706 discernitur.
1680 1655 1850 1719 Neque

165 1731 298 1777 enim
345 1737 395 1778 et
444 1729 515 1778 illi
565 1745 663 1778 non
715 1738 856 1779 erant
902 1730 988 1779 filii
1034 1730 1288 1779 hominum
1334 1746 1425 1795 per
1464 1738 1715 1795 naturam3
1765 1728 1849 1778 sed
1885 1745 1940 1784 20

167 1802 296 1851 aliud
338 1818 518 1852 nomen
569 1811 835 1868 coeperant
873 1803 1055 1852 habere
1095 1819 1185 1867 per
1224 1806 1443 1868 gratiam.
1521 1803 1644 1852 Nam
1682 1805 1733 1852 in
1774 1818 1850 1851 ea·

165 1875 277 1924 dem
310 1879 570 1943 scriptura,
609 1876 695 1926 ubi
735 1877 1003 1926 dicti‘sunt
1042 1877 1269 1926 dilexisse
1310 1878 1432 1927 filias
1471 1877 1727 1926 hominum
1766 1876 1851 1924 filii

165 1948 275 2009 Dei,
327 1950 457 1999 idem
505 1951 624 2000 dicti
665 1959 780 2000 sunt
819 1953 965 2000 etiam
1005 1951 1164 2015 angeli
1203 1951 1305 2000 Dei.
1382 1951 1521 2000 Unde
1562 1951 1670 2000 illos
1710 1950 1851 1999 multi

165 2030 341 2088 putant
380 2040 479 2073 non
518 2025 743 2074 homines
783 2026 952 2091 fuisse,
992 2025 1077 2074 sed
1118 2025 1330 2090 angelos,

793 2213 985 2268 CAPUT
1024 2214 1224 2267 XXIII.
1273 2269 1278 2272 ,
1884 2219 1939 2257 25

191 2319 270 2367 An
311 2322 621 2369 credendum
658 2322 724 2369 sit
762 2324 967 2382 angelos
1005 2324 1318 2371 substantiae
1356 2322 1601 2382 spiritalis
1641 2333 1813 2368 amore

236 2396 580 2455 speciosarum
619 2397 883 2444 mulierum
923 2402 1098 2458 captos
1137 2397 1415 2444 earundem
1456 2397 1608 2443 inisse
1647 2407 1765 2442 con-

459 2470 615 2528 iugia,
655 2483 720 2517 ex
758 2470 937 2530 quibus
971 2472 1207 2531 ‚qiqantes
1244 2471 1343 2517 sint
1381 2470 1558 2517 creati.

315 2569 470 2627 Quam
525 2573 864 2635 quaestionem
909 2587 999 2620 nos
1051 2578 1367 2621 transeunter
1418 2576 1847 2619 commemoratam

164 2643 217 2690 in
257 2645 404 2692 tertio
443 2643 591 2693 huius
640 2646 804 2710 operis
851 2644 975 2693 libro
1017 2645 1307 2710 reliquimus
1347 2643 1630 2703 insolutam,
1680 2649 1849 2691 utrum
1881 2661 1937 2700 30

285 2760 354 2810 16)
388 2755 516 2801 Cant.
550 2761 591 2811 2,
624 2761 664 2800 4.
729 2759 802 2813 30)
836 2756 884 2802 C.
919 2762 957 2802 5.

282 2893 335 2932 21
371 2891 620 2946 coeperunt
650 2889 695 2932 R
