2044 3146
571 157 637 189 DE
663 153 903 190 currum
926 155 1016 188 nm
1040 155 1082 188 L.
1106 154 1233 188 xvn.
1258 155 1296 189 e.
1322 157 1354 189 3.
1699 143 1806 197 201

126 274 469 321 testamentum
522 283 723 330 novum,
778 283 879 318 non
934 271 1212 319 secundum
1262 275 1628 335 testamentum,
1683 271 1820 331 quod

126 346 353 409 disposui
380 344 622 406 patribus
661 357 834 393 eorum
875 346 926 392 in
968 345 1074 403 die,
1114 358 1216 404 qua
1257 345 1577 405 adprehendi
1613 358 1817 392 manum

124 432 321 481 eorum,
361 423 418 466 ut
454 419 724 467 educerem
764 431 847 467 eos
887 419 950 466 de
990 421 1134 467 terra
1171 418 1403 481 Aeyypti,
1444 420 1681 478 quoniam
1723 420 1821 481 ipsi

128 507 227 543 non
252 484 651 555 permanserunt
681 494 730 540 in
765 496 1058 541 testamento
1098 505 1220 553 meo,
1260 496 1310 541 et
1348 506 1439 553 eqo
1478 494 1683 553 neqlexi
1719 507 1816 554 θος,

128 568 255 616 dicit
292 565 547 615 Dominus.
633 566 764 625 Quia
811 567 907 615 hoc
947 572 1021 615 est
1059 571 1421 625 testamentum,
1461 568 1598 626 quod
1635 570 1815 615 consti·
1850 578 1876 618 5

128 646 266 690 tuam
307 641 479 689 domui
515 641 685 690 Israel
713 646 831 703 post
869 641 976 689 dies
1015 642 1145 699 illos,
1186 641 1313 689 dicit
1350 639 1607 700 Dominus,
1648 642 1819 690 dando

130 717 264 775 leyes
296 728 433 763 meas
466 716 516 763 in
550 719 767 781 mentem
792 728 965 764 eorum
999 720 1049 763 et
1084 729 1238 776 super
1277 715 1440 763 corda
1479 727 1653 763 eorum
1691 718 1818 764 seri-

129 789 242 838 bam
292 803 398 849 eas,
455 794 504 838 et
548 789 726 838 videbo
775 802 879 850 eos,
935 793 985 837 et
1030 802 1118 838 ero
1166 790 1264 837 illis
1304 790 1355 836 in
1397 788 1582 850 Deum,
1637 793 1687 837 et
1725 791 1823 851 ipsi

130 868 283 912 erunt
333 863 459 912 mihi
511 865 562 911 in
610 864 830 927 plebem:
883 861 1193 911 Hierusalem
1248 863 1355 910 sine
1403 860 1553 911 dubio
1605 877 1820 927 superna
1876 859 1879 861 ’

129 935 478 1001 prophetatur,
526 938 669 985 cuius
708 935 840 985 Deus
880 938 985 1000 ipse
1025 937 1300 1001 praemium
1341 942 1436 1002 est,
1485 950 1697 1000 eumque
1737 937 1818 986 ha·
1855 950 1909 990 10

130 1009 248 1058 here
290 1016 437 1074 atque
477 1011 634 1075 ipsius
681 1025 789 1059 esse
840 1025 1088 1059 summum
1127 1009 1196 1058 ibi
1236 1016 1312 1058 est
1350 1016 1496 1074 atque
1536 1016 1694 1059 totum
1735 1010 1819 1059 bo-

131 1099 264 1133 num.
341 1083 412 1132 Ad
453 1091 716 1148 utramque
757 1099 874 1133 vero
914 1085 1132 1149 pertinet
1169 1083 1264 1132 hoc
1303 1085 1490 1150 ipsum,
1536 1084 1667 1148 quod
1707 1084 1819 1134 Hie-

130 1157 343 1206 rusalem
394 1157 576 1207 dicitur
621 1157 710 1207 Dei
758 1160 950 1223 civitas,
999 1165 1047 1207 et
1093 1159 1142 1206 in
1193 1173 1248 1206 ea
1287 1157 1614 1222 prophetatur
1654 1158 1821 1208 sutura

129 1231 304 1280 domus
351 1230 461 1297 Dei,
502 1246 655 1295 eaque
704 1232 962 1297 prophetia
1010 1231 1204 1280 videtur
1255 1231 1476 1297 impleri,
1531 1247 1644 1280 cum
1687 1231 1819 1281 Salo-

130 1320 245 1354 mon
276 1320 365 1354 rex
398 1305 622 1354 aedificat
652 1305 771 1354 illud
806 1305 1169 1354 nobilissimum
1200 1305 1454 1370 templum.
1516 1305 1648 1354 Haec
1689 1308 1819 1356 enim
1854 1318 1908 1360 15

129 1386 178 1429 et
216 1381 268 1428 in
307 1386 505 1428 terrena
538 1379 846 1429 Hierusalem
879 1379 1154 1429 secundum
1192 1378 1449 1429 historiam
1491 1381 1822 1447 contigerunt,

130 1459 181 1502 et
213 1452 439 1503 caelestis
470 1453 780 1503 Hierusalem
813 1454 999 1519 figurae
1032 1455 1248 1503 suerunt.
1330 1453 1471 1511 Quod
1511 1469 1668 1519 genus
1707 1470 1820 1519 pro-

128 1527 323 1592 phetiae
372 1543 432 1576 ex
479 1535 693 1592 utroque
745 1527 898 1578 veluti
950 1535 1258 1593 compactum
1306 1534 1454 1592 atque
1502 1529 1823 1578 commixtum

126 1603 177 1650 in
217 1601 355 1650 libris
394 1601 646 1651 veteribus
686 1604 949 1669 canoniciS‚
990 1602 1170 1667 quibus
1210 1617 1379 1651 rerum
1419 1609 1670 1667 gestarum
1710 1618 1821 1651 nar-

130 1677 348 1724 rationes
388 1677 734 1742 continentur‚
773 1676 901 1725 valet
938 1676 1208 1741 plurimum
1246 1676 1556 1741 multumque
1600 1678 1822 1726 exercuit
1854 1690 1912 1731 20

131 1756 181 1798 et
229 1755 428 1798 exercet
476 1750 671 1814 ingenia
721 1752 1050 1799 scrutantium
1097 1749 1286 1799 litteras
1327 1765 1516 1817 sacraS‚
1564 1757 1641 1814 ut,
1689 1751 1822 1815 quod

131 1822 367 1871 historice
440 1822 748 1886 praedictum
819 1823 1216 1889 completumque
1278 1823 1460 1887 legitur
1520 1825 1572 1872 in
1634 1826 1822 1873 semine

133 1895 355 1946 Abrahae
396 1896 669 1946 secundum
711 1911 931 1963 carnem,
981 1899 1127 1946 etiam
1165 1899 1216 1946 in
1258 1899 1445 1946 semine
1485 1896 1706 1946 Abrahae
1748 1913 1821 1947 se-

123 1970 352 2021 cundum
392 1970 538 2020 tidem
578 1970 695 2035 quid
735 1971 1038 2036 implendum
1079 1971 1337 2035 allegorice
1380 1972 1623 2035 significet
1660 1973 1820 2036 inqui-

129 2051 292 2110 ratur3
341 2046 392 2093 in
439 2051 631 2094 tantum
677 2051 732 2094 ut
780 2044 1074 2109 quibusdam
1121 2047 1280 2095 visum
1330 2046 1393 2093 sit
1446 2045 1568 2094 nihil
1615 2061 1724 2095 esse
1771 2049 1822 2095 in
1856 2058 1913 2099 25

133 2117 318 2167 eisdem
357 2117 496 2167 libris
535 2118 610 2168 vel
642 2120 1045 2183 praenuntiatum
1086 2126 1135 2168 et
1174 2120 1421 2185 effectum,
1460 2119 1536 2168 vel
1576 2119 1823 2186 effectum,

136 2194 356 2257 quamvis
388 2207 487 2241 non
518 2195 934 2259 praenuntiatum,
974 2194 1103 2258 quod
1145 2209 1244 2242 non
1283 2194 1503 2242 insinuet
1542 2193 1722 2257 aliquid
1763 2193 1823 2243 ad

139 2281 403 2331 supernam
451 2268 699 2316 civitatem
745 2266 834 2316 Dei
883 2269 1088 2332 eiusque
1137 2267 1262 2316 filios
1310 2268 1358 2315 in
1406 2266 1498 2315 hac
1545 2269 1643 2316 vita
1681 2283 1821 2332 pere-

132 2341 300 2404 grinos
348 2341 554 2404 figurata
602 2341 956 2405 significatione
1007 2341 1339 2391 referendum.
1416 2339 1479 2389 Et
1527 2342 1569 2390 si
1617 2340 1710 2390 hoc
1756 2342 1824 2391 ita

128 2419 224 2478 est,
279 2415 375 2462 iam
413 2413 668 2480 bipertita,
715 2430 812 2463 non
853 2417 1101 2479 tripertita
1142 2422 1290 2465 erunt
1329 2414 1522 2479 eloquia
1561 2414 1821 2480 propheta·
1855 2427 1914 2468 30

127 2486 260 2553 rum,
298 2487 375 2536 vel
411 2489 577 2553 potius
615 2488 811 2538 illarum
851 2491 1211 2554 scripturarum
1252 2490 1488 2555 omnium,
1528 2503 1651 2552 quae
1692 2495 1821 2538 vete·

133 2562 203 2609 ris
252 2562 569 2611 instrumenti
620 2562 943 2628 appellatione
998 2569 1279 2612 censentur.
1364 2561 1495 2610 Nihil
1542 2563 1673 2612 enim
1728 2563 1824 2611 erit

248 2672 291 2727 9)
322 2671 526 2718 Hierem.
557 2679 629 2729 31,
662 2679 717 2718 31
753 2689 873 2730 sqq.;
907 2674 1046 2719 Hebr.
1081 2679 1123 2730 8,
1155 2679 1181 2719 8
1215 2690 1314 2731 sqq.

127 2890 157 2935 S
189 2892 218 2936 d
247 2839 294 2937 Ξ
317 2834 470 2880 dando
508 2849 621 2891 mss;
670 2837 791 2881 dabo
830 2850 856 2882 v
902 2839 918 2894 u
966 2842 1018 2882 15
1060 2837 1326 2882 aedificauit
1361 2836 1408 2880 R
1453 2838 1469 2894 n
1515 2841 1569 2881 29
1610 2838 1658 2881 et
1694 2830 1816 2890 AL,-

161 2906 185 2937 e
294 2907 320 2938 v
