2054 3152
237 154 342 206 112
928 164 963 198 S.
990 165 1266 202 AUGUSTINI

227 274 463 327 'dentibus
497 278 776 327 iudicantur
808 293 906 327 non
946 280 1102 344 ipsius
1142 297 1250 331 esse
1291 279 1557 345 credenda3
1597 281 1726 328 sicut
1765 277 1917 327 multa

234 352 326 401 sub
369 351 649 400 nominibus
691 358 740 401 et
779 351 987 401 aliorum
1025 355 1379 420 prophetarum
1419 360 1468 403 et
1507 355 1784 402 recentiora
1824 351 1915 402 sub

234 425 515 475 nominibus
571 425 908 491 apostolorum
959 426 1018 475 ab
1073 427 1335 479 haereticis
1389 427 1736 494 proferuntur,
1792 442 1915 491 quae

235 502 395 548 omnia
435 501 632 548 nomine
673 500 1066 565 apocryphorum
1107 502 1165 551 ab
1205 504 1497 552 auctoritate
1538 503 1772 550 canonica
1811 501 1917 550 dili·

174 583 200 622 5
233 575 368 638 genti
415 575 771 623 examinatione
817 581 1006 624 remota
1058 583 1187 626 sunt.
1271 577 1425 641 Igitur
1477 575 1750 624 secundum
1797 577 1915 624 scri-

239 654 411 712 pturas
437 649 696 697 canonicas
721 647 969 697 Hebraeas
994 656 1139 714 atque
1167 650 1468 699 Christianas
1493 648 1674 697 multos
1697 650 1917 713 gigantes

234 728 346 770 ante
386 721 623 770 diluvium
663 722 815 771 fuisse
856 737 954 771 nou
995 723 1198 772 dubium
1240 730 1336 789 est,
1377 730 1425 772 et
1462 722 1553 771 hos
1593 722 1746 771 fuisse
1787 724 1917 771 cives

233 797 510 860 terrigenae
542 797 790 845 societatis
821 795 1097 863 hominum3
1138 797 1226 846 Dei
1257 804 1422 846 autem
1453 796 1592 862 filios,
1625 797 1710 861 qui
1742 811 1916 845 secun-

234 868 352 918 dum
398 884 597 918 carnem
643 869 702 918 de
745 869 864 919 Seth
902 873 1155 935 propagati
1195 878 1332 938 sunt,
1379 873 1430 919 in
1469 870 1594 919 hanc
1634 871 1918 920 societatem

148 951 201 990 10
234 942 430 992 deserta
461 945 648 992 iustitia
680 943 965 993 declinasse.
1027 944 1128 994 Nec
1161 945 1440 994 mirandum
1471 950 1561 1010 est,
1601 944 1733 1008 quod
1773 945 1918 993 etiam

234 1016 293 1065 de
345 1018 464 1081 ipsis
514 1018 735 1081 gigantes
786 1020 921 1066 nasci
970 1025 1254 1083 potuerunt.
1342 1018 1512 1082 Neque
1564 1019 1697 1066 enim
1746 1033 1917 1067 omnes

233 1091 470 1157 giganteS,
511 1090 596 1139 sed
629 1093 782 1156 magis
815 1091 955 1140 multi
994 1095 1164 1157 utique
1206 1100 1324 1142 tunc
1365 1093 1582 1153 suerunt,
1623 1107 1769 1156 quam
1807 1098 1919 1156 post

233 1163 470 1214 diluvium
510 1165 816 1229 temporibus
864 1168 1058 1215 ceteris.
1137 1166 1271 1225 Quos
1309 1172 1572 1232 propterea
1610 1180 1779 1214 creare
1819 1165 1917 1230 pla-

235 1239 337 1287 cuit
377 1237 614 1304 Creatori,
651 1245 708 1288 ut
747 1240 894 1288 etiam
932 1239 1047 1288 hinc
1087 1240 1434 1289 ostenderetur
1473 1255 1573 1288 non
1614 1238 1770 1288 solum
1811 1239 1917 1304 pul-

149 1319 201 1358 15
236 1311 571 1378 chritudineS‚
632 1328 805 1362 verum
866 1315 1013 1363 etiam
1075 1313 1437 1378 magnitudines
1500 1320 1549 1362 et
1603 1312 1918 1362 fortitudines

236 1401 501 1450 corporum
548 1401 646 1435 non
694 1389 857 1452 magni
895 1387 1178 1452 pendendas
1219 1403 1325 1437 esse
1368 1388 1597 1453 sapienti,
1653 1388 1737 1451 qui
1776 1387 1918 1451 spiri-

236 1459 412 1508 talibus
446 1466 590 1524 atque
623 1460 964 1510 inmortalibus
996 1461 1139 1527 longe
1180 1461 1465 1510 melioribus
1505 1466 1651 1525 atque
1691 1461 1918 1509 firmiori-

235 1532 328 1582 bus
360 1540 410 1582 et
441 1532 685 1582 bonorum
716 1536 946 1600 propriiS,
986 1550 1084 1583 non
1124 1535 1368 1584 bonorum
1408 1534 1746 1598 malorumque
1787 1549 1918 1583 com-

235 1606 467 1656 munibus
522 1606 829 1657 beatificatur
883 1608 1039 1657 bonis,
1129 1609 1285 1667 Quam
1347 1624 1454 1658 rem
1503 1608 1626 1657 alius
1678 1607 1919 1673 propheta

146 1688 202 1727 20
236 1680 585 1730 commendans
625 1683 715 1731 ait:
764 1683 847 1731 Ibi
878 1682 1093 1744 fuerant
1127 1686 1362 1744 qiqantes
1409 1686 1484 1733 illi
1521 1684 1784 1742 nominati,
1832 1684 1922 1743 qui

236 1756 299 1803 ab
341 1757 481 1804 initio
525 1755 739 1816 fuerunt
783 1760 1047 1817 staturosi,
1093 1760 1308 1806 scientes
1341 1760 1604 1820 proelium.
1682 1756 1792 1805 Non
1830 1757 1919 1805 hos

235 1831 386 1890 eleyit
423 1830 677 1890 Dominus,
718 1846 811 1880 nee
851 1833 981 1880 viam
1018 1833 1260 1880 scientiae
1300 1833 1440 1880 dedit
1476 1833 1599 1887 illis;
1637 1832 1728 1878 sed
1765 1832 1917 1879 inter·

236 1905 423 1963 ierunt,
480 1905 600 1964 quia
647 1918 745 1953 non
791 1905 1081 1954 habuerant
1127 1907 1446 1967 sapientiam,
1497 1906 1768 1967 perierunt
1797 1918 1918 1966 pro-

230 1982 346 2038 pter
386 1979 881 2027 inconsiderantiam.

145 2174 203 2214 25
859 2163 1053 2218 CAPUT
1086 2165 1279 2219 XXIV.

283 2273 387 2331 Quo
427 2274 569 2322 modo
611 2273 996 2333 intelleqendum
1034 2274 1119 2333 sit,
1160 2275 1296 2333 quod
1333 2275 1395 2322 de
1435 2276 1527 2333 εἰς,
1568 2276 1658 2334 qai
1694 2275 1880 2322 diluvio

399 2347 656 2408 perdendi
694 2351 855 2404 erant,
897 2346 1138 2394 Dominus
1178 2348 1393 2396 dixerit:
1434 2348 1605 2396 Erant
1642 2349 1748 2396 dies

681 2433 852 2468 eoram
892 2424 1090 2468 centum
1130 2423 1308 2480 viqinti
1345 2423 1480 2470 anni.

387 2522 528 2580 Quod
576 2529 740 2571 autem
788 2521 909 2571 dixit
947 2521 1099 2573 Deus:
1146 2523 1313 2572 Erunt
1361 2525 1467 2573 dies
1507 2536 1679 2572 eorum
1719 2527 1917 2572 centum

148 2601 206 2641 30
238 2597 418 2657 viyinti
454 2599 598 2656 anni,
647 2611 744 2644 non
794 2597 862 2644 sic
903 2597 1242 2660 accipiendum
1283 2603 1379 2662 est,
1427 2598 1566 2660 quasi
1604 2597 1916 2660 praenuntia·

357 2711 430 2764 24)
462 2709 563 2752 Bar.
598 2713 640 2763 3,
662 2676 728 2752 ‘26
761 2723 857 2764 sqq.
922 2710 995 2764 30)
1028 2707 1139 2754 Gen.
1175 2715 1215 2764 6,
1249 2715 1287 2754 3.

360 2846 411 2884 15
451 2841 593 2885 etiam
630 2853 742 2893 mss;
781 2841 924 2885 etiam
955 2843 1002 2885 et
1039 2855 1064 2884 v
1110 2843 1126 2897 ΙΙ
1172 2847 1226 2886 22
1260 2841 1340 2886 sed
1382 2841 1565 2885 VRAF
1590 2841 1804 2895 (Graece:
1836 2841 1917 2884 καὶ

236 2894 520 2954 ἄπώλοντο);
554 2902 601 2945 eb
629 2914 655 2944 v
680 2902 773 2957 1129
806 2900 994 2944 illorum
1034 2900 1093 2942 V¹
