2004 3140
496 166 563 197 m:
587 163 824 198 οΠΊΤΑΤΕ
849 164 938 197 Dm
962 163 1004 197 L.
1028 165 1173 198 xv111.
1199 166 1236 198 ο.
1262 168 1293 199 9.
1318 167 1371 199 ιο.
1670 154 1778 207 267

91 283 249 327 mater
288 284 372 327 aut
409 279 577 326 nutrix
607 276 884 326 liberalium
924 277 1262 327 doctrinarum
1302 285 1352 327 et
1390 285 1464 328 tot
1503 284 1780 328 tantorum·

90 367 186 417 que
218 350 639 417 philosophorum,
681 365 776 415 qua
807 351 930 400 nihil
959 350 1131 401 habuit
1163 351 1369 401 Graecia
1409 352 1591 402 clarius
1631 358 1778 418 atque

90 425 330 492 nobilius,
382 424 749 474 ludificantibus
798 425 1120 475 daemonibus
1167 425 1228 475 de
1275 425 1360 475 lite
1411 426 1619 476 deorum
1666 442 1778 476 suo·

92 514 226 565 rum,
271 500 421 547 maris
461 506 510 548 et
549 500 782 565 feminae,
831 506 881 549 et
920 500 980 548 de
1019 501 1225 548 victoria
1263 515 1354 564 per
1393 499 1600 549 feminas
1639 501 1778 550 femi-

89 588 180 621 nae
220 572 436 622 Athenas
467 588 648 622 nomen
681 575 886 639 accepit,
927 580 976 622 et
1015 589 1041 622 a
1080 575 1208 623 victo
1248 573 1379 622 laesa
1416 576 1571 639 ipsam
1611 576 1778 624 victri-
1810 585 1837 625 5

91 648 162 695 cis
210 648 467 695 victoriam
516 649 693 712 punire
746 647 999 712 compulsa
1051 654 1151 714 est,
1200 648 1312 713 plus
1364 663 1514 712 aquas
1562 648 1781 713 Neptuni

88 735 237 785 quam
266 719 512 770 Minervae
547 736 679 770 arma
711 721 994 770 formidans
1071 721 1193 771 Nam
1223 724 1276 771 in
1308 721 1615 787 mulieribuS,
1655 737 1778 787 quae

89 796 160 843 sic
209 796 410 859 punitae
459 803 595 862 sunt,
643 801 693 844 et
731 795 948 844 Minerva
995 811 1120 860 quae
1159 798 1343 845 vicerat
1382 798 1510 845 victa
1550 803 1646 862 est3
1686 811 1779 845 nec

87 868 242 918 adfuit
281 869 704 934 suffragatricibus
745 871 847 919 suis
860 910 873 935 ,
913 876 968 919 ut
1008 871 1355 935 suffragiorum
1394 870 1629 935 deinceps
1669 885 1779 935 per-

87 941 187 991 dita
246 949 490 1007 potestate
556 950 604 993 et
666 943 888 992 alienatis
953 943 1064 992 filiis
1127 960 1154 993 a
1216 943 1500 993 nominihus
1563 951 1776 993 matrum
1813 954 1867 994 10

87 1015 361 1065 Athenaeas
401 1017 572 1066 saltem
605 1019 769 1066 vocari
808 1017 981 1067 liceret
1020 1025 1070 1067 et
1109 1019 1216 1067 eius
1257 1018 1375 1067 deae
1416 1020 1598 1067 mereri
1637 1033 1777 1066 voea-

85 1089 271 1157 bulum,
296 1106 442 1155 quam
473 1093 565 1140 viri
591 1091 671 1140 dei
697 1093 950 1141 victricem
983 1093 1203 1141 fecerant
1235 1092 1439 1141 ferendo
1473 1093 1777 1157 suffragium.

89 1163 224 1220 Quae
257 1171 306 1213 et
339 1171 520 1229 quanta
550 1165 666 1215 hinc
699 1165 797 1214 dici
835 1173 1054 1231 possent,
1094 1167 1189 1215 nisi
1230 1180 1393 1215 sermo
1435 1166 1494 1214 ad
1535 1166 1626 1214 alia
1663 1181 1775 1230 pro-

83 1236 302 1302 peraret!

780 1396 973 1452 CAPUT
1012 1397 1077 1452 X.
1813 1411 1868 1452 15

151 1490 288 1549 Quid
335 1490 499 1540 Varro
540 1492 717 1540 tradat
754 1493 817 1540 de
854 1494 1232 1556 nuncupatione
1270 1492 1533 1554 Areopaqz‘
1569 1496 1617 1541 et
1656 1492 1718 1541 de
1755 1466 1758 1468 .

646 1567 833 1614 diluvio
873 1565 1213 1615 Deucalionis

229 1667 294 1716 Et
339 1674 505 1717 tamen
542 1667 738 1716 Marcus
777 1667 930 1717 Varro
983 1683 1083 1717 non
1122 1668 1226 1718 vult
1263 1668 1501 1718 fabulosis
1542 1668 1777 1717 adversus

84 1741 203 1790 deos
234 1741 381 1790 fidem
413 1740 644 1790 adhibere
677 1742 939 1808 figmentiS,
978 1757 1040 1790 ne
1081 1742 1142 1790 de
1182 1744 1452 1791 maiestatis
1490 1757 1664 1790 eorum
1705 1742 1775 1790 di-

84 1816 267 1878 gnitate
329 1814 586 1879 indignum
648 1814 831 1878 aliquid
897 1817 1090 1864 sentiat.
1166 1814 1229 1864 Et
1290 1815 1401 1864 ideo
1464 1831 1556 1864 nec
1611 1818 1775 1864 Areon
1808 1825 1866 1865 20

86 1903 259 1952 pagon,
299 1887 386 1937 ubi
417 1903 531 1938 cum
562 1887 946 1937 Atheniensibus
978 1888 1160 1938 Paulus
1201 1889 1451 1954 apostolus
1491 1889 1774 1954 disputavit,

87 1976 145 2010 ex
178 1976 274 2026 quo
307 1961 415 2010 loco
448 1963 769 2027 Areopagitae
804 1962 1033 2028 appellati
1065 1969 1182 2011 sunt
1214 1963 1424 2012 curiales
1463 1962 1603 2011 urbis
1644 1964 1774 2012 eius—

85 2034 218 2101 dem,
263 2035 368 2085 vult
405 2036 520 2085 inde
560 2038 809 2100 accepisse
849 2052 1052 2102 nomen,
1100 2037 1232 2101 quod
1270 2035 1422 2102 MarS,
1463 2038 1549 2101 qui
1587 2036 1772 2086 Graece

70 2105 223 2174 ’Ἀρης
263 2109 470 2176 dicitur,
510 2125 624 2159 cum
662 2109 916 2159 homicidii
954 2112 1161 2159 crimine
1200 2125 1319 2159 reus
1341 2111 1514 2171 fieret,
1554 2110 1772 2159 iudican-

86 2181 219 2232 tibus
266 2183 527 2232 duodecim
574 2184 666 2233 diis
713 2186 764 2232 in
812 2200 870 2233 eo
917 2200 1041 2249 pago
1090 2199 1177 2233 sex
1217 2186 1476 2233 sententiis
1516 2183 1772 2233 absolutus
1803 2191 1863 2230 25

84 2262 162 2305 est
201 2250 342 2322 (quia
388 2257 475 2306 ubi
520 2260 654 2323 paris
702 2260 898 2306 numeri
937 2259 1211 2307 sententiae
1251 2258 1487 2323 fuissent,
1535 2259 1774 2322 praeponi

85 2329 326 2379 absolutio
382 2331 682 2381 damnationi
735 2327 971 2399 solebat),
1034 2331 1119 2380 sed
1184 2338 1356 2380 contra
1409 2333 1584 2397 istam,
1648 2347 1772 2396 quae

86 2403 239 2453 multo
273 2405 481 2469 amplius
514 2413 590 2454 est
622 2404 883 2472 celebrata,
922 2407 1206 2470 opinionem
1245 2405 1388 2454 aliam
1427 2406 1673 2469 quandam
1712 2405 1771 2453 de

86 2476 410 2527 obscurarum
442 2480 616 2528 notitia
647 2479 924 2528 litterarum
957 2494 1156 2528 causam
1187 2480 1401 2527 nominis
1440 2478 1588 2527 huius
1630 2493 1772 2526 cona-

85 2557 168 2599 tur
220 2559 470 2619 astruere,
521 2568 583 2601 ne
646 2554 809 2602 Areon
864 2567 1025 2618 pagon
1077 2552 1403 2602 Athenienses
1458 2551 1518 2600 de
1574 2553 1770 2600 nomine
1804 2558 1863 2599 30

201 2679 276 2733 21)
307 2679 409 2723 Act.
445 2684 513 2722 17.

206 2845 229 2883 1
262 2841 344 2884 aut,
373 2854 485 2895 mss,·
524 2855 578 2885 ae
609 2856 634 2886 v
658 2843 674 2899 ΙΙ
700 2847 753 2886 18
787 2843 834 2886 et
863 2843 1021 2886 tamen
1050 2854 1163 2895 mss;
1201 2840 1423 2885 Attamen
1452 2853 1478 2884 v
1509 2841 1526 2896 {J
1556 2844 1612 2883 20
1644 2844 1685 2884 et
1716 2844 1773 2884 30

84 2909 227 2942 areon
255 2913 413 2956 pagon
442 2913 532 2944 mss
545 2916 563 2955 ;
593 2901 873 2958 Areopagon
901 2914 928 2945 v
