2004 3140
471 148 540 181 DE
563 145 800 181 omum
824 141 914 180 :om
937 147 979 180 L.
1004 147 1150 182 xvm.
1176 147 1213 181 o.
1238 150 1290 181 17.
1316 149 1369 181 18.
1655 135 1762 188 277

76 276 273 326 quoque
320 258 473 311 Ulixis
519 260 726 309 mutavit
770 261 822 308 in
873 258 1082 327 bestias,
1140 266 1190 309 et
1229 259 1290 309 de
1328 259 1602 310 Arcadibus
1613 300 1627 327 ,
1680 263 1766 325 qui

75 342 208 385 sorte
257 334 393 384 ducti
437 332 715 384 transibant
761 333 1006 398 quoddam
1054 340 1283 399 stagnum
1330 340 1477 400 atque
1528 334 1596 384 ibi
1649 350 1764 384 con-

76 409 396 459 vertebantur
449 409 499 457 in
554 407 697 472 lupos
752 414 802 457 et
856 423 969 457 cum
1018 407 1259 457 similibus
1314 408 1433 458 feris
1487 424 1578 474 per
1632 408 1765 458 illius

76 485 294 548 regionis
334 482 530 531 deserta
561 481 801 531 vivebant.
881 481 934 531 Si
973 489 1138 532 autem
1178 497 1325 531 carne
1366 498 1466 531 non
1504 498 1764 532 vesceren-

75 565 159 607 tur
211 557 450 622 humana,
499 571 676 605 rursus
726 563 839 621 post
888 571 1064 605 novem
1115 571 1269 605 annos
1316 556 1490 605 eodem
1540 563 1764 606 renatato

77 638 248 695 stagno
295 629 692 679 reformabantur
738 632 790 678 in
842 629 1081 679 homines
1158 629 1381 695 Denique
1422 633 1570 680 etiam
1609 633 1765 680 nomi-

74 707 228 754 natim
266 706 512 769 expressit
550 703 796 768 quendam
836 703 1212 770 Demaenetum,
1265 720 1379 753 cum
1417 711 1667 769 gustasset
1705 704 1764 753 de

76 779 316 828 sacrificio
326 817 340 844 ,
388 777 520 842 quod
559 778 774 828 Arcades
825 778 1076 827 immolato
1115 793 1271 843 puero
1313 778 1406 827 deo
1446 794 1536 827 suo
1576 777 1765 843 Lycaeo

73 853 235 902 facere
287 852 519 916 solerent,
559 859 610 902 et
646 854 698 901 in
737 851 909 921 lupum
949 853 1102 902 fuisse
1143 859 1386 902 mutatum
1426 859 1475 902 et
1514 867 1643 901 anno
1684 852 1765 900 de-

73 928 202 976 cimo
233 928 286 975 in
317 927 525 990 figuram
557 927 808 991 propriam
839 928 1127 975 restitutum
1159 925 1431 991 pugilatum
1473 941 1582 976 sese
1623 941 1761 975 exer-

73 1002 235 1049 cuisse
277 1007 326 1049 et
357 999 640 1065 Olympiaco
672 1001 848 1049 vicisse
889 1002 1171 1050 certamine.
1247 1000 1350 1049 Nec
1389 999 1520 1049 idem
1560 1006 1766 1064 propter

77 1073 206 1123 aliud
239 1072 508 1123 arbitratur
539 1073 808 1123 historicus
846 1076 899 1123 in
930 1074 1137 1123 Arcadia
1176 1074 1271 1123 tale
1312 1089 1493 1123 nomen
1533 1074 1766 1123 adfictum

72 1147 195 1196 Pani
232 1146 421 1211 Lycaeo
469 1154 519 1196 et
565 1147 667 1196 lovi
713 1147 901 1212 Lycaeo
950 1150 1044 1197 nisi
1091 1154 1296 1212 propter
1343 1148 1468 1196 hanc
1521 1149 1573 1196 in
1621 1147 1766 1212 lupos

71 1221 328 1270 hominum
375 1223 724 1287 mutationem,
771 1221 903 1285 quod
950 1237 1057 1270 eam
1098 1223 1193 1270 nisi
1232 1224 1278 1271 vi
1318 1221 1479 1270 divina
1517 1221 1628 1270 fieri
1666 1236 1766 1270 non

73 1302 319 1362 putarent.
396 1293 567 1359 Lupus
607 1297 740 1344 enim
776 1294 960 1345 Graece
1001 1291 1149 1355 λύκος
1188 1295 1385 1362 dicitur,
1426 1295 1556 1344 unde
1589 1293 1766 1360 Lycaei

75 1384 256 1418 nomen
307 1378 510 1432 apparet
568 1369 818 1418 inflexum.
895 1369 1143 1418 Romanos
1197 1372 1344 1419 etiam
1394 1368 1648 1434 Lupercos
1705 1384 1764 1417 ex

74 1442 273 1491 illorum
310 1445 661 1507 mysteriorum
701 1443 854 1492 veluti
895 1445 1082 1493 semine
1123 1443 1242 1493 dicit
1282 1451 1496 1493 exortos

705 1629 901 1685 CAPUT
939 1631 1141 1685 XVIII.

119 1739 254 1798 Quid
291 1740 602 1787 eredendum
639 1741 707 1786 sit
746 1740 809 1787 de
848 1739 1404 1800 transformationibm,
1445 1754 1575 1800 quae
1616 1745 1730 1789 arte

323 1814 620 1860 daemonum
660 1813 942 1861 hominibus
981 1815 1218 1862 videntur
1258 1815 1511 1862 accidere.

227 1912 323 1962 Sed
373 1913 432 1962 de
481 1915 573 1962 ista
621 1920 755 1963 tanta
802 1913 1134 1964 ludificatione
1183 1914 1478 1964 daemonum
1516 1930 1607 1963 nos
1649 1915 1767 1979 quid

79 1986 325 2054 dicamUS,
377 1989 461 2052 qui
508 1987 628 2036 haec
678 1987 869 2055 legent,
920 1990 1144 2038 fortassis
1193 1995 1468 2054 expectent.
1546 1988 1608 2038 Et
1649 1987 1767 2053 quid

75 2060 313 2128 dicemUS,
351 2062 448 2110 nisi
489 2061 548 2110 de
589 2061 750 2110 medio
790 2062 1051 2128 Babylonis
1093 2078 1201 2112 esse
1242 2059 1568 2128 fugiendum?
1624 2062 1766 2120 Quod

73 2141 392 2199 praeceptum
432 2135 779 2200 propheticum
818 2139 884 2186 ita
925 2136 1215 2202 spiritaliter
1253 2136 1572 2203 intellegitur,
1611 2143 1667 2185 ut
1706 2136 1766 2185 de

74 2207 222 2258 huius
285 2208 468 2258 saeculi
531 2211 753 2278 civitate,
809 2226 932 2275 quae
988 2211 1213 2276 profecto
1270 2217 1320 2259 et
1374 2210 1661 2275 angelorum
1718 2216 1768 2259 et

74 2281 327 2331 hominum
370 2284 579 2332 societas
617 2285 883 2348 impiorum
923 2293 1019 2351 est,
1070 2284 1184 2333 fidei
1222 2283 1472 2351 passibUS,
1513 2299 1636 2348 quae
1677 2298 1767 2348 per

76 2354 389 2405 dilectionem
441 2363 698 2423 operatur,
752 2360 803 2407 in
850 2358 1007 2408 Deum
1055 2359 1218 2407 vivum
1267 2357 1572 2423 proficiendo
1613 2358 1766 2422 fugia-

75 2443 199 2478 muS.
278 2429 470 2487 Quanto
520 2431 700 2495 quippe
752 2433 803 2481 in
842 2432 963 2482 haec
1002 2435 1099 2481 ima
1137 2438 1432 2497 potestatem
1472 2431 1766 2480 daemonum

194 2545 268 2598 23)
298 2541 422 2588 Esaj.
455 2547 527 2599 48,
559 2547 628 2588 20.

194 2708 220 2746 2
252 2704 576 2748 transebantur
606 2706 663 2761 (1³)
696 2704 791 2759 R¹,·
819 2706 1086 2750 transibant
1114 2707 1207 2760 R2;
1236 2705 1491 2751 tranabant
1518 2718 1572 2761 9;
1612 2706 1765 2748 trans-

75 2761 304 2805 natabant
325 2763 398 2806 Av
422 2765 438 2819 ΙΙ
462 2769 488 2807 5
518 2765 733 2808 renatato
758 2778 871 2819 mss;
901 2766 1063 2808 renato
1095 2779 1121 2809 v
1145 2767 1160 2822 u
1185 2771 1208 2809 7
1243 2779 1349 2810 cum
1372 2778 1454 2810 om.
1480 2763 1626 2808 ΒΑΕ
1644 2765 1660 2820 ΙΙ
1683 2778 1764 2820 gu-

78 2820 224 2863 stasse
255 2819 506 2878 R2AF119
539 2824 588 2866 et
616 2822 666 2866 in
696 2823 859 2879 lupum
889 2823 1008 2877 RF;
1041 2825 1089 2867 et
1116 2824 1280 2880 lupum
1311 2824 1381 2879 A;
1412 2823 1460 2867 in
1491 2823 1586 2880 lup.
1619 2836 1645 2867 v
1669 2823 1687 2879 ΙῘ
1709 2827 1764 2866 10

82 2878 346 2934 pugilatum
377 2879 525 2937 Rb¹e9
558 2882 659 2936 (vol.
693 2882 739 2938 I,
771 2886 882 2936 269,
915 2886 988 2938 5);
1018 2883 1231 2939 pugilatru
1261 2883 1334 2927 Av

1799 936 1855 976 10

1801 1304 1856 1345 15

1800 1823 1856 1863 20

1801 2220 1856 2261 25
