2044 3146
139 947 193 984 10

137 1314 187 1351 152

133 2491 189 2530 30

224 151 331 203 236
897 158 931 192 s,
958 159 1234 192 Attcusmm

226 275 308 337 qui
341 279 516 337 putant
548 287 644 320 non
678 270 736 319 ab
770 286 827 319 eo
862 271 1030 336 factOS,
1070 272 1282 335 nisi‘qui
1320 277 1695 335 praenotantur:
1737 271 1903 333 Ipsius

224 348 418 404 David;
465 347 549 410 qui
595 360 710 393 vero
758 343 940 393 habent
984 345 1037 392 in
1083 343 1261 394 titulis:
1312 346 1420 407 Ipsi
1457 345 1646 403 David,
1698 343 1757 392 ab
1798 344 1905 392 aliis

224 421 378 468 factos
411 434 648 483 personae
682 419 837 482 ipsius
869 418 1021 466 fuisse
1062 424 1324 482 coaptatos
1403 417 1536 475 Quae
1577 419 1741 483 opinio
1781 432 1899 466 voce

224 492 501 557 evangelica
550 492 813 540 Salvatoris
860 493 1015 555 ipsius
1057 491 1324 558 refutatur,
1370 490 1456 540 ubi
1496 493 1583 557 ait,
1624 491 1753 555 quod
1795 493 1900 556 ipse

226 566 374 615 David
422 568 472 615 in
521 568 697 631 spiritu
746 564 995 614 Christum
1043 564 1222 614 dixerit
1268 580 1376 614 esse
1424 564 1683 614 Dominum
1737 579 1903 630 suum3

225 642 454 704 quoniam
479 639 695 704 psalmus
727 639 1060 688 centensimus
1087 654 1247 688 nonus
1280 641 1350 687 sic
1389 640 1581 703 incipit:
1621 640 1767 688 Dixit
1805 640 1902 689 Do—

223 717 386 763 minus
432 714 644 763 Domino
692 727 822 761 meo:
869 713 999 762 Sede
1039 727 1070 761 a
1111 714 1306 762 deaetrz‘s
1345 715 1485 773 meiS,
1527 715 1685 762 donec
1717 727 1903 774 ponam

224 790 452 837 inimicos
498 793 609 836 tuos
654 788 925 836 scabellum
963 788 1153 848 pedum
1201 793 1413 835 tuorum.
1490 785 1553 836 Et
1600 793 1733 834 certe
1773 785 1903 835 idem

222 860 439 925 psalmus
494 875 592 908 non
647 859 794 908 habet
846 861 898 908 in
954 859 1121 908 titulo:
1177 861 1343 922 Ipsius
1394 860 1581 921 David,
1636 859 1744 908 sed:
1800 861 1908 922 Ipsi

227 935 419 995 David,
466 935 602 983 ‘sicut
656 933 870 998 plurimi.
960 932 1077 981 Mihi
1128 940 1291 982 autem
1343 932 1626 982 credibilius
1676 932 1905 982 videntur

224 1009 526 1073 existimare,
577 1009 661 1071 qui
700 1021 870 1055 omnes
910 1005 1018 1055 illos
1058 1014 1256 1056 centum
1298 1015 1346 1056 et
1386 1008 1738 1072 quinquaginta
1777 1006 1902 1072 psal-

225 1097 331 1130 mos
363 1083 470 1130 eius
503 1083 640 1145 operi
681 1080 907 1129 tribuunt
946 1094 1156 1144 eumque
1191 1080 1378 1144 aliquos
1411 1087 1725 1145 praenotasse
1760 1082 1904 1129 etiam

223 1154 504 1203 nominibus
553 1154 760 1203 aliorum
807 1153 1011 1219 aliquid,
1058 1153 1188 1217 quod
1230 1155 1286 1203 ad
1330 1170 1435 1203 rem
1474 1156 1744 1220 pertineat,
1784 1154 1903 1218 figu-

223 1227 469 1294 rantibus,
515 1234 708 1277 ceteros
756 1235 918 1277 autem
967 1227 1148 1276 nullius
1188 1227 1400 1276 hominis
1439 1243 1618 1277 nomen
1658 1229 1707 1276 in
1747 1227 1906 1277 titulis

222 1301 402 1351 habere
453 1301 692 1368 voluisse,
746 1303 874 1350 sicut
927 1302 971 1349 ei
1023 1302 1270 1350 varietatis
1318 1301 1466 1350 huius
1517 1301 1905 1367 dispositionem,

223 1377 442 1439 quamvis
481 1374 797 1440 latebrosam,
844 1390 942 1422 non
983 1380 1147 1423 tamen
1186 1377 1379 1424 inanem
1419 1374 1656 1424 Dominus
1695 1377 1904 1440 inspira-

221 1451 303 1498 vit.
379 1448 481 1497 Nec
537 1464 732 1497 movere
788 1447 933 1497 debet
988 1447 1046 1496 ad
1101 1447 1194 1497 hoc
1248 1464 1345 1497 non
1401 1449 1725 1515 credendum,
1772 1448 1901 1513 quod

222 1521 572 1572 nonnullorum
619 1524 815 1571 nomina
862 1521 1240 1588 prophetarum,
1287 1524 1372 1587 qui
1419 1522 1562 1588 longe
1602 1531 1713 1588 post
1753 1522 1902 1571 David

222 1598 352 1661 regis
408 1603 629 1661 tempora
684 1597 907 1661 fuerunt,
963 1594 1253 1659 quibusdam
1309 1596 1508 1661 psalmis
1558 1598 1609 1645 in
1664 1612 1721 1646 eo
1777 1597 1901 1645 libro

222 1669 453 1735 leguntur
497 1672 730 1735 inscripta
774 1676 823 1719 et
863 1684 986 1733 quae
1035 1668 1102 1717 ibi
1152 1669 1385 1719 dicuntur
1425 1670 1557 1719 velut
1595 1669 1655 1719 ab
1696 1672 1766 1719 eis
1807 1670 1903 1719 dici

221 1743 463 1793 videntur.
548 1743 718 1808 Neque
778 1745 909 1792 enim
963 1758 1062 1791 non
1112 1745 1274 1807 potuit
1325 1744 1645 1808 propheticus
1697 1746 1900 1809 spiritus

220 1817 535 1883 prophetanti
585 1819 690 1882 regi
741 1817 887 1866 David
940 1815 1060 1865 haec
1111 1818 1257 1866 etiam
1312 1818 1593 1866 futurorum
1640 1818 1900 1883 propheta-

220 1906 331 1940 rum
383 1893 579 1940 nomina
626 1891 869 1957 revelare,
923 1897 978 1939 ut
1024 1890 1232 1957 aliquid,
1281 1891 1410 1955 quod
1451 1907 1622 1940 eorum
1661 1906 1900 1956 personae

222 1966 528 2031 conveniret,
576 1965 863 2030 prophetice
912 1971 1219 2030 cantaretur3
1267 1966 1395 2013 sicut
1442 1980 1527 2013 rex
1568 1965 1719 2013 Iosias
1760 1980 1901 2013 exor-

222 2045 363 2087 turus
411 2045 460 2086 et
506 2045 802 2102 regnaturus
849 2045 962 2103 post
1008 2053 1160 2086 annos
1208 2038 1415 2102 amplius
1464 2053 1608 2102 quam
1648 2045 1900 2087 trecentos

221 2111 414 2160 cuidam
460 2111 751 2178 prophetae,
799 2113 882 2175 qui
930 2112 1075 2160 etiam
1128 2112 1253 2160 facta
1292 2112 1398 2160 eius
1440 2112 1605 2160 suttu¹a
1644 2110 1901 2176 praedixit,

221 2200 332 2233 cum
373 2199 462 2233 suo
503 2187 698 2234 nomine
738 2185 981 2234 revelatus
1021 2193 1110 2234 est.

886 2313 1081 2367 CAPUT
1114 2314 1231 2367 XV.

223 2409 299 2455 An
340 2409 528 2467 omnia,
577 2421 707 2467 quae
757 2408 806 2454 in
849 2409 1056 2468 psalmis
1104 2409 1166 2455 de
1211 2408 1407 2456 Christo
1448 2413 1495 2456 et
1534 2409 1747 2456 ecclesia
1780 2421 1900 2469 pro-

252 2483 556 2543 phetantur,
597 2482 668 2529 ad
704 2485 991 2530 contemtum
1030 2482 1179 2529 huius
1219 2483 1385 2542 operis
1424 2482 1712 2529 adhibenda
1750 2483 1862 2529 sint.

367 2582 509 2632 Nunc
560 2585 654 2631 iam
706 2583 957 2647 expectari
1005 2598 1030 2630 a
1076 2598 1153 2631 me
1207 2583 1369 2649 vide0,
1417 2590 1472 2632 ut
1510 2582 1602 2631 hoc
1642 2581 1748 2631 loco
1789 2581 1901 2630 libri

219 2656 367 2705 huius
422 2658 636 2721 aperiam
688 2656 804 2720 quid
859 2658 907 2704 in
963 2655 1162 2720 psalmis
1219 2656 1368 2705 David
1420 2656 1479 2704 de
1530 2655 1736 2704 Domino
1787 2654 1899 2703 lesu

339 2757 382 2809 5)
414 2755 495 2798 Mt.
530 2759 599 2811 22,
634 2759 702 2798 43.
767 2756 840 2809 20)
874 2755 945 2796 ps.
982 2759 1064 2796 145
1099 2767 1196 2809 sqq.
1260 2738 1332 2810 27)
1369 2760 1405 2797 1.
1437 2754 1550 2809 Reg.
1588 2758 1652 2798 13.

338 2890 393 2929 30
426 2885 688 2930 adhibenda
720 2886 789 2940 F,·
822 2885 1093 2942 coaptanda*
1114 2899 1139 2930 v
