2004 3140
566 138 633 170 DE
659 137 898 172 01v1⁷rATE
922 139 1011 172 Dm
1035 140 1075 171 11.
1100 141 1186 173 xx.
1211 139 1247 172 c,
1274 142 1327 174 26.
1693 127 1805 181 475

117 254 356 319 separatis
386 252 480 301 illis
511 250 808 318 hominibus,
850 252 1043 316 quando
1086 268 1170 302 eos
1211 268 1298 302 sua
1339 253 1398 302 de
1438 253 1665 318 paradiso
1706 255 1803 303 eie-

117 331 183 378 cit
214 328 460 393 iniquitaS,
501 324 662 374 eidem
692 325 824 390 ligno
858 328 1208 392 circumposita
1248 333 1324 376 est
1363 329 1505 392 ignea
1545 327 1802 377 terribilis-

117 417 211 467 que
252 397 509 450 custodia?

263 474 405 532 Quod
453 476 495 523 si
545 475 803 538 quisquam
851 473 959 523 illos
1008 474 1114 523 dies
1153 474 1272 539 ligni
1311 477 1466 540 vitae,
1507 491 1630 540 quos
1671 491 1802 524 com·

118 550 406 598 memoravit
428 547 669 613 propheta
693 547 876 613 EsaiaS,
908 550 1028 597 istos
1055 550 1140 612 qui
1165 564 1298 598 nunc
1325 556 1539 613 aguntur
1564 549 1800 599 ecclesiae
1835 558 1862 598 5

116 622 301 672 Christi
339 622 444 671 dies
478 637 586 671 esse
627 622 882 671 contendit
920 624 1182 687 ipsumque
1217 621 1471 671 Christum
1509 622 1697 687 lignum
1735 626 1802 672 vi-

113 705 190 746 tae
223 696 513 761 prophetice
546 696 748 762 dictum,
788 698 901 760 quia
933 699 1037 761 ipse
1079 703 1155 745 est
1194 698 1433 761 sapientia
1465 696 1568 762 Dei7
1609 697 1668 746 de
1710 712 1805 761 qua

116 770 346 820 Salomon
401 772 489 820 ait:
544 771 760 832 Lignum
815 773 948 820 vitae
995 777 1068 819 est
1114 773 1342 820 omnibus
1390 773 1805 833 amplectentibus

112 859 252 903 earm
302 860 392 894 nec
445 860 600 893 annos
652 846 811 909 egisse
865 845 1054 909 aliquos
1101 846 1151 893 in
1201 844 1427 909 paradiso
1468 844 1577 893 illos
1617 847 1804 910 primos

83 919 352 986 ‘homines
391 918 521 968 unde
562 926 662 968 tam
702 920 799 967 cito
841 920 985 968 eiecti
1027 926 1167 984 sunt,
1207 926 1262 968 ut
1301 918 1490 968 nullum
1530 919 1598 968 ibi
1637 920 1803 984 gigne·
1839 928 1895 968 10

112 1000 226 1042 rent
272 993 449 1058 filium,
497 999 547 1042 et
594 993 703 1042 ideo
755 1007 855 1041 non
902 1008 1047 1057 posse
1095 992 1216 1042 illud
1257 999 1452 1057 tempus
1492 992 1711 1057 intellegi
1750 994 1802 1041 in

113 1083 171 1116 eo
219 1067 351 1131 quod
400 1067 586 1116 dictum
635 1073 732 1116 est:
781 1067 926 1116 Sicut
973 1068 1148 1116 diebus
1181 1069 1415 1130 pristinis
1455 1073 1504 1116 et
1540 1069 1672 1116 sicul
1713 1082 1801 1116 an-

112 1144 192 1191 nis
240 1143 526 1204 prioribus:
583 1142 727 1190 istam
779 1147 1038 1205 praetereo
1095 1142 1467 1206 quaestionem,
1522 1156 1583 1189 ne
1641 1155 1803 1207 cogar,

113 1215 244 1280 quod
294 1214 540 1280 prolixum
591 1221 691 1280 est,
739 1221 917 1264 cuncta
965 1214 1214 1264 discutere
1227 1255 1241 1281 7
1288 1221 1342 1263 ut
1391 1214 1573 1279 aliquid
1624 1214 1805 1263 horum

111 1291 293 1338 veritas
343 1290 601 1338 manifesta
652 1289 923 1338 confirmet.
1001 1287 1151 1338 Video
1200 1290 1382 1354 quippe
1430 1289 1640 1338 alterum
1694 1304 1802 1337 sen·
1838 1297 1892 1337 15

113 1379 246 1429 sum,
293 1379 355 1412 ne
395 1363 500 1412 dies
546 1364 784 1427 pristinos
824 1369 875 1412 et
914 1378 1068 1412 annos
1107 1365 1302 1428 priores
1343 1363 1612 1411 carnalium
1654 1364 1803 1411 sacri·

111 1438 338 1487 ficiorum
371 1436 512 1486 nobis
544 1452 635 1501 pro
669 1452 843 1502 magno
884 1452 1091 1486 munere
1131 1452 1222 1501 per
1260 1436 1554 1502 prophetam
1592 1438 1800 1501 promis-

111 1527 192 1560 sos
240 1512 392 1560 fuisse
441 1511 714 1560 credamus
791 1510 990 1560 Hostiae
1040 1526 1251 1575 namque
1299 1511 1408 1559 illae
1459 1512 1642 1560 veteris
1681 1510 1804 1575 legis

109 1587 161 1635 in
209 1585 488 1651 quibusque
536 1585 801 1650 pecoribus
850 1578 1172 1635 inmaculatae
1214 1600 1269 1634 ac
1310 1588 1415 1635 sine
1456 1585 1555 1635 ullo
1595 1600 1802 1650 prorsus

109 1662 227 1709 vitio
267 1658 567 1708 iubebantur
606 1660 800 1725 offerri,
850 1666 898 1708 et
946 1659 1286 1723 significabant
1325 1659 1549 1708 homines
1590 1665 1802 1725 sanctOS‚
1835 1667 1893 1707 20

111 1733 269 1799 qualis
309 1733 444 1783 solus
481 1734 712 1782 inventus
753 1740 827 1782 est
868 1732 1123 1798 ChristuS,
1164 1735 1268 1782 sine
1310 1733 1408 1782 ullo
1450 1735 1648 1782 omnino
1688 1748 1802 1797 pec-

112 1815 233 1857 cato,
320 1807 534 1856 Proinde
591 1809 704 1871 quia
758 1814 871 1871 post
924 1807 1193 1872 iudicium,
1248 1822 1360 1856 cum
1416 1807 1602 1856 fuerint
1657 1808 1804 1855 etiam

111 1884 224 1947 igne
273 1881 516 1947 mundati,
563 1883 648 1945 qui
698 1882 804 1930 eius
853 1882 985 1930 modi
1032 1880 1350 1930 mundatione
1391 1888 1509 1930 sunt
1548 1880 1703 1945 digni,
1751 1882 1803 1929 in

113 1955 343 2005 omnibus
377 1956 561 2004 sanctis
587 1955 778 2004 nullum
809 1957 1090 2004 invenietur
1115 1957 1315 2004 omnino
1347 1961 1621 2021 peccatum,
1654 1961 1801 2018 atque

113 2032 181 2079 ita
236 2045 287 2078 se
342 2031 478 2093 ipsos
530 2030 740 2078 offerent
790 2031 842 2078 in
889 2031 1100 2096 iustitia,
1155 2035 1211 2078 ut
1258 2028 1379 2078 tales
1429 2029 1618 2077 hostiae
1670 2030 1804 2076 omni
1837 2034 1893 2076 25

113 2102 259 2152 modo
306 2102 629 2152 inmaculatae
678 2118 733 2151 ac
786 2105 890 2152 sine
941 2103 1039 2152 ullo
1087 2104 1204 2151 vitio
1253 2105 1352 2152 sint
1390 2103 1609 2168 futurae7
1658 2108 1806 2151 erunt

112 2177 336 2242 profecto
391 2179 519 2226 sicut
566 2178 789 2241 pristinis
847 2176 1021 2226 diebus
1070 2183 1119 2226 et
1170 2179 1299 2226 sicut
1347 2178 1489 2225 annis
1539 2175 1805 2242 prioribUS‚

115 2251 310 2316 quando
361 2252 412 2299 in
459 2250 634 2300 umbra
682 2250 829 2299 huius
877 2253 951 2300 rei
1002 2251 1198 2300 futurae
1238 2250 1589 2300 mundissimae
1631 2250 1803 2299 offere-

113 2324 296 2374 bantur
341 2324 546 2374 hostiae.
623 2323 754 2373 Haec
803 2327 899 2374 erit
949 2340 1160 2389 namque
1201 2324 1443 2374 munditia
1483 2331 1601 2373 tunc
1641 2325 1692 2372 in
1731 2324 1803 2372 in-

113 2398 310 2447 mortali
358 2414 505 2447 carne
557 2413 612 2447 ac
660 2406 825 2447 mente
874 2406 1184 2465 sanctorum,
1231 2414 1355 2463 quae
1403 2397 1706 2462 figurabatur
1753 2398 1804 2445 in
1838 2404 1895 2443 30

116 2472 309 2521 illarum
349 2471 641 2537 corporibus
681 2472 969 2522 hostiarum.

263 2545 449 2594 Deinde
480 2552 686 2610 propter
722 2561 821 2611 eoS‚
862 2548 947 2610 qui
980 2561 1078 2594 non
1110 2545 1444 2609 mundatione,
1485 2543 1568 2592 sed
1611 2543 1804 2592 damna-

115 2620 248 2667 tione
283 2626 398 2667 sunt
430 2619 584 2682 digni:
626 2619 692 2667 Et
722 2622 980 2679 accedam,
1024 2621 1198 2683 inquit,
1238 2621 1310 2667 ad
1339 2633 1422 2667 vos
1455 2621 1506 2667 in
1548 2619 1806 2676 iudicium,

236 2746 280 2800 9)
314 2746 448 2791 Prov.
481 2750 524 2801 3,
558 2751 625 2790 18.

238 2883 291 2923 15
325 2877 573 2923 manifesta
602 2878 670 2923 R²
706 2895 723 2932 ;
755 2877 1024 2924 manifestat
1054 2878 1151 2933 R1;
1181 2877 1479 2923 manifestata
1509 2877 1582 2921 Av
