2004 3140
210 147 319 201 528
893 157 927 191 S.
951 157 1227 194 Ancusmm

837 340 1036 396 CAPUT
1077 342 1275 396 XXIII.

268 451 455 499 Contra
498 451 780 512 opinionem
820 464 1006 511 eorum,
1048 452 1137 510 qui
1175 452 1351 499 dicunt
1389 466 1482 500 nec
1523 452 1714 500 diaboli
1749 465 1844 501 nec

379 526 633 573 hominum
673 526 919 572 malorum
951 529 1203 586 perpetua
1237 523 1422 585 futura
1460 527 1724 587 supplicia.

352 627 420 675 Ac
452 628 667 691 primum
701 628 872 690 quaeri
904 633 1100 691 oportet
1132 633 1277 692 atque
1319 629 1565 693 cognosci,
1605 643 1695 676 cur
1736 628 1891 677 eccle-

147 709 172 749 5
207 702 276 749 sia
309 701 439 749 ferre
474 702 752 764 nequiverit
791 700 1044 750 hominum
1090 701 1474 765 disputationem
1514 701 1705 750 diabolo
1747 704 1895 751 etiam

170 781 317 839 ,post
363 776 596 823 maximas
643 780 692 823 et
746 774 1144 823 diuturnissimas
1190 790 1372 839 poenas
1420 777 1763 839 purgationem
1815 775 1891 823 vel

203 847 557 912 indulgentiam
589 847 918 911 pollicentem.
979 847 1149 912 Neque
1183 850 1314 896 enim
1347 855 1420 897 tot
1460 850 1615 898 sancti
1655 856 1704 897 et
1737 851 1890 898 sacris

203 921 453 970 veteribus
502 936 557 970 ac
604 923 742 969 novis
789 921 966 970 litteris
1013 922 1197 971 eruditi
1251 922 1619 971 mundationem
1668 930 1717 972 et
1755 924 1897 987 regni

204 994 453 1044 caelorum
500 994 855 1044 beatitudinem
900 1002 1013 1060 post
1060 995 1440 1060 qualiacumque
1492 1003 1541 1045 et
1580 1003 1896 1060 quantacum-

117 1078 171 1118 10
204 1084 298 1132 que
351 1068 587 1133 supplicia
645 1068 1085 1134 qualibuscumque
1150 1076 1198 1118 et
1249 1071 1660 1134 quantiscumque
1712 1069 1896 1134 angelis

203 1142 507 1208 inviderunt,
554 1142 640 1191 sed
679 1145 844 1207 potius
883 1143 1114 1192 viderunt
1161 1143 1375 1192 divinam
1415 1145 1608 1192 vacuari
1649 1144 1723 1192 vel
1762 1144 1895 1192 infir·

202 1217 326 1264 mari
373 1231 473 1264 non
518 1231 663 1280 posse
714 1218 1034 1282 sententiam,
1094 1232 1239 1281 quam
1280 1233 1332 1266 se
1373 1217 1610 1266 Dominus
1650 1233 1895 1282 praenun-

202 1291 338 1338 tiavit
376 1291 427 1338 in
467 1289 647 1338 iudicio
697 1290 1006 1354 prolaturum
1051 1298 1197 1355 atque
1238 1291 1509 1340 dicturum:
1568 1293 1825 1341 Discedite
1864 1306 1896 1340 a

202 1378 292 1422 me,
332 1366 610 1425 maledicti,
660 1366 710 1412 in
751 1367 915 1424 iqnem
955 1370 1244 1425 aeternum,
1296 1367 1385 1425 qui
1415 1371 1634 1426 paratus
1674 1371 1748 1415 est
1786 1367 1894 1414 dia-

118 1445 170 1485 15
205 1438 313 1486 bolo
369 1443 417 1486 et
469 1439 662 1497 anyelz‘s
718 1440 824 1486 eius
880 1433 976 1504 (sic
1038 1440 1218 1503 quippe
1270 1437 1485 1486 ostendit
1531 1445 1731 1487 aeterno
1781 1440 1893 1503 igne

203 1509 449 1559 diabolum
490 1518 539 1559 et
590 1510 787 1574 angelos
827 1513 934 1560 eius
977 1506 1231 1578 arsuros);
1281 1519 1329 1559 et
1369 1512 1499 1575 quod
1541 1514 1780 1576 scriptum
1820 1519 1896 1561 est

201 1585 252 1632 in
293 1584 590 1648 apocalypsi:
631 1586 897 1645 DiaboluS,
939 1588 1027 1646 qui
1062 1587 1340 1634 seducebat
1379 1601 1474 1646 608,
1514 1588 1691 1635 missus
1731 1592 1806 1635 est
1843 1588 1896 1635 in

201 1662 435 1718 staqmcm
483 1660 614 1719 ignis
654 1663 703 1707 et
748 1660 1028 1720 sulphuriS,
1077 1674 1173 1720 quo
1214 1665 1263 1708 et
1305 1661 1463 1708 bestia
1503 1665 1552 1708 ec
1583 1662 1893 1722 pseudopro-

196 1733 380 1793 pheta;
420 1738 469 1780 et
499 1733 875 1781 cruciabuntur
916 1735 998 1781 die
1038 1748 1101 1782 ac
1141 1738 1286 1782 nocte
1326 1736 1377 1782 in
1416 1736 1625 1782 saecula
1663 1736 1891 1783 saeculo-

114 1814 170 1854 20
202 1819 329 1853 rum.
408 1804 549 1862 Quod
589 1805 658 1854 ibi
697 1805 883 1854 dictum
923 1812 998 1855 est
1046 1812 1327 1866 aeternum,
1376 1806 1454 1855 hic
1495 1807 1682 1855 dictum
1723 1813 1798 1855 est
1838 1810 1890 1856 in

199 1881 411 1928 saecula
457 1882 797 1945 saeculorum,
845 1879 1023 1943 quibus
1071 1879 1233 1928 verbis
1283 1880 1403 1928 nihil
1443 1882 1688 1944 scriptura
1728 1880 1890 1929 divina

201 1952 476 2016 significare
509 1954 777 2018 consuevit,
818 1955 912 2002 nisi
953 1953 1082 2016 quod
1124 1954 1270 2002 finem
1310 1969 1409 2002 non
1449 1953 1596 2002 habet
1635 1956 1888 2019 temporis,

202 2024 358 2082 Quam
406 2025 467 2074 ob
515 2041 621 2075 rem
667 2042 872 2090 prorsus
921 2042 1011 2075 nec
1058 2027 1147 2075 alia
1195 2042 1341 2076 causa
1389 2043 1479 2076 nec
1520 2030 1699 2076 iustior
1739 2035 1885 2092 atque

200 2099 506 2148 manifestior
545 2101 755 2148 inveniri
794 2107 971 2166 potest,
1011 2116 1100 2149 cur
1141 2103 1394 2149 verissima
1431 2103 1613 2165 pietate
1655 2107 1883 2150 teneatur

113 2181 168 2220 25
201 2172 351 2220 fixum
399 2178 448 2220 et
492 2173 723 2221 inmobile
771 2173 959 2222 nullum
1006 2189 1288 2237 regressum
1337 2174 1394 2222 ad
1436 2176 1673 2223 iustitiam
1712 2177 1880 2223 vitam-

201 2260 295 2308 que
337 2252 619 2294 sanctorum
667 2246 914 2295 diabolum
961 2253 1010 2295 et
1057 2246 1254 2311 angelos
1304 2249 1410 2296 eius
1450 2247 1735 2313 habituros,
1791 2250 1887 2297 nisi

201 2319 314 2382 quia
354 2320 620 2384 scriptura,
668 2335 802 2383 quaev
833 2321 1079 2368 neminem
1126 2320 1271 2385 fallit,
1318 2320 1438 2369 dicit
1483 2323 1555 2369 eis
1595 2321 1750 2370 Deum
1791 2337 1890 2370 non

198 2394 506 2458 pepercisse,
553 2399 603 2441 et
649 2395 719 2441 sic
767 2392 826 2441 ab
867 2393 948 2442 illo
991 2409 1097 2442 esse
1138 2395 1341 2442 interim
1386 2394 1783 2460 p1·aedamnatOS‚
1832 2402 1889 2444 ut

201 2465 483 2514 carceribus
523 2466 743 2530 caliginis
781 2467 928 2515 inferi
967 2469 1150 2516 retrusi
1191 2467 1515 2516 traderentur
1556 2468 1782 2517 servandi
1820 2475 1888 2517 at—

112 2549 168 2588 30
201 2553 296 2602 que
352 2539 522 2588 ultimo
572 2540 753 2589 iudicio
800 2541 1060 2605 puniendi,
1116 2540 1309 2604 quando
1368 2557 1451 2590 eos
1492 2550 1723 2590 aeternus
1762 2543 1889 2606 ignis

327 2667 398 2740 ¹5.)
431 2667 512 2709 Mt.
547 2670 618 2723 25,
651 2672 721 2712 41.
786 2669 858 2722 2ο)
894 2667 1038 2724 Apoc.
1072 2672 1142 2723 20,
1179 2672 1231 2710 10
1265 2683 1331 2723 sq.
1394 2669 1468 2724 28)
1502 2673 1542 2711 2.
1573 2668 1694 2712 Petr.
1729 2673 1770 2724 2,
1802 2673 1843 2712 4.

205 2827 603 2942 (4391442)diabu]0
634 2828 680 2871 R
711 2832 751 2872 et
781 2830 847 2872 sic
878 2830 1028 2873 crebro
1052 2831 1067 2885 Ι]
1093 2834 1146 2873 18
1179 2830 1609 2886 pseudoprophetae
1643 2844 1763 2874 cruc.
1795 2829 1887 2874 ΕΑ
