2044 3146
601 152 667 184 ma
693 149 931 185 cwrra'm
957 151 1045 184 DEI
1069 151 1110 185 L.
1133 150 1238 185 xm.
1265 151 1302 186 c.
1327 152 1380 185 32.
1735 140 1838 192 177

147 270 260 314 eum
311 267 362 314 et
415 265 466 312 in
521 265 895 312 similitudinem
951 265 1198 323 adduxit;
1253 265 1394 314 cuius
1450 262 1838 332 similitudinem,

148 339 245 388 nisi
298 335 430 387 illius
486 335 616 386 unde
675 336 793 386 dicit
850 337 1124 403 apostolus:
1187 339 1286 398 Qui
1327 341 1540 402 proprio
1582 341 1690 398 filio
1738 335 1837 388 non

140 413 388 476 pepercit,
427 413 520 460 sed
542 425 640 474 pro
674 412 815 460 nobis
847 413 1075 461 omnibus
1116 413 1332 462 tradidit
1364 413 1508 462 eum?
1569 411 1836 477 Propterea

148 492 197 535 et
236 485 396 551 Isaac,
445 486 574 534 sicut
614 484 852 534 Dominus
900 499 1100 535 crucem
1150 500 1310 550 suam,
1357 487 1424 534 ita
1469 485 1563 535 sibi
1610 485 1736 551 ligna
1778 485 1837 535 ad

146 560 371 609 victimae
411 557 597 624 locum,
645 557 825 622 quibus
866 559 1027 608 fuerat
1067 566 1115 608 et
1154 559 1489 625 inponenduS,
1529 561 1632 625 ipse
1673 566 1834 625 porta·
1870 569 1896 609 5

147 634 230 683 vit.
313 631 572 682 Postremo
629 634 743 697 quia
792 631 925 682 Isaac
981 633 1140 682 occidi
1187 648 1286 682 non
1334 632 1614 700 oportebat,
1666 641 1838 699 postea

148 721 295 772 quam
335 713 410 755 est
441 711 583 771 pater
615 705 764 755 ferire
804 705 1099 772 prohibituS,
1142 709 1251 773 quis
1292 714 1397 756 erat
1436 706 1516 755 iile
1558 709 1701 772 arieS,
1741 722 1836 772 quo

146 780 395 830 immolato
445 779 702 845 impletum
750 787 824 830 est
865 781 1185 846 significativo
1226 782 1463 846 sanguine
1505 777 1839 830 sacrificium?

146 854 331 920 Nempe
381 853 576 919 quando
626 869 738 903 eum
794 855 912 904 vidit
959 854 1224 921 Abraham,
1281 853 1514 904 cornibus
1561 857 1611 904 in
1658 855 1838 904 frutice

147 927 423 978 tenebatur.
501 926 622 986 Quis
671 942 788 992 ergo
835 927 918 978 illo
967 928 1293 994 figurabatur,
1342 930 1436 978 nisi
1484 927 1644 995 Iesus,
1700 934 1833 978 ante·
1869 936 1924 979 10

146 1017 293 1066 quam
333 1001 686 1064 immolaretur,
724 1003 879 1067 spinis
919 1001 1129 1052 Iudaicis
1170 999 1475 1052 coronatus?

296 1074 394 1124 Sed
434 1074 595 1124 divina
633 1089 724 1140 per
763 1075 990 1141 angelum
1030 1075 1178 1126 verba
1218 1078 1382 1143 potius
1422 1076 1690 1126 audiamus,
1758 1076 1837 1126 Ait

146 1150 327 1214 quippe
384 1151 654 1214 scriptura:
721 1150 788 1197 Et
841 1152 1068 1199 extendit
1118 1151 1380 1200 Abraham
1438 1164 1640 1199 manum
1694 1165 1837 1199 suam

142 1237 344 1273 sumere
382 1225 722 1285 machaeram,
763 1228 820 1271 ut
857 1225 1116 1274 occideret
1147 1226 1311 1284 filium
1349 1239 1507 1273 suum.
1586 1225 1651 1272 Et
1690 1238 1834 1274 voca-

144 1299 216 1347 vit
269 1300 404 1346 illum
455 1299 666 1359 anqelus
704 1297 909 1346 Domini
953 1299 1016 1347 de
1063 1301 1204 1349 caelo
1252 1303 1302 1348 et
1340 1299 1495 1347 dixit:
1542 1298 1834 1347 Abraham!
1871 1299 1925 1346 15

146 1371 239 1420 Ille
263 1377 430 1420 autem
456 1373 614 1420 dixit:
646 1371 784 1420 Ecce
807 1385 914 1433 eqo.
977 1372 1045 1420 Et
1075 1374 1231 1422 divit:
1270 1372 1381 1422 Non
1416 1373 1599 1422 inicias
1630 1385 1833 1433 manum

143 1449 282 1494 tuam
326 1459 481 1508 super
521 1459 761 1508 puerum,
807 1459 970 1507 neque
1009 1444 1186 1507 facias
1229 1449 1303 1495 illi
1347 1448 1646 1507 quicquam;
1696 1461 1834 1495 nunc

143 1519 276 1569 enim
315 1521 444 1569 scivi
471 1521 593 1581 quia
626 1521 766 1568 times
799 1519 959 1568 Deum
1000 1526 1152 1580 tuum,
1193 1525 1243 1570 et
1280 1534 1380 1569 non
1411 1522 1694 1583 pepercisti
1724 1522 1833 1579 sitio

145 1597 232 1642 tuo
279 1594 460 1643 dilecto
503 1598 716 1655 propter
761 1607 850 1642 me.
937 1594 1084 1644 Nunc
1130 1596 1258 1644 sciui
1305 1593 1489 1643 dictum
1540 1600 1614 1643 est
1659 1608 1832 1658 „nunc

144 1667 264 1714 sciri
296 1661 443 1731 feci“;
483 1681 644 1730 neque
678 1667 809 1715 enim
842 1666 934 1715 hoc
975 1666 1195 1717 nondum
1226 1666 1412 1716 sciebat
1445 1665 1591 1716 Deus.
1647 1666 1832 1716 Deinde
1866 1676 1924 1717 20

146 1741 300 1788 ariete
332 1739 415 1788 illo
448 1739 697 1789 immolato
729 1754 821 1804 pro
852 1739 986 1789 Isaac
1027 1739 1126 1789 filio
1166 1756 1256 1790 suo
1298 1743 1508 1802 vocavit,
1548 1748 1603 1789 ut
1641 1741 1837 1805 legitur,

146 1813 407 1862 Abraham
462 1827 640 1863 nomen
694 1815 795 1862 loci
846 1816 1004 1862 illius:
1059 1815 1303 1864 Dominus
1353 1816 1504 1869 vidit;
1558 1819 1614 1862 ut
1663 1816 1841 1863 dicant

145 1888 320 1935 hodie:
369 1887 432 1935 In
478 1891 643 1937 monte
687 1886 933 1936 Dominus
979 1890 1234 1950 apparuit.
1314 1886 1453 1936 Sicut
1501 1885 1688 1936 dictum
1740 1893 1838 1936 este

148 1961 297 2010 Nunc
350 1962 500 2020 scivi,
558 1975 648 2025 pro
703 1975 762 2008 eo
816 1959 946 2025 quod
1003 1969 1078 2010 est
1125 1976 1258 2010 nunc
1307 1962 1425 2010 sciri
1473 1960 1590 2010 feci:
1643 1962 1711 2010 ita
1757 1960 1837 2009 hic

147 2034 391 2084 Dominus
430 2036 581 2092 vidit,
635 2048 726 2099 pro
774 2048 832 2083 eo
881 2034 1013 2099 quod
1053 2042 1130 2084 est
1167 2034 1407 2084 Dominus
1447 2036 1698 2100 apparuit,
1743 2034 1837 2083 hoc
1870 2044 1927 2084 25

147 2114 226 2156 est
263 2107 420 2157 videri
459 2119 512 2157 se
552 2107 684 2157 fecit.
761 2108 829 2156 Et
864 2111 1065 2159 vocavit
1101 2112 1313 2171 anqelus
1344 2109 1548 2158 Domini
1578 2108 1839 2158 Abraham

143 2183 368 2231 secundo
420 2183 484 2231 de
533 2184 676 2232 caelo
723 2182 922 2232 dicens:
977 2183 1080 2232 Per
1133 2197 1210 2233 me
1260 2185 1421 2246 ipsum
1467 2183 1658 2243 iuravi,
1714 2183 1840 2232 dicit

145 2255 406 2315 Dominus,
439 2261 653 2319 propter
683 2257 820 2317 quod
843 2254 1020 2316 fecisti
1055 2257 1262 2306 verbum
1299 2258 1396 2306 hoc
1435 2261 1485 2305 et
1522 2270 1621 2306 non
1654 2271 1836 2319 peper*

146 2330 265 2378 cisti
295 2330 403 2387 filio
452 2334 537 2379 tuo
576 2331 759 2379 dilecto
799 2335 1015 2392 propter
1060 2343 1159 2395 me,
1214 2333 1315 2380 nisi
1352 2331 1654 2380 benedicens
1691 2331 1835 2379 bene-

145 2403 316 2451 dicam
356 2407 425 2462 te,
475 2408 526 2452 et
568 2404 909 2466 multiplicans
947 2405 1288 2466 multiplicabo
1327 2418 1492 2454 semen
1534 2410 1674 2452 tuum
1712 2409 1835 2452 tam·
1869 2413 1930 2453 30

146 2489 299 2536 quam
351 2476 522 2526 stellas
575 2479 710 2527 caeli
771 2482 819 2527 et
873 2483 1125 2539 tamquam
1187 2479 1457 2542 harenam,
1512 2491 1644 2538 quae
1690 2479 1837 2526 iuxta

269 2575 313 2628 3)
344 2573 476 2617 Rom.
510 2577 551 2629 8,
583 2578 653 2618 32.

270 2709 295 2747 2
315 2705 436 2749 unde
463 2705 779 2759 VRAFaez,
797 2710 904 2760 12)‚·
922 2708 979 2751 de
997 2720 1086 2764 quo
1103 2720 1128 2750 v
1153 2709 1169 2763 u
1191 2706 1314 2750 idem
1333 2708 1480 2763 apost.
1499 2719 1524 2750 v
1548 2708 1563 2763 fl
1587 2710 1613 2749 3
1630 2705 1763 2750 illum
1779 2719 1806 2748 v
1822 2705 1837 2763 Η

146 2767 176 2806 5
203 2764 250 2806 et
275 2763 338 2815 V;
369 2776 495 2808 om.v
518 2766 534 2821 ΙΙ
560 2769 610 2808 11
638 2764 834 2809 iudaicis
858 2765 1053 2818 RAFv‚·
1083 2765 1262 2810 iudaeis
1298 2765 1361 2818 V,·
1393 2779 1420 2808 a
1443 2764 1622 2808 iudaeis
1647 2765 1726 2818 bes
1739 2765 1755 2821 ΙΙ
1781 2768 1835 2807 18

147 2823 284 2865 tuum
316 2821 448 2865 VRA
481 2828 531 2866 ut
555 2823 719 2880 Gypr.;
750 2826 803 2868 tu
820 2824 923 2881 qu
946 2827 961 2880 u
987 2830 1041 2868 23
1066 2824 1186 2869 dom.
1212 2824 1261 2867 in
1284 2826 1440 2868 monte
1477 2823 1520 2867 V
1537 2826 1552 2880 ΙΙ
1576 2828 1631 2867 27
1663 2825 1838 2868 memeia

151 2882 298 2936 ”113⁰
330 2879 450 2924 sicut
483 2881 641 2925 stellas
673 2895 698 2926 v
721 2883 738 2938 ΙΙ
762 2887 814 2926 31
851 2897 970 2938 quae
1012 2882 1121 2937 VR·
1154 2896 1271 2939 quae
1306 2885 1377 2927 est
1407 2883 1478 2926 Av

240 2969 334 2994 Auo.
359 2970 412 2994 nn
438 2969 514 2996 σιν.
538 2970 619 2995 mn.
664 2963 716 2997 Π.
1426 2960 1479 2999 12
