2004 3140
509 170 575 202 DE
598 167 836 202 CIVITATE
860 169 947 200 Dm
971 169 1013 201 L.
1040 168 1146 200 m.
1171 167 1208 201 c.
1234 169 1286 201 13.
1311 168 1365 201 14.
1673 155 1779 208 379

85 283 252 332 :salute
303 288 351 331 et
396 280 732 331 incolumitate
781 295 834 329 ac
886 282 1119 330 societate
1161 282 1238 330 sui
1277 282 1496 346 generiS,
1544 287 1592 329 et
1634 295 1779 344 quae-

85 371 191 421 -que
242 356 357 405 huic
406 355 516 420 paci
565 354 641 403 vel
694 354 905 404 tuendae
956 354 1031 403 vel
1078 354 1444 419 recuperandae
1500 356 1777 404 necessaria

85 436 211 480 sunt
249 424 404 496 (sicut
443 443 522 495 ea,
562 443 686 493 quae
726 435 836 493 apte
877 444 931 478 ac
972 430 1324 477 convenienter
1363 428 1585 477 adiacent
1625 430 1779 478 sensi-

93 502 203 569 buS,
241 502 324 552 lux
355 518 463 570 vox,
502 517 649 552 aurae
682 502 938 567 spirabiles
971 517 1123 567 aquae
1156 501 1410 567 potabileS,
1450 508 1499 551 et
1539 501 1778 566 quidquid

84 575 153 626 -ad
207 576 438 626 alendum
500 576 766 641 tegendum
833 575 1104 625 curandum
1169 576 1542 640 ornandumque
1598 591 1779 640 corpus
1813 583 1838 623 5

95 645 378 717 congruit),
430 666 488 700 eo
528 658 671 715 pacto
712 652 1035 715 aequissimo,
1085 656 1166 716 ut,
1217 651 1302 714 qui
1341 649 1561 699 mortalis
1601 648 1779 698 talibus

96 723 239 773 bonis
277 726 386 789 paci
418 725 696 774 mortalium
737 724 1119 773 adcommodatis
1159 731 1297 773 recte
1336 739 1458 773 usus
1499 724 1662 788 suerit,
1703 738 1779 772 ac-

37 826 40 829 -
91 797 242 862 cipiat
281 798 516 863 ampliora
548 805 693 863 atque
736 798 951 865 meliora,
991 800 1146 862 ipsam
1187 797 1376 847 scilicet
1415 797 1780 847 inmortalitatis

92 885 263 936 pacem
321 875 464 937 eique
521 875 893 922 convenientem
942 872 1145 937 gloriam
1196 878 1245 921 et
1294 872 1534 920 honorem
1585 873 1633 920 in
1683 873 1778 920 vita

90 952 292 995 aeterna
332 946 390 995 ad
431 946 694 996 fruendum
736 946 835 995 Deo
877 954 925 995 et
964 947 1186 1010 proximo
1226 947 1277 994 in
1318 945 1439 1011 De03
1490 947 1574 1010 qui
1614 952 1779 994 autem
1814 952 1868 992 10

84 1023 367 1087 perperam,
408 1036 498 1070 nec
538 1020 618 1069 illa
656 1022 862 1085 accipiat
901 1027 950 1069 et
991 1019 1108 1069 haec
1149 1021 1352 1069 amittat.

747 1207 942 1262 CAPUT
982 1205 1128 1260 XIV.

92 1316 169 1365 De
208 1317 387 1365 ordine
433 1331 496 1365 ac
543 1319 651 1377 leqe
698 1318 803 1365 sive
841 1317 1048 1365 caelesti
1083 1317 1186 1364 sive
1225 1320 1452 1374 terrena,
1495 1330 1592 1377 per
1630 1329 1780 1376 quam

241 1392 474 1439 societati
509 1392 761 1439 humanae
800 1393 950 1440 etiam
991 1391 1294 1439 dominando
1336 1391 1632 1449 consulitur,

542 1466 631 1514 cui
668 1469 717 1513 et
754 1465 1059 1514 consulendo
1097 1465 1333 1512 servitur.
1814 1469 1868 1509 15

244 1564 416 1615 Omnis
466 1568 617 1631 igitur
668 1582 788 1616 usus
839 1582 1008 1616 rerum
1058 1566 1402 1631 temporalium
1452 1566 1670 1616 refertur
1721 1566 1778 1615 ad

96 1639 313 1690 fructum
345 1641 480 1706 pacis
511 1647 739 1690 terrenae
779 1643 829 1689 in
869 1647 1067 1689 terrena
1107 1641 1323 1706 civitate3
1363 1642 1414 1689 in
1455 1640 1657 1689 caelesti
1697 1655 1779 1689 au-

92 1721 192 1762 tem
247 1715 441 1763 civitate
493 1714 710 1764 refertur
760 1714 817 1762 ad
869 1715 1086 1763 fructum
1136 1716 1271 1778 pacis
1321 1721 1564 1763 aeternae.
1651 1713 1778 1771 Qua-

91 1794 297 1852 propter
337 1789 379 1837 si
416 1787 723 1837 inrationalia
762 1803 983 1837 essemus
1031 1789 1314 1853 animantia,
1366 1786 1486 1836 nihil
1524 1794 1778 1852 appetere-

89 1875 204 1910 mus
243 1867 440 1926 praeter
479 1861 751 1911 ordinatam
791 1868 1176 1926 temperaturam
1215 1862 1428 1925 partium
1469 1863 1690 1926 corporis
1731 1867 1780 1910 et
1812 1867 1870 1907 20

91 1936 319 1998 «requiem
368 1937 748 2001 appetitionum3
796 1935 915 1984 nihil
967 1951 1084 2000 ergo
1123 1942 1320 2000 praeter
1359 1935 1576 1999 quietem
1616 1936 1779 1984 carnis

89 2014 144 2056 et
178 2010 368 2073 copiam
399 2008 719 2075 voluptatum,
759 2016 814 2058 ut
845 2025 937 2074 pax
970 2011 1193 2074 corporis
1232 2008 1492 2073 prodesset
1530 2010 1638 2072 paci
1678 2010 1778 2057 ani-

94 2097 215 2131 mae.
294 2082 346 2132 Si
401 2084 532 2131 enim
582 2083 710 2132 desit
758 2099 851 2148 pax
899 2085 1146 2148 corporiS,
1199 2083 1465 2147 impeditur
1513 2083 1658 2130 etiam
1706 2084 1779 2131 in·

94 2155 346 2205 rationalis
379 2158 566 2206 animae
599 2172 707 2223 pax,
747 2159 860 2221 quia
892 2159 1115 2221 requiem
1149 2158 1506 2221 appetitionum
1539 2157 1778 2220 consequi

93 2244 193 2278 non
225 2236 402 2296 potest.
463 2229 738 2295 Utrumque
772 2237 935 2280 autem
969 2231 1113 2280 simul
1150 2233 1194 2279 ei
1228 2231 1336 2295 paci
1374 2229 1590 2294 prodest,
1631 2244 1777 2293 quam
1810 2235 1866 2275 25

91 2305 224 2353 inter
275 2319 328 2353 se
378 2303 559 2354 habent
610 2307 769 2353 anima
809 2311 858 2354 et
897 2320 1106 2370 coerS,
1155 2305 1203 2353 id
1245 2311 1321 2352 est
1359 2304 1610 2352 ordinatae
1652 2305 1777 2352 vitae

92 2391 151 2426 ac
199 2377 383 2428 salutis
461 2377 600 2428 Sicut
646 2380 776 2427 enim
823 2393 994 2443 pacem
1045 2380 1268 2443 corporis
1317 2392 1478 2426 amare
1520 2392 1572 2426 se
1613 2383 1776 2425 osten-

97 2449 218 2500 dunt
257 2454 539 2519 animantia,
588 2468 700 2502 cum
753 2453 947 2517 fugiunt
986 2451 1227 2518 dolorem,
1276 2459 1324 2500 et
1363 2465 1533 2516 pacem
1573 2451 1777 2515 animae,

98 2539 210 2574 cum
258 2533 461 2591 propter
507 2526 768 2591 explendas
816 2525 1110 2590 indigentias
1163 2526 1518 2590 appetitionum
1558 2522 1775 2587 volupta-

97 2604 196 2647 tem
235 2607 535 2664 sequuntur:
574 2602 640 2649 ita
672 2605 881 2648 mortem
923 2599 1153 2664 fugiendo
1195 2600 1311 2647 satis
1351 2597 1583 2661 indicant,
1624 2611 1773 2660 quan·
1809 2603 1866 2643 30

25 2717 30 2721 ,
97 2678 202 2720 tum
242 2673 443 2738 diligant
489 2689 686 2740 pacem,
739 2688 833 2738 qua
885 2672 978 2722 sibi
1018 2671 1343 2721 conciliantur
1382 2672 1540 2719 anima
1581 2676 1627 2719 et
1669 2685 1776 2718 cor-

218 2849 239 2888 1
275 2859 483 2902 quaeque
501 2867 555 2882 =
571 2859 890 2902 quaecumque3
923 2845 981 2900 cf.
999 2844 1126 2889 Neue
1150 2844 1185 2886 I
1187 2844 1218 2886 I
1222 2843 1238 2868 2
1261 2856 1304 2898 p.
1331 2845 1423 2887 249
1446 2843 1463 2898 ΙΙ
1487 2846 1514 2885 4
1544 2855 1635 2885 uox
1665 2853 1753 2886 mss
1762 2857 1779 2894 ,-

100 2915 190 2946 nox
219 2917 245 2948 υ
277 2918 331 2948 ecc
362 2906 619 2949 coniectura.
656 2905 823 2949 Morelzf
845 2907 860 2961 ll
887 2909 939 2948 19
971 2901 1319 2948 inrationabilia
1350 2901 1394 2945 A
1424 2903 1551 2955 (381,
1584 2904 1662 2955 19)
