2004 3140
137 931 191 971 10

137 1302 190 1341 15

138 1671 192 1711 20

137 2040 192 2079 25

135 2408 192 2447 30

223 129 331 182 428
471 184 474 185 ⁷
897 141 931 174 s.
955 140 1230 176 AUGUs'rm

218 256 470 317 possidete
509 260 753 318 paratum
802 255 938 304 vobis
983 269 1218 316 reqnum,
1267 255 1362 303 nisi
1413 254 1505 303 alio
1545 254 1707 319 aliquo
1748 254 1910 322 modu,

223 327 366 393 longe
407 328 606 392 quidem
638 329 828 395 impari,
866 330 962 377 iam
1001 343 1134 377 nunc
1174 336 1438 394 regnarent
1478 344 1590 378 cum
1629 327 1710 377 illo
1752 330 1909 379 sancti

225 404 355 469 eiUS,
404 401 584 466 quibus
624 404 710 451 ait:
758 403 895 452 Ecce
934 417 1026 464 eqo
1065 404 1317 453 vobiscum
1355 418 1464 453 sum
1502 418 1660 465 usque
1700 405 1751 452 in
1792 417 1907 453 con-

223 479 601 526 summationem
639 479 855 526 saeculi:
895 477 1118 542 profecto
1158 492 1257 526 uon
1298 478 1446 527 etiam
1485 492 1617 527 nunc
1658 476 1910 526 diceretur

227 549 433 599 ecclesia
485 566 692 616 regnum
743 552 849 600 eius
900 566 1170 615 regnumve
1222 551 1483 601 caelorum.
1567 550 1689 600 Nam
1735 553 1909 615 utique

224 625 319 673 isto
369 631 590 690 tempore
639 626 688 673 in
738 640 891 690 regno
932 623 1020 674 Dei
1068 624 1294 674 eruditur
1335 624 1494 675 scriba
1532 624 1635 691 ille,
1676 626 1761 689 qui
1798 639 1915 690 pro-

224 698 322 748 fert
353 698 413 748 de
446 699 714 749 thensauro
748 715 836 749 suo
870 715 992 748 nova
1033 707 1082 750 et
1113 706 1294 766 vetera⁷
1333 699 1393 748 de
1434 715 1531 764 quo
1572 714 1720 764 supra
1759 698 1915 748 locuti

226 787 422 840 sumus3
463 780 512 823 et
544 774 604 823 de
637 774 843 823 ecclesia
875 773 1131 824 collecturi
1171 781 1287 823 sunt
1325 775 1504 822 zizania
1543 787 1788 822 messores
1826 771 1915 839 illi,

224 862 349 912 quae
388 849 615 913 permisit
662 863 775 897 cum
822 850 988 898 tritico
1036 847 1183 897 simul
1222 863 1448 897 crescere
1488 862 1646 912 usque
1687 846 1745 895 ad
1784 861 1910 895 mes·

225 936 351 988 sem3
393 921 522 987 quod
557 937 807 987 exponens
841 924 927 972 ait:
969 923 1149 973 Messis
1182 927 1255 972 est
1280 924 1401 982 finis
1431 923 1639 988 saeculi,
1670 935 1911 970 messores

224 1001 391 1045 autem
447 999 619 1058 anqeli
662 1003 791 1046 sunt.
871 997 1017 1047 Sicut
1070 1011 1193 1058 erqo
1241 998 1550 1058 colliquntur
1599 997 1814 1044 zizania
1865 1000 1915 1044 et

224 1071 334 1131 iqni
387 1072 776 1131 comburuntur,
830 1073 905 1120 sie
959 1074 1060 1120 erit
1112 1075 1163 1120 in
1220 1071 1646 1120 consummatione
1693 1071 1888 1119 saeculi
1892 1085 1912 1126 ;

223 1147 383 1195 mittet
421 1147 560 1204 filius
599 1146 813 1194 hominis
861 1148 1066 1206 anqelos
1104 1159 1243 1204 su03,
1292 1151 1341 1193 et
1378 1146 1615 1206 eolliyent
1653 1144 1716 1192 de
1754 1156 1912 1204 reqno

225 1219 331 1268 eius
371 1221 537 1268 omnia
584 1221 846 1268 scandala.
924 1218 1174 1283 Numquid
1214 1218 1274 1266 de
1314 1233 1467 1283 regno
1506 1217 1616 1283 illo,
1655 1216 1742 1266 ubi
1780 1215 1913 1266 nulla

226 1299 341 1342 sunt
389 1289 650 1341 scandala?
726 1291 794 1341 De
851 1294 943 1341 isto
993 1307 1109 1356 ergo
1159 1307 1311 1356 regno
1360 1293 1466 1341 eius
1479 1331 1492 1358 ,
1545 1291 1675 1356 quod
1717 1297 1791 1340 est
1830 1289 1910 1339 hic

227 1366 455 1432 ecclesia,
507 1366 815 1431 colligentur.
893 1365 1016 1414 Item
1064 1365 1202 1414 dicit:
1258 1366 1359 1425 Qui
1404 1368 1610 1415 solverit
1654 1379 1808 1414 unum
1849 1367 1912 1413 de

226 1442 478 1489 mandatis
520 1442 627 1489 istis
666 1442 883 1489 minimis
924 1446 972 1489 et
1011 1441 1246 1489 docuerit
1281 1442 1356 1489 sic
1395 1441 1640 1499 homine8‚
1680 1441 1913 1500 minimus

226 1515 491 1563 vocabitur
539 1516 590 1563 in
638 1529 796 1575 reyno
845 1517 1101 1564 caelorum
1111 1531 1130 1572 ;
1181 1516 1271 1575 qui
1315 1519 1480 1562 autem
1526 1511 1715 1574 fecerit
1753 1519 1801 1561 et
1837 1515 1912 1562 sie

227 1590 473 1653 docuerit,
512 1601 727 1649 magnus
766 1589 1033 1637 vocabitur
1074 1590 1124 1636 in
1165 1602 1322 1649 reqno
1363 1590 1634 1636 caelorum.
1699 1583 1910 1635 'Utrum-

228 1677 322 1725 que
371 1661 489 1710 dicit
539 1663 589 1709 in
639 1676 791 1726 regno
841 1661 1116 1726 caelorum,
1165 1667 1213 1710 et
1261 1662 1346 1725 qui
1396 1676 1495 1710 non
1535 1661 1650 1730 facit
1688 1659 1913 1709 mandata

217 1728 351 1799 'quae
392 1735 535 1783 docet
584 1729 702 1801 (hoc
755 1742 830 1784 est
869 1737 1000 1784 enim
1041 1734 1252 1784 solvere:
1299 1749 1398 1783 non
1438 1749 1662 1800 servare,
1706 1749 1805 1782 non
1847 1735 1912 1782 fa-

227 1803 392 1876 cere),
441 1815 490 1857 et
534 1807 672 1857 illum
720 1810 805 1873 qui
851 1809 967 1858 facit
1015 1815 1063 1857 et
1114 1810 1184 1857 sic
1233 1809 1402 1874 docet3
1450 1807 1535 1857 sed
1582 1810 1732 1857 istum
1771 1809 1911 1856 mini-

226 1897 375 1943 mum,
415 1882 554 1931 illum
586 1897 831 1946 magnum.
908 1881 970 1932 Et
1003 1884 1237 1931 continuo
1271 1889 1471 1932 secutus
1504 1881 1744 1945 adiungit:
1784 1882 1913 1931 Dico

230 1958 360 2006 enim
407 1957 543 2006 vobis
589 1959 732 2018 quia,
779 1959 880 2005 nisi
926 1958 1267 2006 abundaverit
1314 1958 1506 2006 iustitia
1555 1962 1722 2005 vestra
1760 1970 1914 2018 super

227 2031 516 2079 scribarum
543 2037 615 2086 ,et
661 2031 1083 2092 Pharisaeorum,
1129 2029 1178 2079 id
1227 2036 1302 2078 est
1348 2045 1498 2094 super
1538 2044 1644 2095 θος,
1693 2030 1778 2093 qui
1818 2027 1911 2077 sol—

226 2110 347 2152 vunt
402 2103 532 2167 quod
592 2103 771 2152 docent
826 2099 910 2170 (de
967 2103 1142 2152 scribis
1198 2105 1328 2152 enim
1377 2111 1424 2152 et
1463 2102 1740 2152 Pharisaeis
1791 2101 1910 2150 dicit

229 2175 321 2225 alio
354 2176 484 2226 loco:
532 2178 776 2235 Quoniam
817 2179 1007 2243 dicunt,
1047 2183 1096 2226 et
1132 2191 1231 2226 non
1265 2171 1510 2243 faciunt),
1549 2204 1617 2211 -
1659 2178 1756 2225 nisi
1794 2190 1913 2240 ergo

229 2265 378 2315 super
426 2249 518 2298 hos
558 2249 878 2299 abundaverit
916 2251 1101 2298 iustitia
1139 2257 1323 2316 vestra,
1363 2249 1411 2298 id
1452 2256 1553 2315 est,
1595 2257 1647 2298 ut
1685 2265 1771 2298 vos
1810 2264 1910 2297 non

230 2323 448 2390 solvatiS‚
501 2323 587 2372 sed
628 2323 814 2372 faciatis
864 2325 1029 2388 potius
1069 2322 1200 2387 quod
1240 2322 1450 2389 docetiS‚
1500 2337 1599 2372 non
1640 2323 1913 2383 intrabitis‘,

227 2398 403 2464 inquit,
443 2400 494 2447 in
526 2411 739 2458 reqnum
771 2400 1041 2446 caelorum.
1119 2396 1224 2445 Alio
1256 2396 1400 2445 modo
1435 2397 1586 2461 igitur
1624 2395 1909 2460 intellegen-

226 2470 343 2520 dum
383 2477 458 2520 est
497 2485 705 2536 regnum
738 2470 1001 2536 caelorum,
1040 2469 1125 2519 ubi
1164 2469 1305 2519 ambo
1346 2477 1475 2536 sunt,
1515 2476 1565 2519 et
1602 2469 1682 2518 ille
1723 2469 1911 2518 scilicet

337 2630 380 2683 1)
405 2627 486 2673 Mt.
514 2632 583 2683 25,
617 2633 686 2671 34.
751 2630 796 2683 4)
821 2627 885 2670 lb.
922 2630 991 2683 28,
1027 2631 1097 2673 20.
1162 2629 1204 2683 7)
1236 2626 1301 2671 Π).
1331 2631 1400 2682 13,
1433 2631 1503 2671 52.
1570 2626 1732 2682 14)1b.
1759 2630 1813 2670 39
1839 2640 1907 2681 sq.

224 2684 296 2740 19)
329 2685 395 2730 lb.
428 2690 468 2742 5,
505 2691 572 2731 19.
636 2688 709 2743 27>
742 2686 807 2730 lb.
842 2690 912 2742 23,
945 2691 983 2731 3.
1049 2689 1122 2743 30)
1155 2686 1220 2731 Ib.
1256 2691 1296 2742 5,
1329 2690 1398 2730 20.

339 2881 394 2920 25
429 2890 567 2932 super
601 2891 678 2921 eos
710 2891 822 2932 mss5
854 2891 991 2934 super
1021 2876 1244 2921 iustitiam
1281 2891 1442 2921 eoi-um
1474 2889 1498 2921 τ
1523 2877 1537 2932 1}
1562 2880 1615 2920 ‘28
1669 2889 1746 2920 eos
1780 2890 1802 2918 v
1843 2906 1846 2911 -
