2004 3140
582 128 648 160 DE
673 127 911 161 CIVITATE
934 128 1021 160 Dm
1043 129 1086 160 L.
1110 128 1214 161 XXI.
1239 128 1276 162 c.
1300 130 1331 162 8.
1694 117 1803 170 505

115 242 209 292 hoc
248 258 348 292 uno
387 241 730 307 adtendamus,
771 242 900 310 quod
941 241 999 291 ad
1040 257 1171 308 rem,
1212 242 1271 291 de
1313 257 1408 306 qua
1448 244 1651 309 agimus,
1690 258 1801 307 per-

115 319 252 367 tinet.
331 316 457 374 Quid
505 317 572 364 ita
619 316 914 380 dispositum
965 323 1040 366 est
1086 316 1146 364 ab
1194 324 1394 366 auctore
1435 323 1638 366 naturae
1679 317 1802 366 caeli

116 398 165 440 et
195 398 372 457 terrae,
405 405 549 454 quem
583 389 641 438 ad
667 389 867 439 modum
901 405 1078 440 cursus
1111 390 1508 440 ordinatissimus
1541 387 1800 440 siderum?

117 463 242 522 Quid
302 470 396 513 tam
452 465 572 512 ratis
627 463 819 528 legibus
881 464 1088 528 fixisque
1144 462 1428 513 firmatum?
1503 465 1566 514 Et
1619 471 1799 531 tamen,

116 537 310 602 quando
350 537 430 586 ille
470 536 650 605 voluit,
690 540 774 601 qui
815 553 1006 587 summo
1046 540 1175 603 regit
1213 539 1420 602 imperio
1462 554 1516 587 ac
1555 545 1799 603 potestate
1832 547 1858 588 5

115 611 244 675 quod
287 611 526 678 condidit,
581 611 720 660 stella
766 627 883 676 prae
933 614 1113 660 ceteris
1168 613 1503 676 magnitudine
1544 628 1599 661 ac
1641 612 1801 676 splen-

114 685 231 734 dore
271 687 527 734 notissima
567 685 806 751 colorem,
852 686 1267 752 magnitudinem,
1307 686 1514 750 figuram
1556 693 1604 734 et
1645 683 1802 752 (quod

114 765 189 807 est
244 754 543 825 mirabilius)
607 761 684 808 sui
741 774 918 808 cursus
982 759 1205 808 ordinem
1259 760 1517 824 legemque
1580 761 1800 808 mutavit.

113 831 350 882 Turbavit
381 834 605 898 profecto
638 840 772 900 tunc,
812 835 853 882 si
886 833 972 881 ulli
1004 835 1100 882 iam
1134 834 1352 900 fuerunt,
1392 849 1606 882 canones
1646 841 1800 882 astro-

111 906 351 972 logorum,
393 921 517 971 quos
548 906 682 956 velut
719 906 975 955 inerrabili
1015 909 1380 972 computatione
1421 907 1480 956 de
1520 909 1801 972 praeteritis
1836 917 1890 957 10

114 995 169 1028 ac
224 981 406 1029 futuris
461 988 709 1030 astrorum
762 980 978 1030 motibus
1034 983 1343 1046 conscriptos
1397 980 1609 1047 habent,
1673 996 1796 1045 quos

112 1069 325 1103 canones
359 1054 610 1119 sequendo
644 1057 750 1104 ausi
783 1062 899 1106 sunt
931 1055 1111 1122 dicere,
1151 1055 1260 1121 hoc,
1300 1056 1430 1119 quod
1472 1055 1531 1104 de
1571 1055 1800 1104 Lucifero

114 1130 340 1193 contigit,
391 1144 482 1177 nec
524 1136 667 1177 antea
705 1144 797 1178 nec
836 1135 1009 1193 postea
1049 1131 1329 1194 contigisse.
1406 1129 1506 1178 Nos
1547 1137 1711 1178 autem
1749 1131 1801 1177 in

112 1201 288 1250 divinis
326 1201 467 1251 libris
505 1202 714 1267 legimus
755 1205 902 1251 etiam
943 1202 1096 1251 solem
1134 1205 1296 1268 ipsum
1338 1210 1385 1252 et
1426 1205 1647 1270 stetisse,
1687 1218 1798 1252 cum
1843 1203 1850 1210 '

111 1275 204 1324 hoc
238 1291 264 1323 a
295 1275 503 1324 Domino
534 1275 636 1324 Deo
668 1278 924 1341 petivisset
954 1279 1029 1325 vir
1061 1283 1261 1326 sanctus
1292 1276 1432 1326 Iesus
1464 1277 1611 1343 Nave,
1644 1277 1800 1326 donec
1834 1285 1888 1325 15

114 1356 343 1414 coeptum
394 1349 638 1414 proelium
689 1352 892 1400 victoria
934 1352 1244 1418 terminaret,
1284 1358 1334 1400 et
1372 1357 1650 1400 retrorsum
1689 1351 1798 1400 red-

108 1424 229 1490 isse,
275 1431 331 1472 ut
381 1426 488 1488 regi
528 1423 762 1473 Ezechiae
816 1425 1099 1489 quindecim
1154 1426 1269 1474 anni
1318 1425 1377 1474 ad
1416 1425 1679 1474 vivendum
1718 1424 1798 1491 ad·-

111 1495 199 1545 diti
236 1496 332 1546 hoc
365 1499 512 1546 etiam
543 1499 766 1562 prodigio
798 1500 1115 1563 promissioni
1154 1498 1243 1548 Dei
1283 1499 1680 1563 significarentur
1719 1498 1798 1546 ad-

109 1572 294 1620 iuncto.
373 1571 468 1620 Sed
531 1574 623 1621 ista
687 1588 883 1637 quoque
939 1573 1196 1634 miracula,
1259 1588 1383 1636 quae
1438 1574 1629 1622 meritis
1685 1578 1801 1621 sunt

111 1659 344 1694 concessa
393 1652 703 1711 sanctorum,
759 1646 954 1710 quando
1005 1646 1215 1695 credunt
1262 1648 1346 1695 isti
1393 1647 1544 1713 facta,
1598 1647 1799 1710 magicis
1831 1655 1888 1695 20

111 1717 301 1767 artibus
340 1718 580 1768 tribuunt.
658 1718 797 1768 Unde
837 1719 958 1768 illud
1000 1727 1097 1787 est,
1146 1719 1277 1784 quod
1318 1722 1548 1785 superius
1589 1734 1799 1768 comme-

111 1794 297 1841 moravi
337 1792 519 1842 dixisse
560 1792 850 1858 Vergilium:

257 1895 442 1945 Sistere
484 1914 665 1960 aquam
703 1898 868 1947 fluviis
911 1901 961 1947 et
998 1901 1195 1947 vertere
1237 1898 1401 1946 sidera
1440 1900 1590 1947 retro.

109 1998 231 2047 Nam
264 2006 313 2048 et
343 2000 548 2049 fluvium
581 2002 777 2048 stetisse
811 2002 1040 2064 superius
1079 2001 1389 2064 inferiusque
1428 1999 1645 2065 fluxisse,
1685 2015 1798 2048 cum

108 2072 322 2137 populus
354 2072 443 2122 Dei
475 2073 680 2122 ductore
715 2088 864 2138 supra
896 2081 1166 2122 memorato
1206 2073 1317 2122 Iesu
1357 2073 1486 2121 Nave
1527 2075 1653 2121 viam
1693 2087 1796 2121 car·
1830 2080 1885 2120 25

109 2154 276 2211 peret,
328 2154 377 2195 et
414 2146 553 2195 Helia
602 2146 842 2211 propheta
893 2154 1182 2196 transeunte
1231 2163 1286 2196 ac
1334 2154 1505 2211 postea
1557 2146 1796 2211 discipulo

110 2221 218 2269 eius
257 2219 483 2269 Helisaeo
522 2220 571 2269 id
613 2236 720 2270 esse
762 2221 945 2270 factum
983 2222 1034 2269 in
1075 2222 1228 2270 sacris
1266 2221 1447 2269 litteris
1485 2220 1708 2286 legimUS,
1749 2227 1798 2269 et

110 2302 245 2342 retro
301 2309 499 2343 versum
561 2295 713 2343 fuisse
777 2296 1042 2344 maximum
1099 2294 1235 2343 sidus
1296 2301 1533 2358 regnante
1587 2293 1797 2342 Ezechia

109 2366 255 2415 modo
308 2370 813 2418 commemoravimus
893 2367 1035 2425 Quod
1086 2358 1202 2417 vero
1251 2368 1309 2416 de
1358 2367 1589 2416 Lucifero
1641 2366 1794 2416 Varro
1832 2419 1834 2421 ,

111 2442 335 2507 scripsit,
390 2457 489 2490 non
546 2449 620 2491 est
673 2441 773 2491 illic
827 2442 1014 2492 dictum
1067 2442 1212 2491 alicui
1265 2443 1456 2506 petenti
1507 2441 1695 2490 homini
1744 2439 1794 2488 id
1827 2449 1884 2488 30

110 2513 263 2562 fuisse
305 2529 611 2564 concessum.

260 2586 370 2635 Non
403 2603 519 2652 ergo
554 2589 613 2637 de
646 2591 819 2638 notitia
858 2595 1147 2638 naturarum
1188 2588 1445 2652 caliginem
1484 2586 1579 2636 sibi
1618 2587 1797 2635 saciant

109 2659 346 2727 infideleS,
388 2663 526 2724 quasi
557 2677 655 2710 non
696 2665 853 2726 possit
883 2664 934 2711 in
967 2662 1127 2727 aliqua
1159 2677 1212 2710 re
1247 2661 1479 2710 divinitus
1511 2661 1620 2710 fieri
1652 2660 1796 2725 aliud,

231 2802 302 2856 16)
326 2801 411 2846 Ios.
440 2808 508 2858 10,
545 2808 612 2847 13.
677 2805 749 2859 19)
773 2803 896 2848 Esai.
922 2808 992 2859 38,
1026 2807 1066 2848 8.
1130 2804 1204 2859 23)
1229 2802 1341 2848 Aen.
1366 2807 1409 2859 4,
1442 2807 1542 2847 489.
1608 2803 1682 2858 26)
1707 2802 1794 2846 Ios,

109 2864 151 2914 4,
186 2865 254 2905 18.
317 2863 393 2917 27)
424 2866 465 2907 2.
497 2861 610 2918 Reg.
645 2866 687 2917 2,
719 2866 767 2916 8;
802 2867 869 2906 14.
