2044 3146
555 154 620 186 DE
643 151 881 186 CIVITATE
906 152 995 184 DEI
1018 152 1063 184 1..
1088 153 1212 184 xvn.
1237 151 1275 185 c.
1299 153 1352 185 ιι.
1379 152 1434 184 12.
1719 140 1823 192 231

144 283 198 317 se
240 283 266 316 a
306 267 550 316 contrario
590 266 841 314 civitatum
882 279 981 313 non
1019 266 1194 328 utique
1236 278 1356 313 vane
1396 265 1447 312 in
1487 265 1640 313 totius
1681 265 1825 313 ratio-

146 341 268 390 nalis
315 346 567 390 creaturae
614 337 946 403 pulcherrima
1000 344 1147 402 atque
1198 339 1469 387 iustissima
1519 337 1826 387 ordinatione

145 416 415 464 constituit.
490 411 676 461 Deinde
716 413 966 475 sequitur:
1020 412 1140 471 Quis
1179 417 1254 462 est
1290 413 1447 472 homo,
1487 414 1576 472 qui
1613 414 1743 460 vivet
1780 416 1830 461 et

144 498 241 538 non
275 488 460 536 videbit
488 490 710 546 mortem,
751 491 896 535 eruet
933 487 1153 535 animam
1191 499 1335 534 suam
1375 487 1437 535 de
1475 499 1628 534 mana
1670 484 1826 546 infer-

144 563 232 610 ni?
294 559 414 618 Quis
462 566 537 608 est
582 560 700 624 iste,
746 560 843 607 nisi
889 558 1162 608 substantia
1208 558 1289 606 illa
1335 558 1487 607 Israel
1539 574 1599 607 ex
1639 560 1825 607 semine
1861 568 1886 608 5

143 633 308 699 David,
333 632 558 682 Christus
582 628 756 682 Iesus?
810 631 878 681 De
905 647 1002 697 quo
1027 633 1144 682 dicit
1170 631 1436 698 apostoluS‚
1462 631 1592 696 quod
1615 647 1830 694 saryens

139 723 176 757 a
214 709 424 757 mortuis
462 710 563 756 iam
601 721 699 756 non
739 708 980 767 moritur,
1030 720 1164 756 mors
1203 709 1253 756 ei
1288 709 1426 756 ultra
1465 720 1564 755 non
1605 708 1828 755 domina-

138 783 292 830 bitur.
371 780 451 829 Sic
501 782 631 829 enim
670 781 799 829 vivet
838 786 887 828 et
926 795 1026 828 non
1064 779 1249 829 videbit
1287 788 1520 845 mortem,
1570 786 1628 829 ut
1664 786 1829 828 tamen

142 861 368 903 mortuus
419 855 594 920 fuerit,
645 853 731 903 sed
782 855 992 902 animam
1038 868 1176 903 suam
1225 855 1414 903 eruerit
1458 853 1518 902 de
1568 867 1716 902 manu
1755 855 1828 902 in-

142 929 286 994 ferni,
326 943 422 992 quo
461 935 665 992 propter
697 927 1006 992 quorundam
1045 927 1276 976 solvenda
1315 927 1509 976 inferna
1547 925 1826 976 vinela-de·
1863 937 1918 977 10

143 1001 423 1067 scenderat3
471 1003 659 1050 eruerit
705 1007 869 1050 autem
915 1007 1158 1066 potestate
1209 1000 1312 1066 illa,
1360 1000 1420 1049 de
1461 1015 1556 1065 qua
1594 1002 1646 1049 in
1687 1015 1827 1049 evan-

142 1074 270 1139 gelio
319 1074 460 1124 dicit:
514 1076 813 1125 Potestatem
860 1077 1020 1125 habeo
1058 1077 1286 1137 ponendi
1324 1077 1543 1124 animam
1582 1089 1742 1123 meam
1781 1079 1832 1125 et

135 1153 435 1210 potestatem
474 1150 634 1198 liabeo
674 1151 855 1198 iterum
893 1151 1125 1198 sumendi
1162 1163 1286 1198 eam.

808 1334 1005 1389 CAPUT
1045 1334 1164 1388 XII.

140 1442 225 1491 Aa
253 1456 465 1503 quorum
499 1457 770 1506 personam
804 1439 1066 1505 pertinere
1105 1444 1441 1504 intelleqenda
1479 1445 1544 1492 sit
1575 1444 1830 1504 slaqitatio
1866 1452 1918 1492 15

196 1519 573 1579 promissorum,
613 1518 676 1566 de
714 1518 895 1578 quibus
933 1519 985 1566 in
1021 1519 1214 1579 psalmo
1255 1519 1470 1566 dieitur:
1518 1517 1612 1566 Ubi
1648 1522 1766 1565 sunt

290 1593 637 1640 miserationes
676 1596 807 1651 tuae,
848 1591 1073 1651 Domine,
1112 1593 1355 1651 antiquae
1395 1595 1444 1640 et
1481 1596 1671 1640 cetera.

293 1691 389 1741 Sed
437 1699 600 1742 cetera
647 1692 822 1758 psalmi
868 1692 1039 1759 huiuS‚
1094 1709 1219 1757 quae
1266 1696 1333 1742 ita
1381 1708 1433 1742 se
1479 1692 1688 1742 habent:
1738 1693 1834 1742 Ubi

134 1771 258 1815 sunt
308 1769 654 1816 miserationes
704 1772 823 1816 tuae
872 1769 1133 1827 antiquae,
1191 1768 1421 1827 Domine,
1470 1782 1597 1828 quas
1646 1768 1833 1816 iurasti

142 1841 314 1888 David
343 1841 394 1888 in
426 1842 639 1889 veritate
671 1842 794 1888 tua?
855 1840 1121 1902 Memento,
1162 1841 1384 1900 Domine,
1424 1842 1687 1903 opprobrii
1722 1855 1828 1889 ser·
1863 1850 1920 1890 20

143 1927 317 1961 vorum
371 1917 596 1974 tuorum,
650 1915 788 1974 quod
842 1915 1071 1962 continui
1123 1916 1173 1962 in
1234 1917 1347 1963 sinu
1398 1928 1505 1963 meo
1559 1916 1830 1963 multarum

132 1988 392 2047 gentiam·
431 1989 568 2049 quod
597 1987 1039 2049 exprobraverunt
1070 1989 1265 2036 inimici
1294 1989 1381 2048 tui,
1422 1988 1658 2045 Domine;
1697 1988 1834 2048 quod

137 2061 606 2121 exprobraverunt,
661 2063 1092 2110 commutationem
1153 2061 1343 2109 Christi
1394 2063 1492 2121 tui,
1546 2067 1717 2110 utrum
1771 2075 1830 2109 ex

142 2147 353 2197 persona
400 2133 529 2183 dieta
577 2135 675 2183 sint
721 2133 917 2183 illorum
956 2133 1314 2200 Israelitarum‚
1364 2136 1448 2199 qui
1487 2132 1830 2183 desiderabant

143 2204 283 2254 reddi
339 2205 432 2256 sibi
487 2209 889 2273 promissionem,
944 2223 1068 2272 quae
1125 2208 1250 2257 facta
1306 2215 1381 2257 est
1435 2207 1494 2256 ad
1542 2207 1714 2274 David,
1769 2222 1830 2255 an
1863 2218 1921 2257 25

141 2281 306 2343 potius
362 2279 778 2347 Christianorum,
845 2282 930 2345 qui
983 2296 1082 2330 non
1137 2281 1411 2330 secundum
1466 2296 1690 2347 carnem,
1743 2280 1830 2329 sed

139 2352 416 2402 seeundum
466 2355 694 2419 spiritum
742 2362 858 2404 sunt
898 2354 1171 2420 Israelitae,
1223 2356 1398 2404 merito
1440 2357 1611 2419 quaeri
1650 2361 1829 2419 potest.

143 2424 281 2474 Dicta
337 2434 452 2476 sunt
507 2429 687 2493 quippe
750 2429 843 2477 ista
906 2428 982 2476 vel
1032 2430 1216 2493 scripta
1269 2435 1522 2493 tempore,
1585 2443 1682 2492 quo
1738 2428 1830 2476 suit

139 2498 344 2566 Aethan,
385 2500 442 2549 de
485 2503 626 2550 ouius
666 2503 863 2550 nomine
904 2501 1101 2550 titulum
1141 2503 1234 2551 iste
1273 2501 1490 2566 psalmus
1530 2502 1740 2566 accepit3
1781 2507 1831 2550 et

262 2643 305 2695 5)
338 2640 393 2684 V.
428 2646 495 2685 49.
559 2645 604 2699 8)
636 2643 768 2687 Rom.
803 2649 844 2700 6,
877 2649 917 2689 9.
982 2647 1053 2701 13)
1086 2644 1148 2690 Io.
1185 2649 1253 2700 10,
1289 2647 1356 2687 18.

265 2822 290 2858 4
330 2821 371 2859 et
410 2821 434 2860 9
474 2817 644 2861 inferni
682 2818 827 2862 RAF
852 2821 982 2873 (245,
1015 2823 1087 2875 5),·
1132 2818 1270 2863 inferi
1301 2832 1326 2863 υ
1365 2821 1380 2876 ΙΙ
1420 2825 1444 2863 7
1477 2833 1600 2863 mors
1630 2818 1753 2871 RA;
1784 2820 1832 2863 et

142 2889 205 2918 m.
237 2887 262 2917 v
293 2876 308 2930 ΙΙ
341 2880 394 2919 10
426 2875 606 2919 inferna
636 2875 801 2930 RAR·
832 2877 1000 2922 inferni
1029 2893 1055 2923 v
1080 2879 1174 2935 1129
1208 2879 1364 2923 etha-m
1397 2877 1487 2920 ΒΑ
1519 2879 1654 2931 (226,
1688 2882 1772 2931 21)
