2054 3152
243 175 315 228 84
948 186 983 219 5.
1006 185 1284 221 Aucusrmi

241 301 378 348 venit
410 305 634 364 aetatem,
667 298 966 363 eosdemque
999 305 1112 364 post
1142 301 1336 364 genitos
1364 299 1508 366 filios,
1548 307 1604 350 ut
1635 308 1934 365 congrueret

243 388 452 433 summa,
492 372 718 421 detraxit.
797 371 879 421 Sic
913 373 1093 437 quippe
1134 373 1287 422 voluit
1326 373 1588 423 credibiles
1628 374 1790 422 facere
1831 373 1932 423 ido-

242 461 449 495 nearum
481 445 788 511 generandae
831 446 958 510 proli
998 448 1364 496 convenientias
1404 453 1636 514 aetatum,
1675 454 1732 496 ut
1770 454 1934 497 tamen

241 534 449 568 numero
498 535 597 567 non
649 519 900 568 fraudaret
940 521 1194 569 universas
1234 527 1417 570 aetates
1456 522 1726 571 viventium
1766 522 1931 586 singu-

186 601 212 642 5
243 592 420 642 lorum.
499 592 641 650 Quod
681 600 845 643 autem
882 595 936 642 in
976 599 1113 642 sexta
1151 595 1609 658 generatione‚non
1650 595 1789 660 fecit,
1838 595 1932 643 hoc

243 668 408 732 ipsum
447 673 522 727 est
555 667 686 731 quod
727 668 879 732 magis
919 674 1087 716 monet
1124 667 1235 716 ideo
1275 667 1414 717 illum
1452 669 1645 734 fecisse,
1685 682 1798 717 cum
1838 683 1935 733 reS,

244 755 392 805 quam
432 740 640 789 dicimus
651 781 665 807 ,
704 740 991 805 postulavit,
1033 742 1146 804 quia
1184 756 1283 789 non
1323 741 1464 807 fecit,
1503 740 1588 790 ubi
1628 756 1726 790 non
1764 748 1936 806 postu-

243 813 374 863 lavit.
452 813 643 863 Invenit
697 829 908 878 namque
964 816 1014 862 in
1067 813 1238 863 eadem
1288 817 1604 878 generatione
1662 814 1790 880 apud
1839 814 1934 864 He·

244 886 422 936 braeos
461 889 639 936 vixisse
692 887 855 954 Iared,
903 894 1166 951 antequam
1204 889 1457 952 genuisset
1496 887 1690 954 Enoch,
1737 897 1938 938 centum

161 970 218 1010 10
249 963 501 1025 sexaginta
555 961 679 1010 duos
734 957 988 1027 <annos>,
1043 962 1129 1025 qui
1183 961 1458 1010 secundum
1509 961 1642 1010 illam
1695 963 1939 1011 rationem

248 1033 474 1084 brevium
525 1049 767 1083 annorum
821 1035 946 1084 fiunt
997 1036 1112 1083 anni
1168 1035 1383 1084 sedecim
1438 1040 1488 1084 et
1539 1034 1722 1099 aliquid
1771 1037 1936 1085 minus

250 1122 397 1172 quam
442 1123 639 1157 menses
686 1107 806 1174 duo3
855 1123 979 1172 quae
1027 1110 1123 1157 iam
1170 1114 1302 1158 aetas
1350 1115 1461 1174 apta
1508 1114 1584 1158 est
1630 1108 1690 1157 ad
1737 1110 1936 1173 gignen-

250 1181 393 1247 dum,
441 1188 490 1230 et
529 1181 639 1231 ideo
680 1181 859 1231 addere
901 1188 1102 1231 centum
1142 1197 1296 1231 annos
1335 1181 1534 1248 breveS,
1580 1188 1635 1231 ut
1674 1184 1834 1231 nostri
1870 1184 1939 1231 vi-

250 1257 374 1319 ginti
406 1270 492 1304 sex
523 1255 715 1321 fierent,
754 1270 958 1304 necesse
999 1270 1099 1304 non
1138 1256 1246 1322 fuit,
1285 1270 1377 1304 nec
1415 1261 1529 1320 post
1569 1261 1738 1304 natum
1767 1255 1941 1305 Enoch

164 1337 218 1377 15
251 1344 336 1378 eos
399 1327 690 1394 detrahere,
761 1343 885 1392 quos
948 1344 1047 1377 non
1109 1328 1361 1378 addiderat
1422 1336 1533 1378 ante
1596 1335 1780 1379 natum.
1859 1328 1940 1378 Sic

250 1402 435 1451 factum
490 1409 566 1451 est
631 1409 687 1451 ut
749 1402 828 1451 hic
892 1402 1024 1452 nulla
1078 1409 1210 1451 esset
1264 1404 1394 1452 inter
1450 1402 1645 1451 codices
1699 1409 1938 1467 utrosque

247 1477 471 1525 varietas

400 1548 497 1598 Sed
544 1564 721 1598 rursus
762 1556 945 1615 movet,
999 1565 1088 1598 cur
1128 1551 1178 1599 in
1219 1556 1388 1598 octava
1426 1551 1766 1615 generatione,
1806 1555 1939 1598 ante-

252 1637 399 1687 quam
446 1623 505 1671 de
544 1622 866 1672 Mathusalam
914 1629 1203 1672 nasceretur
1243 1622 1476 1689 Lamech,
1528 1638 1641 1672 cum
1679 1623 1807 1687 apud
1847 1622 1940 1671 He-

163 1705 220 1744 20
251 1695 428 1745 braeos
468 1695 693 1760 legantur
734 1703 934 1745 centum
974 1698 1222 1761 octoginta
1262 1696 1359 1745 duo
1399 1698 1529 1762 anni,
1567 1698 1741 1760 viginti
1778 1698 1941 1745 minus

249 1771 569 1819 inveniuntur
617 1771 669 1818 in
717 1769 971 1819 codicibus
1010 1772 1222 1836 nostriS,
1262 1769 1348 1819 uhi
1386 1771 1550 1834 potius
1591 1769 1703 1818 addi
1742 1776 1943 1819 centum

250 1843 431 1909 solent,
481 1849 530 1891 et
579 1850 692 1907 post
730 1845 951 1908 genitum
990 1840 1204 1892 Lamech
1244 1842 1570 1908 conplendam
1607 1845 1943 1892 restituuntur

250 1916 309 1965 ad
360 1931 627 1983 summam,
679 1932 803 1980 quae
853 1919 905 1965 in
954 1917 1207 1966 codicibus
1255 1918 1482 1981 utrisque
1530 1932 1630 1965 non
1681 1917 1942 1981 discrepat.

251 1989 303 2038 Si
357 1992 490 2039 enim
553 1996 754 2039 centum
821 1992 1129 2054 septuaginta
1191 2005 1346 2039 annos
1407 1996 1613 2054 propter
1663 1989 1940 2054 pubertatis

161 2072 216 2111 25
249 2066 584 2112 maturitatem
624 2062 797 2112 decem
837 2070 886 2112 et
926 2070 1115 2127 septem
1147 2062 1339 2112 volebat
1379 2062 1612 2128 intellegi,
1652 2064 1782 2112 sicut
1819 2062 1941 2112 nihil

247 2136 455 2201 addere,
505 2138 573 2185 ita
621 2136 742 2184 nihil
791 2136 1051 2185 detrahere
1098 2138 1194 2185 iam
1246 2135 1482 2201 debebat,
1533 2137 1646 2200 quia
1687 2138 1941 2186 invenerat

248 2216 460 2258 aetatem
510 2209 738 2258 idoneam
787 2211 1094 2274 generationi
1148 2209 1384 2275 filiorum,
1438 2216 1642 2274 propter
1691 2225 1837 2274 quam
1888 2211 1938 2259 in

249 2282 355 2332 aliis
396 2289 597 2332 centum
643 2282 752 2331 illos
792 2297 970 2348 annOS,
1016 2282 1101 2332 ubi
1149 2298 1255 2332 eam
1304 2298 1402 2331 non
1443 2282 1744 2349 inveniebat,
1795 2282 1940 2331 adde·

247 2355 344 2406 bat.
421 2355 525 2405 Hoc
565 2362 729 2405 autem
777 2356 837 2404 de
886 2357 1058 2420 viginti
1097 2359 1237 2405 annis
1276 2358 1453 2405 merito
1494 2363 1780 2421 putaremus
1821 2371 1938 2405 casu

157 2439 214 2479 30
249 2429 592 2479 mendositatis
618 2429 842 2478 accidere
867 2431 1103 2496 potuisse,
1128 2431 1223 2478 nisi
1256 2445 1355 2496 eOS,
1381 2431 1509 2478 sicut
1539 2431 1679 2494 prius
1713 2429 1936 2479 detraxe-

247 2509 338 2569 rat,
378 2505 644 2553 restituere
685 2509 858 2568 postea
909 2510 1128 2569 curaret,
1184 2510 1238 2552 ut
1278 2518 1496 2552 summae
1537 2504 1822 2552 conveniret
1862 2505 1935 2551 in-

247 2579 464 2642 tegritas.
543 2577 617 2625 An
665 2577 792 2626 forte
839 2578 1049 2626 astutius
1090 2577 1273 2626 factum
1314 2576 1691 2626 existimandum
1730 2583 1827 2642 est,
1858 2583 1935 2625 'ut

373 2690 443 2743 ιο)
478 2687 589 2732 Gen.
624 2693 665 2746 5,
700 2693 767 2733 18.

370 2855 394 2892 5
426 2850 474 2893 id
506 2865 600 2894 non
630 2865 656 2894 v
679 2852 694 2907 ΙΙ
719 2856 744 2895 6
777 2852 936 2895 monet
965 2849 1010 2893 R
1042 2851 1212 2907 (proyr.
1243 2864 1288 2905 p.
1322 2853 1368 2906 8)
1379 2868 1396 2904 ;
1435 2851 1594 2895 mouet
1633 2849 1746 2894 VAv
1769 2851 1785 2903 ΙΙ
1810 2855 1834 2894 9
1867 2849 1940 2892 ia·-

250 2908 330 2951 red
372 2908 507 2961 V¹F;
539 2909 689 2953 iai-eth
720 2923 747 2953 v
770 2911 786 2965 ΙΙ
811 2914 865 2953 10
898 2923 1041 2954 annos
1074 2922 1156 2954 om.
1200 2909 1384 2953 VRAF
