2004 3140
197 132 308 184 264
877 143 911 176 s.
936 142 1212 178 AUGUSTINI

197 258 327 322 Argo
382 262 609 306 mortuus
666 263 741 306 est
786 255 964 321 loseph
1017 257 1068 305 in
1117 256 1334 321 Aegypto
1390 271 1632 306 annorum
1687 262 1888 306 centum

198 330 383 379 decem.
459 330 580 379 Post
626 331 768 379 cuius
820 337 1030 379 mortem
1069 330 1281 394 populus
1321 330 1410 380 Dei
1449 329 1740 379 mirabiliter
1779 345 1886 379 cre·

198 419 342 454 scens
382 405 561 453 mansit
599 405 651 452 in
683 404 902 470 Aegypto
942 409 1143 453 centum
1184 403 1504 468 quadraginta
1545 405 1764 468 quinque
1803 419 1885 453 an·

197 494 311 545 1105,
365 477 628 542 tranquille
683 479 824 543 prius
836 518 850 544 ,
906 477 1063 526 donec
1119 485 1432 527 morerentur
1480 477 1660 542 quibus
1709 463 1886 542 fbseph

138 562 165 601 5
198 558 345 601 notus
409 552 526 618 suit3
597 551 772 600 deinde
844 553 959 616 quia
1021 550 1331 601 invidebatur
1391 553 1715 601 incrementis
1778 553 1884 601 eius

198 632 436 694 erantque
494 632 767 691 suspectaz-
809 641 905 690 quo
960 640 1119 690 usque
1173 624 1287 674 inde
1342 624 1665 691 liberaretur,
1719 640 1885 690 perse·

198 699 482 749 cutionibus
534 693 691 767 (inter
742 715 864 764 quas
913 705 1078 748 tamen
1130 699 1364 748 divinitus
1416 698 1676 748 fecundata
1723 698 1885 748 multi-

182 773 459 841 ·plicatione
500 769 780 841 crescebat)
829 780 878 823 et
917 772 1168 822 laboribus
1206 772 1525 838 premebatur
1563 771 1887 822 intolerabilis

198 849 464 897 servitutis
540 847 596 896 In
635 847 832 912 Assyria
881 862 996 896 vero
1045 853 1095 897 et
1134 846 1336 896 Graecia
1382 862 1473 912 per
1521 847 1652 896 idem
1690 853 1890 911 tempus

107 931 162 970 10
194 936 346 986 regna
387 919 557 970 eadem
594 921 963 986 permanebant.

849 1093 1045 1149 CAPUT
1077 1094 1227 1147 VIII.

278 1203 501 1261 Quorum
541 1217 716 1264 reyum
758 1207 925 1252 aetate
963 1202 1166 1265 Moyses
1205 1206 1356 1251 natus
1394 1204 1472 1262 sit,
1513 1207 1563 1251 et
1599 1216 1812 1263 quorum

405 1278 614 1326 deorum
655 1278 840 1326 eisdem
881 1277 1186 1338 temporibus
1225 1278 1291 1324 sit
1329 1281 1444 1324 orta
1484 1278 1677 1337 νεῖὶρὶο.

347 1378 469 1428 Cum
503 1395 620 1443 ergo
652 1385 884 1443 regnaret
916 1378 1128 1443 Assyriis
1170 1385 1376 1442 quartus
1408 1378 1630 1428 decimus
1665 1378 1887 1444 Saphrus

107 1462 162 1502 15
197 1460 246 1502 et
302 1451 543 1517 Sicyoniis
599 1452 920 1501 duodecimus
977 1451 1260 1517 Orthopolis
1323 1459 1373 1501 et
1428 1451 1626 1502 Criasus
1682 1454 1886 1517 quintus

195 1527 410 1593 ArgiviS,
450 1533 594 1575 natus
634 1533 711 1575 est
748 1528 798 1575 in
839 1527 1058 1591 Aegypto
1098 1526 1315 1592 MoyseS,
1354 1541 1445 1591 per
1485 1541 1633 1590 quem
1671 1527 1885 1591 populus

195 1600 285 1650 Dei
331 1601 390 1649 de
439 1602 677 1649 servitute
716 1600 951 1665 Aegyptia
997 1599 1234 1649 liberatus
1282 1607 1383 1666 est,
1433 1602 1485 1649 in
1537 1616 1633 1664 qua
1673 1616 1787 1650 eum
1826 1601 1886 1650 ad

196 1674 577 1723 desiderandum
624 1676 702 1723 sui
743 1673 990 1723 Creatoris
1038 1674 1273 1723 auxilium
1313 1676 1384 1722 sic
1424 1675 1648 1723 exerceri
1688 1681 1884 1739 oporte-

194 1747 291 1798 bat.
368 1747 706 1812 Regnantibus
753 1749 1037 1797 memoratis
1083 1747 1284 1812 regibus
1333 1748 1485 1796 fuisse
1527 1763 1554 1796 a
1593 1747 1886 1812 quibusdam

106 1832 162 1872 20
196 1822 417 1871 creditur
456 1822 805 1888 Prometheus,
846 1837 993 1886 quem
1031 1828 1295 1886 propterea
1335 1822 1503 1870 ferunt
1542 1821 1602 1870 (16
1641 1821 1746 1871 luto
1786 1823 1884 1871 for-

194 1911 352 1944 masse
386 1896 624 1955 homineS‚
665 1898 778 1959 quia
810 1897 1025 1960 optimus
1066 1897 1334 1960 sapientiae
1367 1895 1540 1944 doctor
1580 1896 1731 1945 fuisse
1771 1912 1884 1960 per-

193 1969 414 2035 hibetur3
454 1985 547 2018 nec
579 1976 743 2019 tamen
776 1969 1067 2030 ostenditur,
1102 1971 1187 2034 qui
1219 1971 1325 2018 eius
1358 1968 1665 2034 temporibus
1698 1970 1884 2019 fuerint

195 2045 455 2107 sapientes.
540 2043 714 2092 Frater
769 2045 877 2092 eius
927 2043 1095 2092 Atlans
1143 2058 1350 2106 magnus
1402 2043 1555 2092 fuisse
1606 2042 1886 2107 astrologus

198 2116 401 2182 dicitur3
448 2116 580 2165 unde
633 2119 943 2165 occasionem
991 2116 1152 2165 fabula
1191 2117 1400 2181 invenit,
1447 2122 1503 2164 ut
1542 2131 1655 2165 eum
1696 2116 1885 2166 caelum

108 2198 164 2238 25
196 2195 395 2255 portare
429 2191 757 2255 confingeret3
798 2191 1020 2254 quamvis
1061 2204 1202 2238 mons
1243 2191 1351 2238 eius
1391 2191 1588 2238 nomine
1630 2205 1884 2255 nuncupe-

195 2271 300 2328 tur,
355 2264 497 2312 cuius
549 2263 806 2312 altitudine
857 2265 1023 2327 potius
1075 2263 1197 2312 caeli
1243 2265 1455 2327 portatio
1504 2265 1555 2312 in
1603 2265 1886 2328 opinionem
1955 2315 1958 2318 ,

194 2336 327 2402 vulgi
389 2338 582 2386 venisse
644 2337 881 2386 videatur.
959 2336 1110 2386 Multa
1165 2352 1363 2401 quoque
1419 2336 1509 2386 alia
1561 2352 1620 2386 ex
1683 2337 1780 2386 illis
1833 2339 1884 2386 in

196 2410 399 2460 Graecia
432 2410 739 2475 temporibus
772 2411 986 2475 confingi
1019 2409 1239 2460 fabulosa
1272 2416 1566 2476 coeperunt3
1606 2410 1692 2459 sed
1724 2426 1884 2475 usque

197 2484 257 2533 ad
305 2483 576 2550 Cecropem
622 2499 792 2549 regem
838 2483 1234 2551 Atheniensium,
1286 2499 1383 2549 quo
1434 2489 1671 2549 regnante
1714 2483 1885 2533 eadem

107 2568 166 2608 30
198 2559 368 2607 civitas
417 2561 564 2607 etiam
611 2558 705 2607 tale
753 2573 933 2606 nomen
981 2560 1195 2622 accepit,
1248 2564 1297 2606 et
1337 2573 1434 2622 quo
1474 2565 1712 2622 regnante
1751 2557 1884 2607 Deus

194 2647 284 2696 per
315 2632 515 2698 Moysen
549 2632 718 2681 eduxit
756 2647 815 2680 ex
847 2631 1066 2696 Aegypto
1104 2631 1342 2696 populum
1383 2647 1545 2698 suum,
1583 2630 1726 2681 relati
1765 2637 1884 2681 sunt

193 2707 245 2753 in
295 2705 502 2755 deorum
549 2721 813 2756 numerum
861 2705 1046 2769 aliquot
1093 2707 1277 2755 mortui
1323 2721 1468 2754 caeca
1515 2711 1566 2754 et
1603 2719 1726 2754 vana
1765 2719 1883 2754 con·

313 2882 338 2919 2
372 2878 420 2921 et
450 2877 612 2922 decem
643 2890 669 2920 v
693 2878 709 2933 ΙΙ
733 2881 787 2921 23
822 2876 973 2921 atlans
1004 2890 1117 2931 mss,·
1147 2875 1281 2920 Atlas
1312 2890 1338 2920 v
