2004 3140
202 138 310 191 374
874 149 909 184 s.
933 150 1208 186 Aueos'rm

200 264 318 328 fuit,
367 264 479 327 quia
520 263 613 312 tale
655 270 933 313 monstrum
972 265 1077 328 ipse
1118 279 1217 313 non
1256 267 1450 331 genuit3
1498 265 1619 315 nihil
1658 267 1887 331 cuiquam

201 337 354 403 daret,
395 336 480 385 sed
521 352 548 385 a
589 352 686 401 quo
726 344 893 402 posset
932 336 1172 402 quidquid
1211 337 1356 388 vellet
1395 346 1445 388 et
1486 339 1680 404 quando
1720 347 1889 405 posset

201 426 350 475 quem
397 410 542 459 vellet
593 411 833 460 auferret:
885 418 1049 460 tamen
1098 413 1152 460 in
1199 413 1305 477 ipsa
1356 427 1443 462 sua
1490 413 1725 478 spelunca
1776 413 1887 463 soli·

202 486 338 550 taria‚
378 486 542 550 cuiuS,
581 491 636 533 ut
675 484 996 546 describitur,
1038 500 1234 550 semper
1273 488 1463 536 recenti
1503 487 1649 536 caede
1690 486 1888 552 tepebat

141 566 168 606 5
202 557 396 624 humus,
435 557 556 607 nihil
596 558 725 608 aliud
767 574 912 623 quam
952 573 1124 624 pacem
1162 559 1369 626 volebat,
1409 562 1459 609 in
1500 575 1595 625 qua
1634 575 1778 610 nemo
1818 560 1888 610 illi

201 631 437 681 molestus
478 639 631 698 esset,
680 648 770 681 nec
819 635 925 682 eius
966 634 1182 698 quietem
1222 634 1294 683 vis
1333 633 1481 683 ullius
1520 631 1742 684 terrorve
1782 642 1886 684 tur-

200 705 352 755 baret.
432 705 555 754 Cum
588 721 795 771 corpore
830 707 1041 771 denique
1083 722 1173 756 suo
1205 722 1378 772 pacem
1422 706 1602 757 habere
1644 707 1888 774 cupiebat,

201 787 251 828 et
290 787 527 844 quantum
568 779 792 846 habebat,
832 787 1022 830 tantum
1061 780 1187 830 bene
1227 780 1299 830 illi
1339 787 1458 831 erat.
1535 781 1740 839 Quando
1781 784 1886 846 qui-

201 853 313 902 dem
368 853 604 923 membris
659 853 1115 920 obtemperantibus
1169 854 1473 921 imperabat,
1535 862 1584 904 et
1638 861 1694 904 ut
1748 870 1887 905 suam

114 936 168 975 10
203 927 549 976 mortalitatem
604 928 863 977 adversum
917 943 969 977 se
1026 944 1085 977 ex
1138 928 1410 994 indigentia
1459 928 1781 978 rebellantem
1831 944 1887 978 ac

201 1001 492 1050 seditionem
540 1002 681 1050 famis
730 1002 789 1051 ad
837 1001 1194 1052 dissociandam
1247 1009 1392 1068 atque
1434 1002 1787 1052 excludendam
1826 1003 1886 1052 de

201 1090 407 1140 corpore
463 1077 672 1125 animam
728 1077 1056 1126 concitantem
1111 1085 1293 1141 quanta
1346 1083 1517 1141 posset
1572 1077 1886 1126 festinatione

200 1155 418 1215 pacaret,
465 1149 686 1214 rapiebat
731 1148 936 1200 necabat
981 1149 1183 1200 vorabat
1232 1157 1281 1200 et
1321 1151 1541 1215 quamvis
1581 1151 1791 1199 inmanis
1831 1165 1887 1199 ac

201 1224 336 1272 serus
375 1225 485 1288 paci
523 1231 685 1273 tamen
738 1239 853 1273 suae
894 1226 1020 1274 vitae
1060 1240 1116 1273 ac
1156 1224 1326 1274 salutis
1366 1225 1630 1273 inmaniter
1671 1231 1718 1273 et
1758 1224 1886 1273 fero·

113 1306 167 1345 15
202 1299 325 1346 citer
358 1297 665 1363 consulebat3
707 1313 761 1347 ac
801 1313 891 1363 per
930 1297 1023 1346 hoc
1064 1299 1106 1347 si
1144 1313 1347 1364 pacem,.
1370 1312 1516 1362 quam
1555 1299 1605 1346 in
1646 1312 1734 1346 sua
1772 1312 1887 1362 spe-

198 1371 341 1420 lunca
389 1378 535 1435 atque
586 1373 635 1420 in
687 1387 738 1420 se
790 1374 897 1436 ipso
944 1371 1126 1421 habere
1175 1374 1292 1421 satis
1341 1371 1534 1436 agebat,
1586 1373 1733 1420 etiam
1772 1386 1886 1420 cum

200 1444 305 1493 aliis
355 1444 537 1494 habere
587 1445 757 1511 vellet,
812 1461 903 1494 nec
951 1445 1108 1494 malus
1156 1461 1247 1494 nec
1294 1452 1571 1494 monstrum
1611 1459 1702 1493 nec
1742 1446 1886 1494 semi·

200 1518 346 1567 homo
392 1525 666 1568 vocaretur.
744 1519 840 1569 Aut
886 1520 928 1568 si
968 1521 1075 1568 eius
1115 1520 1339 1584 corporis
1379 1519 1534 1567 forma
1576 1525 1624 1567 et
1663 1524 1886 1567 atrorum

200 1594 388 1655 ignium
442 1595 653 1642 vomitus
709 1592 767 1642 ab
825 1608 882 1642 eo
937 1592 1220 1642 deterrebat
1273 1592 1528 1641 hominum
1583 1594 1885 1658 societatem,

110 1675 168 1715 20
201 1667 327 1715 forte
368 1681 465 1715 non
506 1666 716 1716 nocendi
756 1666 1048 1733 cupiditate,
1088 1667 1172 1716 sed
1213 1666 1406 1716 vivendi
1446 1667 1739 1715 necessitate
1781 1680 1886 1714 sae-

201 1739 373 1789 viebat.
451 1739 632 1790 Verum
683 1742 775 1790 iste
823 1756 922 1789 non
970 1741 1121 1790 fuerit
1170 1740 1268 1807 vel,
1317 1739 1447 1805 quod
1487 1741 1640 1804 magis
1681 1739 1885 1788 creden-

200 1813 316 1863 dum
357 1821 447 1879 est,
486 1814 595 1863 talis
628 1830 726 1863 non
767 1815 931 1880 fuerit,
971 1813 1127 1879 qualis
1166 1816 1357 1879 poetica
1398 1815 1609 1862 vanitate
1649 1812 1885 1862 describi-

201 1895 303 1953 tur3
355 1890 450 1937 nisi
490 1890 621 1937 enim
662 1890 807 1937 nimis
846 1895 1166 1938 accusaretur
1206 1887 1384 1953 CacuS‚
1431 1902 1604 1951 parum
1646 1885 1886 1935 Hercules

201 1961 500 2011 laudaretur.
575 1962 707 2011 Talis
758 1977 875 2027 ergo
922 1961 1068 2011 homo
1116 1964 1217 2011 sive
1266 1960 1536 2011 semihomo
1588 1959 1785 2026 meli11S,
1832 1966 1887 2009 ut

111 2045 168 2084 25
203 2035 324 2102 dixi,
365 2036 586 2085 creditur
626 2051 724 2084 non
764 2036 939 2101 fuisse,
987 2038 1116 2084 sicut
1155 2035 1308 2084 multa
1346 2037 1576 2098 figmenta
1614 2040 1886 2098 poetarum.

202 2109 339 2173 lpsae
396 2111 527 2158 enim
581 2111 889 2158 saevissimae
942 2109 1101 2173 serae,
1156 2109 1287 2158 unde
1343 2107 1423 2156 ille
1474 2114 1662 2172 partem
1714 2106 1887 2156 habuit

202 2183 411 2231 feritatis
464 2178 600 2248 (nam
653 2190 701 2231 et
752 2183 1013 2232 semiferus
1060 2182 1221 2231 dictus
1262 2176 1386 2248 est),
1433 2196 1589 2245 genus
1627 2181 1886 2245 proprium

202 2255 411 2319 quadam
443 2271 560 2320 pace
595 2255 893 2321 custodiunt,
934 2255 1157 2304 coeundo
1189 2254 1432 2319 gignendo
1465 2253 1715 2319 pariend0‚
1755 2254 1884 2303 fetus

203 2329 411 2378 fovendo
452 2336 598 2394 atque
647 2329 933 2395 nutriend0‚
980 2344 1093 2378 cum
1134 2330 1232 2377 sint
1270 2327 1534 2392 pleraeque
1574 2326 1885 2377 insociabiles

113 2414 171 2453 30
204 2410 253 2452 et
301 2402 560 2469 solivagae3
609 2418 706 2452 non
754 2401 942 2452 scilicet
989 2409 1045 2451 ut
1090 2417 1204 2451 oves
1257 2403 1388 2450 cervi
1429 2400 1682 2450 columbae
1724 2403 1885 2450 sturni

202 2492 339 2542 apeS,
387 2477 471 2526 sed
520 2484 574 2526 ut
621 2476 788 2526 leones
835 2476 938 2541 lupi
985 2475 1155 2540 vulpes
1202 2474 1388 2540 aquilae
1443 2481 1667 2524 noctuae.
1745 2474 1880 2532 Quae

202 2553 334 2600 enim
387 2552 527 2615 tigris
581 2565 679 2599 non
734 2549 845 2599 filiis
899 2551 1003 2599 suis
1058 2551 1189 2598 mitis
1242 2551 1571 2598 inmurmurat
1618 2555 1665 2599 et
1716 2556 1885 2614 pacata

321 2680 365 2734 5)
396 2677 533 2734 Verg.
567 2679 680 2723 Aen.
715 2683 754 2733 8,
790 2682 872 2722 195
907 2692 972 2733 sq.
1035 2678 1108 2732 27)
1141 2678 1255 2721 Aen.
1288 2682 1329 2734 8,
1362 2681 1461 2720 267.

323 2830 348 2869 3
381 2839 519 2880 quem
550 2824 669 2879 Rbfi·
703 2837 807 2868 cum
838 2824 982 2882 AL9‚·
1015 2826 1063 2870 et
1094 2825 1317 2881 quantum
1349 2837 1396 2869 ev
1434 2826 1450 2882 u
1488 2829 1543 2870 31
1577 2824 1677 2883 lupi
1707 2824 1751 2870 A
1781 2825 1886 2880 (vol.

202 2885 251 2937 Ι,
284 2887 388 2938 548,
420 2887 499 2939 31)
508 2899 525 2937 ;
556 2896 638 2928 om.
670 2882 787 2928 RIsv
