2054 3152
258 149 362 203 164
925 160 960 194 s,
985 160 1262 195 Auensrnss

255 277 395 340 dice,
435 275 616 338 inquit:
673 278 1020 323 testamentum
1060 277 1411 334 confirmatum
1453 290 1484 324 a
1525 276 1630 325 Deo
1663 281 1779 338 post
1816 291 1938 338 qua-

255 351 550 410 drinqemos
590 350 803 409 triffl'nta
843 362 1002 397 annos
1036 348 1182 410 facta
1222 352 1306 398 lea:
1338 364 1435 399 non
1470 351 1696 410 infirmat
1727 351 1798 399 ad
1827 365 1938 399 eva-

256 424 511 472 cuandam
559 424 958 483 promissionem.
1042 422 1139 471 Iam
1190 437 1308 487 ergo
1355 424 1438 472 isti
1498 422 1843 488 quadringenti
1891 431 1941 473 et

258 497 458 560 triginta
508 497 623 544 anni
670 495 1017 561 quadringenti
1063 502 1293 561 poterant
1343 498 1643 563 nuncupari,
1690 499 1804 562 quia
1843 511 1942 546 non

200 579 225 620 5
259 575 374 619 sunt
407 568 561 618 multo
595 569 824 635 amplius:
866 576 1048 634 quanto
1080 572 1234 634 magis
1267 585 1378 620 cum
1413 570 1596 636 aliquot
1629 573 1725 620 iam
1757 587 1816 620 ex
1847 573 1966 621 isto·

258 658 466 693 numero
505 645 886 710 praeterissent,
926 643 1121 708 qnando
1161 644 1241 693 illa
1281 646 1332 692 in
1372 646 1478 694 visu
1519 643 1854 694 demonstrata
1895 653 1942 695 et

259 717 388 767 dicta
422 724 537 767 sunt
569 717 806 784 Abrahae,
847 717 922 766 vel
954 717 1148 782 quando
1181 717 1315 766 Isaac
1357 725 1502 768 natus
1542 724 1618 768 est
1657 721 1942 768 centenario

257 793 386 856 patri
437 806 548 858 su0,
605 807 631 840 a
678 794 834 856 prima
883 793 1209 856 promissione
1257 798 1370 856 post
1409 794 1579 856 viginti
1627 800 1676 841 et
1723 795 1942 858 quinque

259 880 427 931 annm,
468 881 581 914 cum
619 867 715 914 iam
749 881 807 914 ex
839 867 948 914 istis
974 865 1346 930 quadringentis
1371 868 1573 931 triginta
1598 866 1943 932 quadringenti

173 949 228 990 10
259 946 308 988 et
360 940 578 1004 quinque
627 945 964 1005 remanerent,
1021 954 1144 1004 quos
1185 939 1316 988 Deus
1366 939 1751 1004 quadringentos
1791 940 1942 990 voluit

257 1015 527 1063 nominare.
597 1012 659 1062 Et
699 1021 878 1079 cetera,
919 1027 1043 1077 quae
1084 1020 1364 1078 sequuntur
1403 1015 1452 1062 in
1495 1013 1657 1063 verbis
1696 1029 1941 1078 praenun-

257 1089 424 1137 tiantis
476 1086 586 1153 Dei,
643 1086 806 1136 nullus
862 1086 1160 1136 dubitaverit
1210 1087 1269 1136 ad
1326 1087 1649 1138 Israelitienm
1704 1087 1942 1152 populum

258 1163 522 1226 pertinere.
1019 1175 1025 1178 ·

407 1234 549 1293 Quod
588 1250 704 1284 vero
746 1235 1050 1299 adiungitur:
1107 1237 1226 1284 Cum
1267 1241 1433 1285 aulem
1474 1239 1572 1284 iam
1613 1239 1688 1284 sol
1725 1242 1839 1284 erat
1877 1238 1948 1284 ad

173 1318 226 1358 15
259 1323 516 1369 occasum,
559 1311 765 1369 flamma
801 1308 947 1370 facta
989 1316 1080 1369 est,
1137 1316 1187 1358 et
1224 1324 1342 1359 eece
1387 1309 1583 1370 fornax
1623 1308 1945 1370 fumabunda

260 1389 310 1433 et
346 1385 605 1446 lampades
647 1386 792 1444 ἐρηῑέ,
833 1398 965 1444 quae
998 1386 1416 1445 pertransierunt
1448 1399 1546 1445 per
1584 1385 1750 1432 media
1783 1385 1945 1432 divisa

262 1460 369 1518 illa,
408 1456 668 1521 ⁸signifieat
718 1458 814 1505 iam
861 1458 911 1505 in
962 1457 1056 1505 sine
1106 1456 1289 1506 saeculi
1328 1472 1417 1521 per
1455 1459 1621 1521 ignem
1660 1456 1947 1506 iudicandos

261 1546 370 1580 esse
419 1530 651 1580 carnales
741 1530 880 1579 Siout
927 1532 1059 1579 enim
1106 1530 1318 1580 adflictio
1367 1532 1576 1579 civitatis
1624 1529 1735 1595 Dei,
1791 1530 1946 1594 qualis

260 1612 402 1654 antea
442 1619 711 1668 numquam
744 1604 851 1671 suit,
892 1619 1015 1668 quae
1050 1604 1140 1653 sub
1167 1604 1469 1654 Antichristo
1504 1605 1669 1653 sutura
1703 1610 1946 1670 speratur,

165 1688 230 1730 '20
263 1679 566 1744 significatur
605 1677 869 1731 tenebroso
909 1679 1087 1727 timore
1129 1677 1348 1733 Abrahae
1391 1680 1521 1727 eirea
1553 1677 1670 1726 solis
1703 1693 1947 1744 occasum,

261 1753 310 1802 id
344 1759 420 1802 est
451 1754 814 1818 propinquante
849 1753 943 1800 iam
976 1752 1071 1801 fine
1106 1752 1315 1802 saeculi:
1356 1754 1426 1801 sic
1459 1752 1518 1801 ad
1552 1751 1669 1800 solis
1702 1767 1946 1813 oceasum,

260 1827 309 1876 id
351 1835 425 1876 est
464 1826 522 1875 ad
561 1828 723 1891 ipsum
763 1827 859 1874 iam
899 1826 1061 1892 finem7
1101 1827 1403 1891 significatur
1443 1827 1537 1876 isto
1578 1827 1690 1890 igne
1731 1826 1836 1874 dies
1874 1827 1946 1874 iu-

262 1901 377 1950 dicii
425 1901 662 1949 dirimens
710 1899 930 1949 carnales
977 1915 1066 1965 per
1113 1902 1276 1965 ignem
1325 1899 1580 1949 salvandos
1634 1907 1682 1949 et
1734 1902 1786 1949 in
1836 1901 1947 1963 igne

264 1975 579 2024 damnandos,
683 1973 867 2022 Deinde
932 1980 1281 2022 testamentum
1346 1975 1530 2022 fac-tum
1592 1973 1650 2022 ad
1706 1972 1949 2022 Abraham

171 2055 230 2097 25
264 2055 449 2098 terram
489 2046 713 2096 Chanaan
762 2048 961 2112 proprie
1011 2048 1288 2096 manifestat
1329 2053 1378 2096 et
1417 2049 1635 2095 nominat
1674 2048 1723 2094 in
1764 2061 1819 2095 ea
1860 2062 1948 2095 un-

263 2121 422 2172 decim
455 2127 628 2185 gentes
661 2136 687 2169 a
719 2120 919 2169 flumine
954 2121 1157 2186 Aegypti
1196 2134 1354 2184 usque
1396 2120 1453 2169 ad
1494 2120 1678 2169 flumen
1719 2135 1949 2184 magnum

266 2195 566 2260 Euphraten.
645 2194 751 2242 Non
794 2209 909 2258 ergo
951 2210 976 2242 a
1016 2194 1215 2243 ssumine
1256 2208 1432 2258 magno
1474 2194 1700 2259 Aegypti,
1739 2194 1831 2242 hoo
1873 2199 1948 2243 est

267 2268 392 2334 Nilo,
433 2268 518 2318 sed
558 2283 585 2316 a
624 2283 789 2333 parm,
831 2267 959 2331 quod
1001 2267 1172 2316 dividit
1211 2269 1341 2316 inter
1381 2268 1655 2332 Aegyptum
1695 2274 1744 2316 et
1783 2267 1946 2316 Palae-

269 2344 468 2402 stinam,
508 2341 594 2391 uhi
635 2349 711 2390 est
750 2343 919 2390 civitas
960 2340 1314 2391 Rhinoeorura.

384 2471 428 2526 3)
462 2469 561 2515 Gal.
597 2474 637 2524 3,
674 2474 741 2514 ιτ,
808 2469 881 2524 17)
915 2467 1024 2512 Gen.
1060 2473 1128 2524 15,
1165 2474 1230 2512 ιτ.

390 2639 411 2676 1
445 2646 507 2690 sq.
541 2635 648 2689 post
681 2667 690 2678 .
727 2668 735 2676 .
769 2632 895 2676 faeta·
917 2632 993 2676 lex
1025 2630 1302 2676 VRFPar-r.
1330 2631 1467 2684 mell.;
1498 2632 1606 2687 post
1639 2664 1649 2675 .
1683 2666 1691 2673 .
1726 2629 1849 2674 facta
1882 2632 1952 2674 est

268 2693 342 2737 lex
366 2693 465 2746 Ab‚·
497 2705 615 2747 quae
646 2692 755 2748 post
786 2727 795 2736 .
831 2725 839 2734 .
873 2691 1001 2735 facta,
1032 2692 1100 2735 est
1129 2691 1206 2734 lex
1229 2704 1252 2735 υ
1277 2691 1341 2746 132
1373 2689 1566 2746 triginta
1602 2689 1733 2742 V¹R‚·
1765 2691 1812 2733 et
1841 2689 1949 2746 trig.

268 2764 293 2795 ἲ·
317 2753 382 2808 {14
415 2751 522 2796 anni
566 2750 660 2804 Vt),-
692 2764 774 2797 om.
808 2749 898 2795 ΒΑ
923 2752 987 2807 {18
1020 2750 1111 2806 vig.
1144 2749 1345 2805 quinque
1380 2748 1468 2793 ΗΑ
1493 2750 1586 2805 1123
1619 2748 1667 2794 in
1698 2761 1780 2794 om.
1825 2748 1866 2791 V
