2004 3140
203 149 310 202 278
877 159 913 194 S.
937 159 1211 196 AUGUS'HM

203 275 442 323 maiorem
481 273 726 339 videmuS,
774 279 910 322 tanto
959 274 1182 323 tenacius
1221 272 1477 322 Mediatori
1515 279 1592 322 est
1630 272 1889 323 inhaeren-

203 347 347 415 dum,
400 362 490 412 per
545 362 693 412 quem
742 346 801 396 de
848 348 960 396 imis
1016 347 1072 396 ad
1126 362 1316 396 summa
1366 347 1759 397 conscendimus
1836 346 1891 396 Si

203 423 336 470 enim
375 420 645 471 dixerimus
685 436 741 470 ea
779 436 879 470 non
919 435 1028 470 esse
1069 420 1334 483 credenda,
1384 436 1484 470 non
1524 420 1704 471 desunt
1743 422 1892 471 etiam

203 510 359 561 nunc,
408 496 493 559 qui
540 497 647 544 eius
700 495 832 544 modi
872 495 1111 559 quaedam
1151 494 1226 543 vel
1265 497 1539 544 certissima
1579 495 1775 544 audisse
1815 495 1891 543 vel

145 578 172 619 5
205 570 352 619 etiam
405 575 635 634 expertos
690 584 743 618 se
798 584 907 618 esse
963 569 1267 618 adseverent.
1353 568 1474 617 Nam
1531 574 1579 618 et
1633 584 1724 618 nos
1779 583 1892 618 cum

203 657 427 692 essemus
466 644 519 691 in
559 642 695 691 Italia
734 641 1052 692 audiebamus
1093 642 1206 691 talia
1246 642 1304 691 de
1347 641 1555 706 quadam
1595 644 1796 706 regione
1835 642 1891 691 il-

201 716 361 766 larum
398 718 630 782 partium,
669 716 755 765 ubi
794 715 1084 766 stabularias
1125 716 1358 765 mulieres
1396 714 1594 764 inbutas
1634 715 1710 764 his
1750 716 1892 765 malis

203 790 391 839 artibus
438 792 488 839 in
541 805 683 839 caseo
730 790 846 839 dare
895 790 1053 839 solere
1094 789 1322 839 dicebant
1361 788 1541 854 quihus
1580 788 1761 839 vellent
1802 805 1890 839 seu

202 863 745 930 possentyiatoribus,
790 864 921 912 unde
969 866 1020 912 in
1067 866 1285 912 iumenta
1333 863 1445 912 ilico
1485 869 1802 912 verterentur
1840 870 1891 913 et

117 946 173 988 10
206 939 482 986 necessaria
546 953 770 1002 quaeque
827 943 1085 1002 portarent
1145 944 1355 1002 postque
1416 937 1678 1002 perfuncta
1740 952 1891 1002 opera

201 1014 384 1060 iterum
438 1011 497 1060 ad
553 1027 605 1061 se
657 1012 898 1076 redirent3
954 1027 1045 1061 nec
1092 1018 1257 1060 tamen
1304 1013 1355 1059 in
1407 1013 1478 1060 eis
1527 1017 1745 1059 mentem
1783 1012 1893 1060 fieri

200 1085 486 1152 bestialem,
550 1085 635 1134 sed
698 1086 985 1135 rationalem
1056 1085 1418 1150 humanamque
1482 1086 1697 1149 servari,
1763 1087 1894 1134 sicut

201 1159 437 1224 Apuleius
475 1161 527 1208 in
568 1159 728 1226 libris,
777 1175 900 1224 quos
941 1161 1067 1208 asini
1106 1161 1244 1208 aurei
1283 1159 1426 1208 titulo
1467 1159 1746 1223 inscripsit,
1797 1158 1889 1207 sibi

200 1235 296 1297 ipsi
347 1233 606 1298 accidisse,
658 1239 714 1282 ut
761 1239 962 1298 accepto
1012 1248 1202 1282 veneno
1243 1233 1456 1282 humano
1497 1233 1659 1281 animo
1698 1247 1890 1296 perma-

114 1316 169 1356 15
202 1314 350 1356 nente
392 1309 559 1356 asinus
599 1308 754 1368 fieret,
795 1314 879 1356 aut
917 1306 1147 1356 indicavit
1186 1313 1269 1356 aut
1308 1307 1461 1356 finxit.

350 1380 480 1430 Haeo
520 1380 596 1429 vel
635 1381 754 1430 falsa
785 1387 901 1430 sunt
940 1380 1015 1429 vel
1054 1387 1153 1429 tam
1191 1382 1439 1446 inusitata,
1479 1387 1534 1429 ut
1573 1382 1749 1429 merito
1791 1395 1890 1429 non

201 1453 481 1504 credantur.
557 1454 860 1503 Firmissime
907 1461 1072 1504 tamen
1120 1453 1423 1503 credendum
1462 1460 1538 1503 est
1578 1455 1890 1518 omnipoten-

200 1536 302 1577 tem
341 1527 496 1577 Deum
535 1543 679 1592 posse
729 1530 891 1577 omnia
939 1529 1101 1577 facere
1144 1543 1267 1592 quae
1307 1527 1541 1592 voluerit,
1591 1529 1692 1576 sive
1733 1527 1890 1576 vindi-

202 1602 356 1651 cando
399 1604 499 1650 sive
546 1602 865 1667 praestandO,
913 1617 1004 1651 nec
1045 1601 1309 1650 daemones
1352 1601 1535 1665 aliquid
1575 1603 1773 1666 operari
1813 1616 1888 1650 se-

113 1685 170 1726 20
203 1675 420 1725 eundum
471 1683 674 1724 naturae
727 1691 842 1725 suae
903 1678 1172 1741 potentiam
1224 1671 1361 1741 (quia
1413 1681 1461 1724 et
1514 1677 1620 1740 ipsa
1671 1674 1890 1739 angelica

201 1755 429 1798 creatura
483 1756 580 1815 est,
635 1749 749 1798 licet
795 1751 996 1814 proprio
1043 1751 1160 1798 vitio
1210 1750 1274 1798 sit
1320 1744 1554 1815 maligna)
1606 1750 1702 1798 nisi
1756 1749 1887 1813 quod

199 1823 279 1872 ille
320 1825 632 1890 permiserit,
677 1825 819 1872 cuius
871 1823 1051 1873 iudicia
1091 1822 1283 1872 occulta
1323 1829 1440 1871 sunt
1479 1822 1657 1889 multa,
1707 1823 1892 1872 iniusta

200 1896 347 1946 nulla.
424 1897 525 1945 Nec
566 1912 682 1946 sane
716 1897 979 1947 daemones
1020 1904 1219 1946 naturas
1261 1903 1446 1962 creant,
1486 1898 1528 1945 si
1569 1895 1752 1960 aliquid
1792 1895 1887 1945 tale

201 1971 402 2034 faciunt,
441 1971 500 2019 de
534 1970 760 2035 qualibus
801 1972 943 2020 factis
982 1973 1075 2020 ista
1114 1972 1325 2019 vertitur
1364 1971 1610 2035 quaesti03
1652 1970 1739 2019 sed
1779 1984 1888 2035 spe-

112 2053 168 2094 25
202 2046 274 2093 cie
315 2051 484 2111 tenUS,
532 2059 656 2108 quae
696 2060 723 2093 a
761 2060 878 2093 vero
918 2044 1018 2093 Deo
1067 2051 1184 2093 sunt
1223 2050 1408 2109 creata,
1455 2049 1787 2107 commutant,
1835 2049 1889 2092 ut

200 2118 460 2166 videantur
510 2133 618 2166 esse
675 2118 805 2182 quod
857 2133 956 2166 non
1004 2125 1134 2166 sunt.
1210 2116 1320 2166 Non
1366 2119 1533 2180 itaque
1586 2116 1746 2165 solum
1787 2118 1889 2165 ani-

202 2205 352 2257 mum,
391 2191 478 2239 sed
511 2206 571 2240 ne
613 2206 794 2255 corpus
834 2191 1034 2255 quidem
1073 2191 1171 2239 ulla
1210 2192 1398 2239 ratione
1439 2189 1736 2239 crediderim
1778 2190 1888 2239 dae-

203 2279 405 2313 monum
437 2271 541 2313 arte
575 2264 650 2313 vel
681 2271 922 2329 potestate
955 2266 1006 2313 in
1039 2262 1260 2313 membra
1299 2269 1349 2312 et
1386 2263 1670 2312 liniamenta
1709 2263 1888 2313 hestia-

205 2338 269 2386 lia
319 2340 561 2387 veraciter
611 2353 755 2402 posse
808 2340 1055 2403 converti,
1111 2337 1195 2386 sed
1247 2337 1609 2402 phantasticum
1661 2337 1889 2403 hominiS,

113 2422 171 2463 30
207 2411 338 2476 quod
380 2413 526 2461 etiam
566 2411 822 2476 cogitando
864 2413 964 2460 sive
1004 2411 1291 2460 somniando
1330 2426 1420 2476 per
1458 2425 1628 2460 rerum
1667 2412 1889 2459 innume-

204 2485 373 2534 rabilia
411 2500 592 2550 genera
631 2487 847 2534 variatur
887 2492 950 2549 et,
989 2500 1102 2534 cum
1142 2500 1323 2549 corpus
1362 2500 1461 2533 non
1502 2486 1581 2549 sit,
1620 2499 1887 2548 corporum

203 2568 367 2608 tamen
422 2559 606 2608 similes
661 2561 784 2607 mira
839 2558 1088 2607 celeritate
1137 2559 1319 2607 formas
1369 2559 1527 2623 capit,
1578 2559 1751 2622 sopitis
1802 2564 1887 2607 aut

205 2635 456 2697 oppressis
505 2635 757 2697 corporeis
804 2632 1016 2680 hominis
1064 2631 1291 2680 sensibus
1339 2631 1397 2680 ad
1438 2631 1646 2679 aliorum
1685 2645 1888 2680 sensum

207 2707 373 2754 nescio
414 2721 511 2770 quo
543 2705 775 2755 ineffabili
815 2705 958 2754 modo
998 2706 1154 2770 figura
1193 2719 1432 2769 corporea
1470 2719 1617 2768 posse
1655 2703 1892 2770 perduci;

327 2896 353 2935 9
386 2890 512 2936 illico
543 2893 686 2950 251127
720 2905 777 2937 ne
808 2890 930 2946 RA‚·
960 2904 1046 2936 nec
1078 2889 1152 2936 Fv
1175 2891 1270 2947 1128
1301 2890 1488 2936 lineam.
1518 2903 1545 2935 v
