<?xml version="1.0" encoding="UTF-8"?>
<!DOCTYPE html PUBLIC "-//W3C//DTD XHTML 1.0 Transitional//EN"
    "http://www.w3.org/TR/xhtml1/DTD/xhtml1-transitional.dtd">
<html xmlns="http://www.w3.org/1999/xhtml" xml:lang="en" lang="en">
 <head>
  <title>
</title>
<meta http-equiv="Content-Type" content="text/html;charset=utf-8" />
  <meta name='ocr-system' content='tesseract 3.04.00' />
  <meta name='ocr-capabilities' content='ocr_page ocr_carea ocr_par ocr_line ocrx_word'/>
</head>
<body>
  <div class='ocr_page' id='page_1' title='image "./decivitatedeilib02auguuoft_0092.png"; bbox 0 0 2054 3152; ppageno 0'>
   <div class='ocr_carea' id='block_1_1' title="bbox 237 176 1264 234">
    <p class='ocr_par' dir='ltr' id='par_1_1' title="bbox 237 176 1264 234">
     <span class='ocr_line' id='line_1_1' title="bbox 237 176 1264 234; baseline -0.009 0"><span class='ocrx_word' id='word_1_1' title='bbox 237 176 323 234; x_wconf 77' lang='lat'><em>&#39;88</em></span> <span class='ocrx_word' id='word_1_2' title='bbox 930 193 964 226; x_wconf 85' lang='lat' dir='ltr'><em>S.</em></span> <span class='ocrx_word' id='word_1_3' title='bbox 989 193 1264 227; x_wconf 69' lang='lat' dir='ltr'><em>Anens&#39;rim</em></span> 
     </span>
    </p>
   </div>
   <div class='ocr_carea' id='block_1_2' title="bbox 922 359 1270 415">
    <p class='ocr_par' dir='ltr' id='par_1_2' title="bbox 922 359 1270 415">
     <span class='ocr_line' id='line_1_2' title="bbox 922 359 1270 415; baseline 0.003 -1"><span class='ocrx_word' id='word_1_4' title='bbox 922 359 1119 414; x_wconf 78' lang='lat' dir='ltr'>CAPUT</span> <span class='ocrx_word' id='word_1_5' title='bbox 1151 361 1270 415; x_wconf 90' lang='lat' dir='ltr'><em>XV.</em></span> 
     </span>
    </p>
   </div>
   <div class='ocr_carea' id='block_1_3' title="bbox 338 469 1849 665">
    <p class='ocr_par' dir='ltr' id='par_1_3' title="bbox 338 469 1849 665">
     <span class='ocr_line' id='line_1_3' title="bbox 338 469 1849 530; baseline 0 -14"><span class='ocrx_word' id='word_1_6' title='bbox 338 472 417 516; x_wconf 79' lang='lat' dir='ltr'><em>An</em></span> <span class='ocrx_word' id='word_1_7' title='bbox 458 469 702 517; x_wconf 73' lang='lat' dir='ltr'><em>credibile</em></span> <span class='ocrx_word' id='word_1_8' title='bbox 740 470 806 516; x_wconf 81' lang='lat' dir='ltr'><em>sit</em></span> <span class='ocrx_word' id='word_1_9' title='bbox 837 469 998 530; x_wconf 79' lang='lat' dir='ltr'><em>primi</em></span> <span class='ocrx_word' id='word_1_10' title='bbox 1032 471 1228 518; x_wconf 82' lang='lat' dir='ltr'><em>sacculi</em></span> <span class='ocrx_word' id='word_1_11' title='bbox 1263 471 1398 518; x_wconf 82' lang='lat' dir='ltr'><em>viros</em></span> <span class='ocrx_word' id='word_1_12' title='bbox 1436 483 1594 528; x_wconf 82' lang='lat' dir='ltr'><em>usquc</em></span> <span class='ocrx_word' id='word_1_13' title='bbox 1633 470 1705 516; x_wconf 82' lang='lat' dir='ltr'><em>ad</em></span> <span class='ocrx_word' id='word_1_14' title='bbox 1741 483 1849 517; x_wconf 81' lang='lat' dir='ltr'><em>eam</em></span> 
     </span>
     <span class='ocr_line' id='line_1_4' title="bbox 455 540 1726 607; baseline -0.001 -17"><span class='ocrx_word' id='word_1_15' title='bbox 455 547 684 607; x_wconf 80' lang='lat' dir='ltr'><em>aetatem,</em></span> <span class='ocrx_word' id='word_1_16' title='bbox 723 556 824 602; x_wconf 81' lang='lat' dir='ltr'><em>qua</em></span> <span class='ocrx_word' id='word_1_17' title='bbox 859 543 992 600; x_wconf 77' lang='lat' dir='ltr'><em>filios</em></span> <span class='ocrx_word' id='word_1_18' title='bbox 1027 555 1303 602; x_wconf 69' lang='lat' dir='ltr'><em>qenerassc</em></span> <span class='ocrx_word' id='word_1_19' title='bbox 1341 540 1654 603; x_wconf 80' lang='lat' dir='ltr'><em>referuntur,</em></span> <span class='ocrx_word' id='word_1_20' title='bbox 1695 557 1726 590; x_wconf 84' lang='grc' dir='ltr'><em>α</em></span> 
     </span>
     <span class='ocr_line' id='line_1_5' title="bbox 779 616 1407 665; baseline -0.002 -1"><span class='ocrx_word' id='word_1_21' title='bbox 779 616 1050 664; x_wconf 74' lang='lat' dir='ltr'><em>concubitu</em></span> <span class='ocrx_word' id='word_1_22' title='bbox 1090 618 1407 665; x_wconf 78' lang='lat' dir='ltr'><em>continuisse.</em></span> 
     </span>
    </p>
   </div>
   <div class='ocr_carea' id='block_1_4' title="bbox 161 717 1938 2618">
    <p class='ocr_par' dir='ltr' id='par_1_4' title="bbox 192 717 1936 1078">
     <span class='ocr_line' id='line_1_6' title="bbox 192 717 1933 784; baseline 0.001 -18"><span class='ocrx_word' id='word_1_23' title='bbox 192 726 219 766; x_wconf 81' lang='lat'>5</span> <span class='ocrx_word' id='word_1_24' title='bbox 402 717 540 767; x_wconf 81' lang='lat' dir='ltr'><em>Dicet</em></span> <span class='ocrx_word' id='word_1_25' title='bbox 589 732 705 782; x_wconf 87' lang='lat' dir='ltr'><em>ergo</em></span> <span class='ocrx_word' id='word_1_26' title='bbox 754 717 951 782; x_wconf 91' lang='lat' dir='ltr'><em>aliquis:</em></span> <span class='ocrx_word' id='word_1_27' title='bbox 996 717 1168 784; x_wconf 83' lang='lat' dir='ltr'><em>„Itane</em></span> <span class='ocrx_word' id='word_1_28' title='bbox 1218 717 1518 767; x_wconf 89' lang='lat' dir='ltr'><em>credendum</em></span> <span class='ocrx_word' id='word_1_29' title='bbox 1566 725 1642 767; x_wconf 91' lang='lat' dir='ltr'><em>est</em></span> <span class='ocrx_word' id='word_1_30' title='bbox 1686 717 1933 767; x_wconf 91' lang='lat' dir='ltr'><em>hominem</em></span> 
     </span>
     <span class='ocr_line' id='line_1_7' title="bbox 253 790 1933 856; baseline 0 -16"><span class='ocrx_word' id='word_1_31' title='bbox 253 791 378 840; x_wconf 88' lang='lat' dir='ltr'><em>filios</em></span> <span class='ocrx_word' id='word_1_32' title='bbox 418 798 769 855; x_wconf 88' lang='lat' dir='ltr'><em>generaturum</em></span> <span class='ocrx_word' id='word_1_33' title='bbox 818 806 908 839; x_wconf 89' lang='lat' dir='ltr'><em>nec</em></span> <span class='ocrx_word' id='word_1_34' title='bbox 954 790 1216 840; x_wconf 81' lang='lat' dir='ltr'>habentem</span> <span class='ocrx_word' id='word_1_35' title='bbox 1255 793 1563 856; x_wconf 88' lang='lat' dir='ltr'><em>propositum</em></span> <span class='ocrx_word' id='word_1_36' title='bbox 1603 793 1933 841; x_wconf 83' lang='lat' dir='ltr'><em>continentiae</em></span> 
     </span>
     <span class='ocr_line' id='line_1_8' title="bbox 255 863 1933 931; baseline 0.001 -18"><span class='ocrx_word' id='word_1_37' title='bbox 255 871 455 914; x_wconf 89' lang='lat' dir='ltr'><em>centum</em></span> <span class='ocrx_word' id='word_1_38' title='bbox 502 872 551 914; x_wconf 88' lang='lat' dir='ltr'><em>et</em></span> <span class='ocrx_word' id='word_1_39' title='bbox 597 864 827 931; x_wconf 77' lang='lat' dir='ltr'><em>ampliuS,</em></span> <span class='ocrx_word' id='word_1_40' title='bbox 878 864 954 912; x_wconf 90' lang='lat' dir='ltr'><em>vel</em></span> <span class='ocrx_word' id='word_1_41' title='bbox 1009 864 1281 914; x_wconf 90' lang='lat' dir='ltr'><em>secundum</em></span> <span class='ocrx_word' id='word_1_42' title='bbox 1328 863 1578 913; x_wconf 88' lang='lat' dir='ltr'><em>Hebraeos</em></span> <span class='ocrx_word' id='word_1_43' title='bbox 1630 881 1727 914; x_wconf 91' lang='lat' dir='ltr'><em>non</em></span> <span class='ocrx_word' id='word_1_44' title='bbox 1779 865 1933 914; x_wconf 87' lang='lat' dir='ltr'><em>multo</em></span> 
     </span>
     <span class='ocr_line' id='line_1_9' title="bbox 255 938 1933 1004; baseline 0.001 -18"><span class='ocrx_word' id='word_1_45' title='bbox 255 940 441 1004; x_wconf 61' lang='lat' dir='ltr'><em>minim,</em></span> <span class='ocrx_word' id='word_1_46' title='bbox 483 938 538 1002; x_wconf 77' lang='lat' dir='ltr'><em>jd</em></span> <span class='ocrx_word' id='word_1_47' title='bbox 594 944 668 987; x_wconf 92' lang='lat' dir='ltr'><em>est</em></span> <span class='ocrx_word' id='word_1_48' title='bbox 715 939 982 1002; x_wconf 85' lang='lat' dir='ltr'><em>octoginta,</em></span> <span class='ocrx_word' id='word_1_49' title='bbox 1035 939 1363 1004; x_wconf 81' lang='lat' dir='ltr'><em>septuaginta,</em></span> <span class='ocrx_word' id='word_1_50' title='bbox 1415 940 1666 1002; x_wconf 80' lang='lat' dir='ltr'><em>sexaginta</em></span> <span class='ocrx_word' id='word_1_51' title='bbox 1713 953 1866 987; x_wconf 88' lang='lat' dir='ltr'><em>annos</em></span> <span class='ocrx_word' id='word_1_52' title='bbox 1906 954 1933 987; x_wconf 91' lang='lat' dir='ltr'><em>a</em></span> 
     </span>
     <span class='ocr_line' id='line_1_10' title="bbox 255 1010 1936 1078; baseline 0 -18"><span class='ocrx_word' id='word_1_53' title='bbox 255 1010 615 1060; x_wconf 89' lang='lat' dir='ltr'><em>concumbendi</em></span> <span class='ocrx_word' id='word_1_54' title='bbox 669 1026 817 1076; x_wconf 91' lang='lat' dir='ltr'><em>opere</em></span> <span class='ocrx_word' id='word_1_55' title='bbox 872 1013 1116 1077; x_wconf 82' lang='lat' dir='ltr'><em>vaenisse,</em></span> <span class='ocrx_word' id='word_1_56' title='bbox 1171 1017 1254 1061; x_wconf 88' lang='lat' dir='ltr'><em>aut</em></span> <span class='ocrx_word' id='word_1_57' title='bbox 1301 1013 1343 1060; x_wconf 92' lang='lat' dir='ltr'><em>si</em></span> <span class='ocrx_word' id='word_1_58' title='bbox 1389 1027 1488 1060; x_wconf 92' lang='lat' dir='ltr'><em>non</em></span> <span class='ocrx_word' id='word_1_59' title='bbox 1514 1055 1517 1057; x_wconf 6' lang='lat' dir='ltr'><em>a</em></span> <span class='ocrx_word' id='word_1_60' title='bbox 1542 1018 1760 1078; x_wconf 84' lang='lat' dir='ltr'><em>vacaret,</em></span> <span class='ocrx_word' id='word_1_61' title='bbox 1815 1012 1936 1060; x_wconf 87' lang='lat' dir='ltr'><em>nihil</em></span> 
     </span>
    </p>

    <p class='ocr_par' dir='ltr' id='par_1_5' title="bbox 166 1080 1938 1445">
     <span class='ocr_line' id='line_1_11' title="bbox 166 1080 1933 1150; baseline 0.001 -18"><span class='ocrx_word' id='word_1_62' title='bbox 166 1094 223 1133; x_wconf 89' lang='lat'><em>10</em></span> <span class='ocrx_word' id='word_1_63' title='bbox 254 1084 408 1150; x_wconf 90' lang='lat' dir='ltr'><em>prolis</em></span> <span class='ocrx_word' id='word_1_64' title='bbox 454 1086 655 1149; x_wconf 82' lang='lat' dir='ltr'><em>gignere</em></span> <span class='ocrx_word' id='word_1_65' title='bbox 710 1080 1008 1150; x_wconf 75' lang='lat' dir='ltr'><em>potuisse?“</em></span> <span class='ocrx_word' id='word_1_66' title='bbox 1082 1083 1213 1134; x_wconf 88' lang='lat' dir='ltr'><em>Haec</em></span> <span class='ocrx_word' id='word_1_67' title='bbox 1266 1087 1487 1150; x_wconf 82' lang='lat' dir='ltr'><em>quaestio</em></span> <span class='ocrx_word' id='word_1_68' title='bbox 1535 1085 1728 1134; x_wconf 90' lang='lat' dir='ltr'><em>duobus</em></span> <span class='ocrx_word' id='word_1_69' title='bbox 1776 1085 1933 1134; x_wconf 90' lang='lat' dir='ltr'><em>modis</em></span> 
     </span>
     <span class='ocr_line' id='line_1_12' title="bbox 251 1158 1937 1225; baseline -0.001 -18"><span class='ocrx_word' id='word_1_70' title='bbox 251 1158 471 1207; x_wconf 88' lang='lat' dir='ltr'><em>solvitur.</em></span> <span class='ocrx_word' id='word_1_71' title='bbox 548 1158 644 1208; x_wconf 88' lang='lat' dir='ltr'><em>Aut</em></span> <span class='ocrx_word' id='word_1_72' title='bbox 676 1160 806 1207; x_wconf 90' lang='lat' dir='ltr'><em>enim</em></span> <span class='ocrx_word' id='word_1_73' title='bbox 840 1165 974 1207; x_wconf 88' lang='lat' dir='ltr'><em>tanto</em></span> <span class='ocrx_word' id='word_1_74' title='bbox 1008 1160 1166 1207; x_wconf 89' lang='lat' dir='ltr'><em>serior</em></span> <span class='ocrx_word' id='word_1_75' title='bbox 1198 1159 1291 1207; x_wconf 87' lang='lat' dir='ltr'><em>fuit</em></span> <span class='ocrx_word' id='word_1_76' title='bbox 1328 1160 1646 1224; x_wconf 83' lang='lat' dir='ltr'><em>proportione</em></span> <span class='ocrx_word' id='word_1_77' title='bbox 1685 1158 1937 1225; x_wconf 79' lang='lat' dir='ltr'><em>pubertaS,</em></span> 
     </span>
     <span class='ocr_line' id='line_1_13' title="bbox 252 1232 1936 1298; baseline -0.001 -17"><span class='ocrx_word' id='word_1_78' title='bbox 252 1239 436 1296; x_wconf 89' lang='lat' dir='ltr'><em>quanto</em></span> <span class='ocrx_word' id='word_1_79' title='bbox 468 1234 593 1280; x_wconf 90' lang='lat' dir='ltr'><em>vitae</em></span> <span class='ocrx_word' id='word_1_80' title='bbox 619 1233 773 1281; x_wconf 92' lang='lat' dir='ltr'><em>totius</em></span> <span class='ocrx_word' id='word_1_81' title='bbox 804 1234 959 1280; x_wconf 88' lang='lat' dir='ltr'><em>maior</em></span> <span class='ocrx_word' id='word_1_82' title='bbox 991 1234 1263 1298; x_wconf 81' lang='lat' dir='ltr'><em>annositas3</em></span> <span class='ocrx_word' id='word_1_83' title='bbox 1303 1238 1401 1298; x_wconf 80' lang='lat' dir='ltr'><em>aut,</em></span> <span class='ocrx_word' id='word_1_84' title='bbox 1441 1232 1571 1296; x_wconf 89' lang='lat' dir='ltr'><em>quod</em></span> <span class='ocrx_word' id='word_1_85' title='bbox 1603 1234 1756 1297; x_wconf 88' lang='lat' dir='ltr'><em>magis</em></span> <span class='ocrx_word' id='word_1_86' title='bbox 1794 1232 1936 1281; x_wconf 87' lang='lat' dir='ltr'><em>video</em></span> 
     </span>
     <span class='ocr_line' id='line_1_14' title="bbox 251 1304 1938 1371; baseline 0 -17"><span class='ocrx_word' id='word_1_87' title='bbox 251 1321 361 1354; x_wconf 92' lang='lat' dir='ltr'><em>esse</em></span> <span class='ocrx_word' id='word_1_88' title='bbox 395 1304 644 1366; x_wconf 80' lang='lat' dir='ltr'><em>credibile,</em></span> <span class='ocrx_word' id='word_1_89' title='bbox 685 1321 784 1354; x_wconf 92' lang='lat' dir='ltr'><em>non</em></span> <span class='ocrx_word' id='word_1_90' title='bbox 808 1305 888 1354; x_wconf 84' lang='lat' dir='ltr'><em>hic</em></span> <span class='ocrx_word' id='word_1_91' title='bbox 919 1307 1236 1370; x_wconf 85' lang='lat' dir='ltr'><em>primogeniti</em></span> <span class='ocrx_word' id='word_1_92' title='bbox 1274 1305 1358 1354; x_wconf 85' lang='lat' dir='ltr'><em>filii</em></span> <span class='ocrx_word' id='word_1_93' title='bbox 1399 1307 1768 1354; x_wconf 90' lang='lat' dir='ltr'><em>commemorati</em></span> <span class='ocrx_word' id='word_1_94' title='bbox 1805 1312 1938 1371; x_wconf 88' lang='lat' dir='ltr'><em>sunt,</em></span> 
     </span>
     <span class='ocr_line' id='line_1_15' title="bbox 254 1378 1937 1445; baseline -0.001 -17"><span class='ocrx_word' id='word_1_95' title='bbox 254 1379 338 1428; x_wconf 89' lang='lat' dir='ltr'><em>sed</em></span> <span class='ocrx_word' id='word_1_96' title='bbox 393 1394 516 1443; x_wconf 87' lang='lat' dir='ltr'><em>quos</em></span> <span class='ocrx_word' id='word_1_97' title='bbox 567 1380 897 1428; x_wconf 82' lang='lat' dir='ltr'><em>successionis</em></span> <span class='ocrx_word' id='word_1_98' title='bbox 937 1379 1057 1428; x_wconf 89' lang='lat' dir='ltr'><em>ordo</em></span> <span class='ocrx_word' id='word_1_99' title='bbox 1098 1378 1352 1445; x_wconf 80' lang='lat' dir='ltr'><em>poscebat,</em></span> <span class='ocrx_word' id='word_1_100' title='bbox 1401 1386 1456 1428; x_wconf 89' lang='lat' dir='ltr'><em>ut</em></span> <span class='ocrx_word' id='word_1_101' title='bbox 1493 1381 1838 1443; x_wconf 84' lang='lat' dir='ltr'><em>perveniretur</em></span> <span class='ocrx_word' id='word_1_102' title='bbox 1877 1379 1937 1427; x_wconf 92' lang='lat' dir='ltr'><em>ad</em></span> 
     </span>
    </p>

    <p class='ocr_par' dir='ltr' id='par_1_6' title="bbox 166 1452 1938 1811">
     <span class='ocr_line' id='line_1_16' title="bbox 166 1452 1938 1518; baseline 0 -18"><span class='ocrx_word' id='word_1_103' title='bbox 166 1462 221 1500; x_wconf 85' lang='lat'><em>15</em></span> <span class='ocrx_word' id='word_1_104' title='bbox 253 1452 380 1518; x_wconf 80' lang='lat' dir='ltr'><em>Noe,</em></span> <span class='ocrx_word' id='word_1_105' title='bbox 421 1467 446 1500; x_wconf 97' lang='lat' dir='ltr'><em>a</em></span> <span class='ocrx_word' id='word_1_106' title='bbox 486 1467 582 1516; x_wconf 89' lang='lat' dir='ltr'><em>quo</em></span> <span class='ocrx_word' id='word_1_107' title='bbox 623 1468 800 1501; x_wconf 90' lang='lat' dir='ltr'><em>rursus</em></span> <span class='ocrx_word' id='word_1_108' title='bbox 839 1452 897 1500; x_wconf 93' lang='lat' dir='ltr'><em>ad</em></span> <span class='ocrx_word' id='word_1_109' title='bbox 939 1452 1179 1502; x_wconf 88' lang='lat' dir='ltr'><em>Abraham</em></span> <span class='ocrx_word' id='word_1_110' title='bbox 1218 1452 1440 1501; x_wconf 90' lang='lat' dir='ltr'><em>videmus</em></span> <span class='ocrx_word' id='word_1_111' title='bbox 1481 1467 1589 1501; x_wconf 90' lang='lat' dir='ltr'><em>esse</em></span> <span class='ocrx_word' id='word_1_112' title='bbox 1628 1459 1938 1518; x_wconf 81' lang='lat' dir='ltr'><em>perventum,</em></span> 
     </span>
     <span class='ocr_line' id='line_1_17' title="bbox 251 1525 1936 1592; baseline 0 -18"><span class='ocrx_word' id='word_1_113' title='bbox 251 1541 308 1575; x_wconf 90' lang='lat' dir='ltr'><em>ac</em></span> <span class='ocrx_word' id='word_1_114' title='bbox 348 1525 524 1574; x_wconf 91' lang='lat' dir='ltr'><em>deinde</em></span> <span class='ocrx_word' id='word_1_115' title='bbox 566 1541 722 1590; x_wconf 87' lang='lat' dir='ltr'><em>usque</em></span> <span class='ocrx_word' id='word_1_116' title='bbox 763 1526 821 1574; x_wconf 90' lang='lat' dir='ltr'><em>ad</em></span> <span class='ocrx_word' id='word_1_117' title='bbox 862 1533 1052 1575; x_wconf 90' lang='lat' dir='ltr'><em>certum</em></span> <span class='ocrx_word' id='word_1_118' title='bbox 1093 1526 1354 1575; x_wconf 89' lang='lat' dir='ltr'><em>articulum</em></span> <span class='ocrx_word' id='word_1_119' title='bbox 1394 1528 1658 1592; x_wconf 80' lang='lat' dir='ltr'><em>temporiS,</em></span> <span class='ocrx_word' id='word_1_120' title='bbox 1699 1534 1936 1590; x_wconf 89' lang='lat' dir='ltr'><em>quantum</em></span> 
     </span>
     <span class='ocr_line' id='line_1_18' title="bbox 251 1598 1935 1664; baseline 0.001 -17"><span class='ocrx_word' id='word_1_121' title='bbox 251 1598 511 1664; x_wconf 85' lang='lat' dir='ltr'><em>oportebat</em></span> <span class='ocrx_word' id='word_1_122' title='bbox 550 1601 732 1663; x_wconf 87' lang='lat' dir='ltr'><em>signari</em></span> <span class='ocrx_word' id='word_1_123' title='bbox 765 1601 910 1648; x_wconf 91' lang='lat' dir='ltr'><em>etiam</em></span> <span class='ocrx_word' id='word_1_124' title='bbox 950 1598 1351 1663; x_wconf 87' lang='lat' dir='ltr'><em>generationibus</em></span> <span class='ocrx_word' id='word_1_125' title='bbox 1391 1601 1785 1648; x_wconf 86' lang='lat' dir='ltr'><em>commemoratis</em></span> <span class='ocrx_word' id='word_1_126' title='bbox 1825 1615 1935 1648; x_wconf 86' lang='lat' dir='ltr'><em>cur-</em></span> 
     </span>
     <span class='ocr_line' id='line_1_19' title="bbox 251 1672 1937 1738; baseline 0 -17"><span class='ocrx_word' id='word_1_127' title='bbox 251 1688 361 1721; x_wconf 89' lang='lat' dir='ltr'><em>sum</em></span> <span class='ocrx_word' id='word_1_128' title='bbox 409 1672 789 1736; x_wconf 86' lang='lat' dir='ltr'><em>gloriosissimae</em></span> <span class='ocrx_word' id='word_1_129' title='bbox 841 1674 1051 1722; x_wconf 89' lang='lat' dir='ltr'><em>civitatis</em></span> <span class='ocrx_word' id='word_1_130' title='bbox 1102 1675 1152 1721; x_wconf 92' lang='lat' dir='ltr'><em>in</em></span> <span class='ocrx_word' id='word_1_131' title='bbox 1199 1673 1293 1722; x_wconf 90' lang='lat' dir='ltr'><em>hoc</em></span> <span class='ocrx_word' id='word_1_132' title='bbox 1341 1673 1525 1722; x_wconf 90' lang='lat' dir='ltr'><em>mundo</em></span> <span class='ocrx_word' id='word_1_133' title='bbox 1573 1674 1937 1738; x_wconf 85' lang='lat' dir='ltr'><em>peregrinantis</em></span> 
     </span>
     <span class='ocr_line' id='line_1_20' title="bbox 250 1746 1937 1811; baseline 0 -17"><span class='ocrx_word' id='word_1_134' title='bbox 250 1753 301 1795; x_wconf 89' lang='lat' dir='ltr'><em>et</em></span> <span class='ocrx_word' id='word_1_135' title='bbox 339 1761 604 1810; x_wconf 88' lang='lat' dir='ltr'><em>supernam</em></span> <span class='ocrx_word' id='word_1_136' title='bbox 634 1748 844 1811; x_wconf 87' lang='lat' dir='ltr'><em>patriam</em></span> <span class='ocrx_word' id='word_1_137' title='bbox 882 1748 1198 1811; x_wconf 71' lang='lat' dir='ltr'><em>requirentis</em></span> <span class='ocrx_word' id='word_1_138' title='bbox 1278 1746 1419 1804; x_wconf 88' lang='lat' dir='ltr'><em>Quod</em></span> <span class='ocrx_word' id='word_1_139' title='bbox 1460 1748 1590 1795; x_wconf 90' lang='lat' dir='ltr'><em>enim</em></span> <span class='ocrx_word' id='word_1_140' title='bbox 1632 1748 1799 1811; x_wconf 88' lang='lat' dir='ltr'><em>negari</em></span> <span class='ocrx_word' id='word_1_141' title='bbox 1837 1761 1937 1795; x_wconf 88' lang='lat' dir='ltr'><em>non</em></span> 
     </span>
    </p>

    <p class='ocr_par' dir='ltr' id='par_1_7' title="bbox 163 1819 1936 2179">
     <span class='ocr_line' id='line_1_21' title="bbox 163 1819 1935 1884; baseline -0.001 -15"><span class='ocrx_word' id='word_1_142' title='bbox 163 1829 219 1869; x_wconf 81' lang='grc'><em>20</em></span> <span class='ocrx_word' id='word_1_143' title='bbox 250 1825 430 1884; x_wconf 87' lang='lat' dir='ltr'><em>potest,</em></span> <span class='ocrx_word' id='word_1_144' title='bbox 467 1821 605 1884; x_wconf 88' lang='lat' dir='ltr'><em>prior</em></span> <span class='ocrx_word' id='word_1_145' title='bbox 638 1819 867 1868; x_wconf 91' lang='lat' dir='ltr'><em>omnibus</em></span> <span class='ocrx_word' id='word_1_146' title='bbox 901 1819 1018 1868; x_wconf 91' lang='lat' dir='ltr'><em>Cain</em></span> <span class='ocrx_word' id='word_1_147' title='bbox 1051 1835 1109 1869; x_wconf 93' lang='lat' dir='ltr'><em>ex</em></span> <span class='ocrx_word' id='word_1_148' title='bbox 1142 1822 1489 1869; x_wconf 89' lang='lat' dir='ltr'><em>coniunctione</em></span> <span class='ocrx_word' id='word_1_149' title='bbox 1522 1822 1671 1869; x_wconf 91' lang='lat' dir='ltr'><em>maris</em></span> <span class='ocrx_word' id='word_1_150' title='bbox 1711 1826 1760 1869; x_wconf 89' lang='lat' dir='ltr'><em>et</em></span> <span class='ocrx_word' id='word_1_151' title='bbox 1801 1820 1935 1869; x_wconf 80' lang='lat' dir='ltr'><em>femi-</em></span> 
     </span>
     <span class='ocr_line' id='line_1_22' title="bbox 249 1892 1935 1958; baseline 0.001 -17"><span class='ocrx_word' id='word_1_152' title='bbox 249 1908 341 1941; x_wconf 87' lang='lat' dir='ltr'><em>nae</em></span> <span class='ocrx_word' id='word_1_153' title='bbox 383 1898 527 1942; x_wconf 86' lang='lat' dir='ltr'><em>natus</em></span> <span class='ocrx_word' id='word_1_154' title='bbox 560 1900 650 1943; x_wconf 83' lang='lat' dir='ltr'><em>est.</em></span> <span class='ocrx_word' id='word_1_155' title='bbox 726 1893 895 1958; x_wconf 89' lang='lat' dir='ltr'><em>Neque</em></span> <span class='ocrx_word' id='word_1_156' title='bbox 931 1895 1062 1942; x_wconf 91' lang='lat' dir='ltr'><em>enim</em></span> <span class='ocrx_word' id='word_1_157' title='bbox 1093 1893 1175 1942; x_wconf 92' lang='lat' dir='ltr'><em>illo</em></span> <span class='ocrx_word' id='word_1_158' title='bbox 1211 1900 1323 1943; x_wconf 88' lang='lat' dir='ltr'><em>nato</em></span> <span class='ocrx_word' id='word_1_159' title='bbox 1357 1894 1561 1942; x_wconf 87' lang='lat' dir='ltr'><em>dixisset</em></span> <span class='ocrx_word' id='word_1_160' title='bbox 1598 1893 1764 1956; x_wconf 88' lang='lat' dir='ltr'><em>Adam,</em></span> <span class='ocrx_word' id='word_1_161' title='bbox 1803 1892 1935 1957; x_wconf 88' lang='lat' dir='ltr'><em>quod</em></span> 
     </span>
     <span class='ocr_line' id='line_1_23' title="bbox 250 1966 1936 2031; baseline 0 -17"><span class='ocrx_word' id='word_1_162' title='bbox 250 1966 432 2015; x_wconf 83' lang='lat' dir='ltr'><em>dixisse</em></span> <span class='ocrx_word' id='word_1_163' title='bbox 483 1966 685 2031; x_wconf 88' lang='lat' dir='ltr'><em>legitur:</em></span> <span class='ocrx_word' id='word_1_164' title='bbox 739 1969 1005 2027; x_wconf 81' lang='lat' dir='ltr'><em>Adquisivi</em></span> <span class='ocrx_word' id='word_1_165' title='bbox 1049 1969 1295 2016; x_wconf 77' lang='lat' dir='ltr'><em>hominem</em></span> <span class='ocrx_word' id='word_1_166' title='bbox 1339 1983 1438 2029; x_wconf 82' lang='lat' dir='ltr'><em>per</em></span> <span class='ocrx_word' id='word_1_167' title='bbox 1477 1968 1658 2027; x_wconf 83' lang='lat' dir='ltr'><em>Deum,</em></span> <span class='ocrx_word' id='word_1_168' title='bbox 1706 1967 1801 2014; x_wconf 88' lang='lat' dir='ltr'><em>nisi</em></span> <span class='ocrx_word' id='word_1_169' title='bbox 1839 1966 1936 2014; x_wconf 91' lang='lat' dir='ltr'><em>illis</em></span> 
     </span>
     <span class='ocr_line' id='line_1_24' title="bbox 250 2038 1934 2104; baseline -0.001 -16"><span class='ocrx_word' id='word_1_170' title='bbox 250 2039 444 2088; x_wconf 89' lang='lat' dir='ltr'><em>duobus</em></span> <span class='ocrx_word' id='word_1_171' title='bbox 476 2041 581 2104; x_wconf 91' lang='lat' dir='ltr'><em>ipse</em></span> <span class='ocrx_word' id='word_1_172' title='bbox 616 2041 790 2088; x_wconf 87' lang='lat' dir='ltr'><em>fuisset</em></span> <span class='ocrx_word' id='word_1_173' title='bbox 828 2040 973 2088; x_wconf 90' lang='lat' dir='ltr'><em>homo</em></span> <span class='ocrx_word' id='word_1_174' title='bbox 1014 2039 1259 2088; x_wconf 86' lang='lat' dir='ltr'><em>nascendo</em></span> <span class='ocrx_word' id='word_1_175' title='bbox 1301 2040 1494 2088; x_wconf 88' lang='lat' dir='ltr'><em>additus</em></span> <span class='ocrx_word' id='word_1_176' title='bbox 1534 2041 1735 2103; x_wconf 71' lang='lat' dir='ltr'><em>primus</em></span> <span class='ocrx_word' id='word_1_177' title='bbox 1793 2038 1934 2087; x_wconf 88' lang='lat' dir='ltr'><em>Hunc</em></span> 
     </span>
     <span class='ocr_line' id='line_1_25' title="bbox 250 2112 1935 2179; baseline 0 -18"><span class='ocrx_word' id='word_1_178' title='bbox 250 2119 452 2161; x_wconf 89' lang='lat' dir='ltr'><em>secutus</em></span> <span class='ocrx_word' id='word_1_179' title='bbox 491 2112 626 2179; x_wconf 80' lang='lat' dir='ltr'><em>Abel,</em></span> <span class='ocrx_word' id='word_1_180' title='bbox 666 2128 812 2176; x_wconf 86' lang='lat' dir='ltr'><em>quem</em></span> <span class='ocrx_word' id='word_1_181' title='bbox 852 2115 1007 2161; x_wconf 89' lang='lat' dir='ltr'><em>maior</em></span> <span class='ocrx_word' id='word_1_182' title='bbox 1046 2113 1198 2161; x_wconf 87' lang='lat' dir='ltr'><em>frater</em></span> <span class='ocrx_word' id='word_1_183' title='bbox 1238 2113 1430 2178; x_wconf 76' lang='lat' dir='ltr'><em>occidit,</em></span> <span class='ocrx_word' id='word_1_184' title='bbox 1470 2112 1935 2176; x_wconf 85' lang='lat' dir='ltr'><em>praefigurationem</em></span> 
     </span>
    </p>

    <p class='ocr_par' dir='ltr' id='par_1_8' title="bbox 161 2184 1936 2546">
     <span class='ocr_line' id='line_1_26' title="bbox 161 2184 1936 2250; baseline 0 -15"><span class='ocrx_word' id='word_1_185' title='bbox 161 2195 219 2235; x_wconf 81' lang='lat'><em>25</em></span> <span class='ocrx_word' id='word_1_186' title='bbox 253 2185 495 2250; x_wconf 89' lang='lat' dir='ltr'><em>quandam</em></span> <span class='ocrx_word' id='word_1_187' title='bbox 540 2187 903 2250; x_wconf 88' lang='lat' dir='ltr'><em>peregrinantis</em></span> <span class='ocrx_word' id='word_1_188' title='bbox 950 2187 1159 2235; x_wconf 86' lang='lat' dir='ltr'><em>civitatis</em></span> <span class='ocrx_word' id='word_1_189' title='bbox 1207 2185 1315 2246; x_wconf 84' lang='lat' dir='ltr'><em>Dei,</em></span> <span class='ocrx_word' id='word_1_190' title='bbox 1371 2185 1502 2249; x_wconf 89' lang='lat' dir='ltr'><em>quod</em></span> <span class='ocrx_word' id='word_1_191' title='bbox 1562 2184 1620 2234; x_wconf 93' lang='lat' dir='ltr'><em>ab</em></span> <span class='ocrx_word' id='word_1_192' title='bbox 1672 2187 1835 2250; x_wconf 90' lang='lat' dir='ltr'><em>impiis</em></span> <span class='ocrx_word' id='word_1_193' title='bbox 1887 2194 1936 2235; x_wconf 89' lang='lat' dir='ltr'><em>et</em></span> 
     </span>
     <span class='ocr_line' id='line_1_27' title="bbox 252 2258 1934 2325; baseline -0.001 -18"><span class='ocrx_word' id='word_1_194' title='bbox 252 2258 465 2323; x_wconf 89' lang='lat' dir='ltr'><em>quodam</em></span> <span class='ocrx_word' id='word_1_195' title='bbox 511 2259 655 2307; x_wconf 89' lang='lat' dir='ltr'><em>modo</em></span> <span class='ocrx_word' id='word_1_196' title='bbox 703 2260 988 2325; x_wconf 81' lang='lat' dir='ltr'><em>terrigeniS‚</em></span> <span class='ocrx_word' id='word_1_197' title='bbox 1035 2259 1085 2307; x_wconf 88' lang='lat' dir='ltr'><em>id</em></span> <span class='ocrx_word' id='word_1_198' title='bbox 1135 2266 1209 2308; x_wconf 90' lang='lat' dir='ltr'><em>est</em></span> <span class='ocrx_word' id='word_1_199' title='bbox 1259 2266 1506 2307; x_wconf 85' lang='lat' dir='ltr'><em>terrenam</em></span> <span class='ocrx_word' id='word_1_200' title='bbox 1547 2260 1787 2322; x_wconf 89' lang='lat' dir='ltr'><em>originem</em></span> <span class='ocrx_word' id='word_1_201' title='bbox 1826 2258 1934 2307; x_wconf 89' lang='lat' dir='ltr'><em>dili-</em></span> 
     </span>
     <span class='ocr_line' id='line_1_28' title="bbox 250 2331 1933 2396; baseline -0.001 -15"><span class='ocrx_word' id='word_1_202' title='bbox 250 2331 483 2396; x_wconf 88' lang='lat' dir='ltr'><em>gentibus</em></span> <span class='ocrx_word' id='word_1_203' title='bbox 530 2338 580 2381; x_wconf 91' lang='lat' dir='ltr'><em>et</em></span> <span class='ocrx_word' id='word_1_204' title='bbox 627 2339 854 2381; x_wconf 89' lang='lat' dir='ltr'><em>terrenae</em></span> <span class='ocrx_word' id='word_1_205' title='bbox 903 2333 1112 2381; x_wconf 89' lang='lat' dir='ltr'><em>civitatis</em></span> <span class='ocrx_word' id='word_1_206' title='bbox 1162 2339 1361 2380; x_wconf 87' lang='lat' dir='ltr'><em>terrena</em></span> <span class='ocrx_word' id='word_1_207' title='bbox 1409 2332 1639 2381; x_wconf 85' lang='lat' dir='ltr'><em>felicitate</em></span> <span class='ocrx_word' id='word_1_208' title='bbox 1681 2331 1933 2396; x_wconf 86' lang='lat' dir='ltr'><em>gaudenti-</em></span> 
     </span>
     <span class='ocr_line' id='line_1_29' title="bbox 248 2404 1934 2473; baseline 0.001 -19"><span class='ocrx_word' id='word_1_209' title='bbox 248 2405 359 2473; x_wconf 76' lang='lat' dir='ltr'><em>bus,</em></span> <span class='ocrx_word' id='word_1_210' title='bbox 398 2407 770 2470; x_wconf 87' lang='lat' dir='ltr'><em>persecutiones</em></span> <span class='ocrx_word' id='word_1_211' title='bbox 802 2407 994 2470; x_wconf 90' lang='lat' dir='ltr'><em>iniquas</em></span> <span class='ocrx_word' id='word_1_212' title='bbox 1026 2421 1231 2470; x_wconf 86' lang='lat' dir='ltr'><em>passura</em></span> <span class='ocrx_word' id='word_1_213' title='bbox 1264 2406 1436 2466; x_wconf 88' lang='lat' dir='ltr'><em>suerat,</em></span> <span class='ocrx_word' id='word_1_214' title='bbox 1475 2407 1665 2470; x_wconf 90' lang='lat' dir='ltr'><em>primus</em></span> <span class='ocrx_word' id='word_1_215' title='bbox 1704 2404 1934 2455; x_wconf 89' lang='lat' dir='ltr'><em>ostendit.</em></span> 
     </span>
     <span class='ocr_line' id='line_1_30' title="bbox 251 2478 1932 2546; baseline -0.001 -18"><span class='ocrx_word' id='word_1_216' title='bbox 251 2478 350 2528; x_wconf 87' lang='lat' dir='ltr'><em>Sed</em></span> <span class='ocrx_word' id='word_1_217' title='bbox 391 2485 510 2543; x_wconf 87' lang='lat' dir='ltr'><em>quot</em></span> <span class='ocrx_word' id='word_1_218' title='bbox 549 2494 791 2529; x_wconf 90' lang='lat' dir='ltr'><em>annorum</em></span> <span class='ocrx_word' id='word_1_219' title='bbox 832 2486 936 2528; x_wconf 89' lang='lat' dir='ltr'><em>erat</em></span> <span class='ocrx_word' id='word_1_220' title='bbox 975 2479 1148 2546; x_wconf 73' lang='lat' dir='ltr'><em>Adam,</em></span> <span class='ocrx_word' id='word_1_221' title='bbox 1199 2494 1312 2528; x_wconf 92' lang='lat' dir='ltr'><em>cum</em></span> <span class='ocrx_word' id='word_1_222' title='bbox 1353 2493 1437 2527; x_wconf 93' lang='lat' dir='ltr'><em>eos</em></span> <span class='ocrx_word' id='word_1_223' title='bbox 1477 2480 1667 2543; x_wconf 88' lang='lat' dir='ltr'><em>genuit,</em></span> <span class='ocrx_word' id='word_1_224' title='bbox 1714 2493 1812 2527; x_wconf 91' lang='lat' dir='ltr'><em>non</em></span> <span class='ocrx_word' id='word_1_225' title='bbox 1853 2494 1932 2543; x_wconf 86' lang='lat' dir='ltr'><em>ap-</em></span> 
     </span>
    </p>

    <p class='ocr_par' dir='ltr' id='par_1_9' title="bbox 162 2550 1934 2618">
     <span class='ocr_line' id='line_1_31' title="bbox 162 2550 1934 2618; baseline -0.001 -17"><span class='ocrx_word' id='word_1_226' title='bbox 162 2563 221 2603; x_wconf 89' lang='grc'><em>30</em></span> <span class='ocrx_word' id='word_1_227' title='bbox 250 2559 406 2618; x_wconf 89' lang='lat' dir='ltr'><em>paret.</em></span> <span class='ocrx_word' id='word_1_228' title='bbox 467 2551 654 2601; x_wconf 86' lang='lat' dir='ltr'><em>Exinde</em></span> <span class='ocrx_word' id='word_1_229' title='bbox 689 2552 981 2617; x_wconf 87' lang='lat' dir='ltr'><em>digeruntur</em></span> <span class='ocrx_word' id='word_1_230' title='bbox 1013 2554 1355 2616; x_wconf 88' lang='lat' dir='ltr'><em>generationes</em></span> <span class='ocrx_word' id='word_1_231' title='bbox 1389 2551 1506 2600; x_wconf 87' lang='lat' dir='ltr'><em>aliae</em></span> <span class='ocrx_word' id='word_1_232' title='bbox 1548 2551 1606 2599; x_wconf 88' lang='lat' dir='ltr'><em>de</em></span> <span class='ocrx_word' id='word_1_233' title='bbox 1641 2550 1773 2617; x_wconf 84' lang='lat' dir='ltr'><em>Cain,</em></span> <span class='ocrx_word' id='word_1_234' title='bbox 1813 2551 1934 2600; x_wconf 87' lang='lat' dir='ltr'><em>aliae</em></span> 
     </span>
    </p>
   </div>
   <div class='ocr_carea' id='block_1_5' title="bbox 370 2665 738 2721">
    <p class='ocr_par' dir='ltr' id='par_1_10' title="bbox 370 2665 738 2721">
     <span class='ocr_line' id='line_1_32' title="bbox 370 2665 738 2721; baseline 0 -13"><span class='ocrx_word' id='word_1_235' title='bbox 370 2666 443 2721; x_wconf 82' lang='lat'><em>22)</em></span> <span class='ocrx_word' id='word_1_236' title='bbox 477 2665 588 2710; x_wconf 83' lang='lat' dir='ltr'><em>Gen.</em></span> <span class='ocrx_word' id='word_1_237' title='bbox 623 2670 663 2718; x_wconf 83' lang='lat'>4,</span> <span class='ocrx_word' id='word_1_238' title='bbox 700 2671 738 2708; x_wconf 93' lang='lat'><em>1.</em></span> 
     </span>
    </p>
   </div>
   <div class='ocr_carea' id='block_1_6' title="bbox 246 2756 407 2762">
    <p class='ocr_par' dir='ltr' id='par_1_11' title="bbox 246 2756 407 2762">
     <span class='ocr_line' id='line_1_33' title="bbox 246 2756 407 2762; baseline 0 0"><span class='ocrx_word' id='word_1_239' title='bbox 246 2756 407 2762; x_wconf 95' lang='lat' dir='ltr'><em> </em></span> 
     </span>
    </p>
   </div>
   <div class='ocr_carea' id='block_1_7' title="bbox 416 2757 603 2762">
    <p class='ocr_par' dir='ltr' id='par_1_12' title="bbox 416 2757 603 2762">
     <span class='ocr_line' id='line_1_34' title="bbox 416 2757 603 2762; baseline 0 0"><span class='ocrx_word' id='word_1_240' title='bbox 416 2757 603 2762; x_wconf 95' lang='lat' dir='ltr'><em> </em></span> 
     </span>
    </p>
   </div>
   <div class='ocr_carea' id='block_1_8' title="bbox 248 2795 1936 2970">
    <p class='ocr_par' dir='ltr' id='par_1_13' title="bbox 248 2795 1936 2970">
     <span class='ocr_line' id='line_1_35' title="bbox 370 2795 1935 2853; baseline -0.002 -12"><span class='ocrx_word' id='word_1_241' title='bbox 370 2802 396 2840; x_wconf 85' lang='grc'><strong>9</strong></span> <span class='ocrx_word' id='word_1_242' title='bbox 436 2797 671 2841; x_wconf 79' lang='lat' dir='ltr'><em>vacavisse</em></span> <span class='ocrx_word' id='word_1_243' title='bbox 711 2810 763 2850; x_wconf 84' lang='lat' dir='ltr'><em>v;</em></span> <span class='ocrx_word' id='word_1_244' title='bbox 803 2796 859 2851; x_wconf 82' lang='lat' dir='ltr'><em>cf.</em></span> <span class='ocrx_word' id='word_1_245' title='bbox 901 2795 984 2840; x_wconf 81' lang='lat' dir='ltr'><em>vol.</em></span> <span class='ocrx_word' id='word_1_246' title='bbox 1019 2795 1073 2849; x_wconf 83' lang='grc' dir='ltr'><em>Ι,</em></span> <span class='ocrx_word' id='word_1_247' title='bbox 1105 2800 1212 2850; x_wconf 75' lang='lat'>124,</span> <span class='ocrx_word' id='word_1_248' title='bbox 1244 2801 1304 2841; x_wconf 88' lang='grc'><em>18</em></span> <span class='ocrx_word' id='word_1_249' title='bbox 1351 2797 1367 2853; x_wconf 81' lang='grc' dir='ltr'><em>ΙΙ</em></span> <span class='ocrx_word' id='word_1_250' title='bbox 1410 2801 1466 2840; x_wconf 81' lang='lat'>24</span> <span class='ocrx_word' id='word_1_251' title='bbox 1496 2795 1935 2852; x_wconf 82' lang='lat' dir='ltr'><em>praefigurationem</em></span> 
     </span>
     <span class='ocr_line' id='line_1_36' title="bbox 249 2854 1936 2912; baseline -0.001 -14"><span class='ocrx_word' id='word_1_252' title='bbox 249 2855 484 2910; x_wconf 80' lang='lat' dir='ltr'><em>quandam</em></span> <span class='ocrx_word' id='word_1_253' title='bbox 524 2855 710 2899; x_wconf 81' lang='lat' dir='ltr'><strong><em>VRAF</em></strong></span> <span class='ocrx_word' id='word_1_254' title='bbox 744 2855 807 2899; x_wconf 80' lang='lat' dir='ltr'><em>ed.</em></span> <span class='ocrx_word' id='word_1_255' title='bbox 842 2854 976 2899; x_wconf 53' lang='lat' dir='ltr'><em>Lovn</em></span> <span class='ocrx_word' id='word_1_256' title='bbox 967 2873 977 2908; x_wconf 81' lang='lat'>3</span> <span class='ocrx_word' id='word_1_257' title='bbox 1024 2854 1414 2912; x_wconf 75' lang='lat' dir='ltr'><em>praefiguratione</em></span> <span class='ocrx_word' id='word_1_258' title='bbox 1456 2854 1656 2910; x_wconf 83' lang='lat' dir='ltr'><em>quadam</em></span> <span class='ocrx_word' id='word_1_259' title='bbox 1691 2854 1829 2899; x_wconf 79' lang='lat' dir='ltr'><em>Parr.</em></span> <span class='ocrx_word' id='word_1_260' title='bbox 1862 2868 1887 2897; x_wconf 86' lang='lat' dir='ltr'><em>v</em></span> <span class='ocrx_word' id='word_1_261' title='bbox 1921 2854 1936 2912; x_wconf 69' lang='grc' dir='ltr'>η</span> 
     </span>
     <span class='ocr_line' id='line_1_37' title="bbox 248 2912 1392 2970; baseline 0 -13"><span class='ocrx_word' id='word_1_262' title='bbox 248 2918 307 2958; x_wconf 84' lang='grc'><em>25</em></span> <span class='ocrx_word' id='word_1_263' title='bbox 341 2914 464 2970; x_wconf 88' lang='lat' dir='ltr'><em>quod</em></span> <span class='ocrx_word' id='word_1_264' title='bbox 496 2915 616 2958; x_wconf 80' lang='lat' dir='ltr'><em>esset</em></span> <span class='ocrx_word' id='word_1_265' title='bbox 646 2914 705 2957; x_wconf 86' lang='lat' dir='ltr'><em>ab</em></span> <span class='ocrx_word' id='word_1_266' title='bbox 745 2912 905 2958; x_wconf 81' lang='lat' dir='ltr'><em>V²RF</em></span> <span class='ocrx_word' id='word_1_267' title='bbox 923 2915 939 2970; x_wconf 73' lang='lat' dir='ltr'>u</span> <span class='ocrx_word' id='word_1_268' title='bbox 962 2916 1018 2956; x_wconf 80' lang='lat'><em>28</em></span> <span class='ocrx_word' id='word_1_269' title='bbox 1050 2912 1202 2957; x_wconf 76' lang='lat' dir='ltr'><em>fuerat</em></span> <span class='ocrx_word' id='word_1_270' title='bbox 1232 2926 1313 2958; x_wconf 89' lang='lat' dir='ltr'><em>om.</em></span> <span class='ocrx_word' id='word_1_271' title='bbox 1347 2916 1392 2957; x_wconf 89' lang='lat' dir='ltr'><strong><em>A</em></strong></span> 
     </span>
    </p>
   </div>
  </div>
 </body>
</html>
