2004 3140
202 132 309 186 458
891 143 929 176 S.
960 141 1238 177 Aueus‘mss

136 271 139 274 ⁴
202 263 491 322 putaremus
530 257 611 306 illa
657 256 784 304 bona
831 255 1139 305 Hierusalem
1186 257 1246 306 ad
1285 263 1508 306 nostrum
1550 255 1886 306 tantummodo

113 931 168 971 10

115 1298 169 1338 15

114 1667 169 1707 20

115 2033 169 2074 25

113 2401 170 2441 30

203 333 433 396 spiritum
471 332 745 395 pertinere:
785 330 853 379 Et
889 345 1017 397 ossa,
1055 331 1230 394 inquit,
1269 336 1437 380 vestra
1476 337 1534 380 ut
1570 331 1729 380 herba
1769 344 1885 380 exo-

203 408 432 463 rientur,·
471 403 557 453 ubi
589 405 1008 454 resurrectionem
1040 419 1305 468 corporum
1337 406 1552 471 strinxit,
1592 403 1724 453 velut
1756 403 1888 468 quod

202 493 302 527 non
334 478 523 528 dixerat
555 478 789 544 reddens3
830 492 991 542 neque
1033 479 1165 526 enim
1204 493 1316 527 cum
1355 478 1622 526 viderimus
1662 478 1760 539 fiet,
1801 476 1888 526 sed

204 567 316 601 cum
364 552 515 602 fuerit
561 552 687 601 facta
733 551 1023 600 videbimus
1100 551 1223 600 Nam
1274 557 1324 600 et
1371 551 1430 600 de
1479 551 1612 600 caelo
1665 566 1790 600 novo
1832 565 1886 600 ac

201 632 334 675 terra
374 641 498 675 nova
536 628 630 675 iam
673 641 821 690 supra
861 625 1072 690 dixerat,
1112 625 1230 674 dum
1269 640 1349 691 ea,
1389 640 1511 689 quae
1553 623 1734 675 sanctis
1774 639 1886 689 pro·

201 701 467 749 mittuntur
513 702 564 748 in
612 701 733 766 fine,
781 715 926 764 saepe
976 714 1031 748 ac
1073 698 1441 748 multiformiter
1481 699 1682 748 diceret.
1759 699 1888 765 Erit,

200 775 376 839 inquit,
416 777 611 823 caelum
644 788 823 823 novum
856 780 906 822 et
936 779 1079 823 terra
1111 787 1254 835 nova,
1295 779 1345 822 et
1381 787 1481 822 non
1522 779 1673 822 erunt
1709 787 1886 822 memo-

200 863 284 897 res
318 850 565 909 priorum,
606 863 700 897 nec
740 849 981 896 ascendet
1018 850 1070 896 in
1111 861 1202 896 cor
1241 849 1476 908 ipsorum,
1515 848 1609 896 sed
1644 849 1888 896 laetitiam

201 927 250 972 et
287 924 647 971 exultationem
687 923 944 970 invenient
990 923 1040 970 in
1081 935 1156 970 ea.
1234 921 1371 970 Eece
1410 935 1501 982 eqo
1535 918 1732 981 faciam
1770 921 1887 970 Hie-

200 998 421 1044 rusalem
472 998 831 1045 exultationem
894 1000 943 1044 et
998 997 1238 1057 populum
1292 1009 1454 1044 meum
1509 996 1753 1043 laetitiam
1761 1011 1781 1052 ;
1842 1000 1892 1044 et

200 1070 437 1119 exultabo
486 1072 538 1118 in
583 1069 904 1118 Hierusalem
951 1074 1000 1117 et
1045 1069 1274 1118 laetabor
1321 1071 1374 1117 in
1418 1071 1603 1130 populo
1653 1082 1760 1118 meo
1769 1085 1789 1126 ;
1842 1073 1892 1118 et

200 1146 338 1192 ultra
389 1157 489 1192 non
544 1145 786 1192 audietur
841 1145 893 1191 in
941 1145 1027 1191 illa
1075 1156 1173 1191 vox
1213 1144 1386 1203 fletus,
1435 1148 1484 1190 et
1531 1148 1716 1208 cetera,
1764 1156 1888 1206 quae

203 1216 400 1281 quidam
456 1216 515 1265 ad
569 1215 678 1265 illos
734 1215 954 1265 carnales
1010 1215 1139 1264 mille
1189 1230 1342 1264 annos
1388 1215 1578 1264 referre
1631 1221 1887 1264 conantur.

201 1289 500 1339 Locutiones
548 1292 679 1338 enim
725 1291 944 1355 tropicae
992 1290 1207 1353 propriis
1254 1289 1544 1353 prophetico
1595 1303 1733 1338 more
1773 1290 1887 1338 mis—

201 1371 398 1430 centur,
450 1370 506 1413 ut
553 1363 611 1412 ad
661 1363 969 1412 intellectum
1016 1362 1286 1427 spiritalem
1324 1363 1531 1411 intentio
1572 1361 1735 1411 sobria
1776 1377 1886 1411 cum

201 1437 412 1501 quodam
466 1436 577 1486 utili
624 1452 678 1485 ac
738 1435 927 1485 salubri
974 1435 1140 1484 labore
1192 1437 1467 1501 perveniat;
1523 1437 1720 1500 pigritia
1770 1451 1887 1485 vero

201 1510 408 1559 carnalis
447 1511 522 1560 vel
573 1510 848 1559 ineruditae
889 1516 1036 1574 atque
1075 1511 1424 1558 inexercitatae
1464 1509 1666 1559 tarditas
1707 1511 1888 1559 mentis

201 1590 432 1633 contenta
478 1583 669 1633 litterae
718 1584 980 1648 superficie
1027 1583 1147 1632 nihil
1194 1589 1334 1647 putat
1382 1585 1592 1632 interius
1631 1585 1887 1648 requiren-

202 1657 332 1707 dum.
409 1656 540 1706 Haec
574 1657 632 1706 de
666 1657 970 1722 propheticis
1001 1656 1180 1722 verhiS,
1220 1672 1343 1720 quae
1384 1664 1496 1706 ante
1535 1658 1687 1706 istum
1725 1657 1890 1707 locum

202 1733 385 1796 scripta
425 1738 562 1797 sunt,
603 1732 720 1780 satis
761 1730 984 1780 dixerim.
1062 1730 1117 1779 In
1156 1731 1250 1779 hoc
1291 1736 1456 1780 autem
1494 1730 1617 1797 loco,
1658 1731 1788 1780 unde
1828 1730 1888 1780 ad

200 1804 281 1853 illa
313 1805 522 1868 digressi
555 1820 741 1871 Sumus,
783 1819 895 1854 cum
927 1804 1153 1853 dixisset:
1194 1805 1261 1853 Et
1289 1819 1403 1854 ossa
1435 1810 1602 1854 vestra
1635 1810 1691 1854 ut
1727 1807 1888 1855 herba

200 1881 521 1939 exorientur,
570 1885 626 1927 ut
665 1879 1083 1927 resurrectionem
1125 1880 1287 1927 carnis
1328 1877 1549 1945 quidem,
1598 1877 1684 1927 sed
1723 1886 1888 1928 tamen

202 1952 447 2001 bonorum
487 1967 540 2000 se
580 1967 712 2000 nunc
753 1966 1139 2001 commemorare
1179 1958 1502 2017 monstraret,
1542 1951 1784 2002 adiunxit:
1823 1953 1891 2002 Et

203 2032 536 2087 coqnoscetur
586 2040 765 2075 manus
820 2027 1026 2075 Domini
1083 2027 1360 2075 colentibus
1419 2039 1543 2075 eum.
1634 2025 1761 2083 Quid
1813 2033 1889 2076 est

201 2099 295 2148 hoc
335 2101 431 2147 nisi
462 2114 636 2148 manus
669 2098 1019 2163 distinguentis
1059 2098 1275 2148 cultores
1315 2114 1431 2147 suos
1471 2114 1498 2147 a
1538 2101 1887 2164 contemptori·

201 2171 295 2221 hus
335 2168 478 2221 suis?
554 2171 623 2220 De
665 2171 845 2236 quibus
885 2174 1142 2236 sequentia
1183 2178 1472 2221 contexens:
1513 2173 1581 2220 Et
1617 2176 1886 2223 commina-

202 2247 360 2306 bitur,
399 2246 587 2310 inquit,
639 2247 1040 2307 contumacibuS,
1093 2247 1215 2311 sive,
1263 2250 1319 2293 ut
1357 2247 1425 2294 ait
1463 2244 1586 2294 alius
1625 2248 1888 2311 interpreS,

202 2320 494 2369 incredulis.
579 2317 680 2367 Nec
728 2323 846 2367 tunc
888 2317 1288 2383 comminabitur,
1337 2318 1423 2366 sed
1471 2333 1594 2382 quae
1643 2334 1776 2369 nunc
1817 2319 1886 2369 di-

202 2398 383 2442 cuntur
415 2393 688 2458 minaciter,
727 2398 846 2441 tunc
878 2392 1144 2442 efficaciter
1175 2390 1526 2455 implebuntur.
1590 2393 1725 2443 Eece
1757 2397 1887 2444 enim

202 2467 463 2528 Dominus,
511 2467 694 2530 inquit,
740 2472 798 2515 ut
844 2468 975 2527 ionis
1015 2468 1180 2515 veniet
1218 2471 1267 2514 et
1303 2471 1360 2514 ut
1398 2470 1661 2528 tempestas
1699 2482 1886 2517 currus

203 2542 330 2600 eius,
380 2541 600 2589 reddere
647 2542 697 2588 in
745 2542 1094 2600 indiqnatione
1141 2541 1414 2588 vindictam
1462 2544 1511 2588 et
1559 2544 1887 2591 vastationem

322 2652 393 2706 13)
425 2650 547 2694 Esai.
583 2655 652 2704 65,
687 2655 739 2694 17
773 2665 871 2706 sqq.

202 2870 231 2912 d
293 2815 345 2913 ίΖΕ)
387 2812 607 2856 ascendet
645 2825 733 2856 mss
769 2813 818 2866 (l.
859 2816 926 2859 22
966 2826 1000 2856 c.
1044 2815 1072 2857 3
1103 2813 1193 2866 in.;
1233 2811 1425 2858 Graece.-
1467 2808 1689 2870 ἐπέλθῃ);
1729 2827 1885 2858 ascen-

235 2883 291 2913 en
341 2883 367 2913 υ
