<?xml version="1.0" encoding="UTF-8"?>
<!DOCTYPE html PUBLIC "-//W3C//DTD XHTML 1.0 Transitional//EN"
    "http://www.w3.org/TR/xhtml1/DTD/xhtml1-transitional.dtd">
<html xmlns="http://www.w3.org/1999/xhtml" xml:lang="en" lang="en">
 <head>
  <title>
</title>
<meta http-equiv="Content-Type" content="text/html;charset=utf-8" />
  <meta name='ocr-system' content='tesseract 3.04.00' />
  <meta name='ocr-capabilities' content='ocr_page ocr_carea ocr_par ocr_line ocrx_word'/>
</head>
<body>
  <div class='ocr_page' id='page_1' title='image "./decivitatedeilib02auguuoft_0072.png"; bbox 0 0 2054 3152; ppageno 0'>
   <div class='ocr_carea' id='block_1_1' title="bbox 214 163 1209 216">
    <p class='ocr_par' dir='ltr' id='par_1_1' title="bbox 214 163 1209 216">
     <span class='ocr_line' id='line_1_1' title="bbox 214 163 1209 216; baseline 0.001 -10"><span class='ocrx_word' id='word_1_1' title='bbox 214 163 284 216; x_wconf 80' lang='grc'><strong>68</strong></span> <span class='ocrx_word' id='word_1_2' title='bbox 871 173 908 207; x_wconf 84' lang='lat' dir='ltr'><strong>S.</strong></span> <span class='ocrx_word' id='word_1_3' title='bbox 932 173 1209 208; x_wconf 69' lang='lat' dir='ltr'><strong>Auonsrm1</strong></span> 
     </span>
    </p>
   </div>
   <div class='ocr_carea' id='block_1_2' title="bbox 113 287 1910 2556">
    <p class='ocr_par' dir='ltr' id='par_1_2' title="bbox 113 287 1910 2556">
     <span class='ocr_line' id='line_1_2' title="bbox 222 287 1907 348; baseline 0.001 -11"><span class='ocrx_word' id='word_1_4' title='bbox 222 288 412 337; x_wconf 89' lang='lat' dir='ltr'><strong>dictum</strong></span> <span class='ocrx_word' id='word_1_5' title='bbox 451 294 550 336; x_wconf 89' lang='lat' dir='ltr'><strong>est:</strong></span> <span class='ocrx_word' id='word_1_6' title='bbox 591 287 768 336; x_wconf 82' lang='lat' dir='ltr'><em>Nonne</em></span> <span class='ocrx_word' id='word_1_7' title='bbox 806 288 852 335; x_wconf 78' lang='lat' dir='ltr'><strong>si</strong></span> <span class='ocrx_word' id='word_1_8' title='bbox 889 291 1028 336; x_wconf 78' lang='lat' dir='ltr'><strong>recte</strong></span> <span class='ocrx_word' id='word_1_9' title='bbox 1067 287 1270 348; x_wconf 81' lang='lat' dir='ltr'><strong>offeras,</strong></span> <span class='ocrx_word' id='word_1_10' title='bbox 1310 291 1450 337; x_wconf 80' lang='lat' dir='ltr'><strong>recte</strong></span> <span class='ocrx_word' id='word_1_11' title='bbox 1488 293 1656 337; x_wconf 80' lang='lat' dir='ltr'><strong>autem</strong></span> <span class='ocrx_word' id='word_1_12' title='bbox 1694 302 1794 338; x_wconf 79' lang='lat' dir='ltr'><strong>non</strong></span> <span class='ocrx_word' id='word_1_13' title='bbox 1834 290 1907 338; x_wconf 71' lang='lat' dir='ltr'><strong>di-</strong></span> 
     </span>
     <span class='ocr_line' id='line_1_3' title="bbox 222 359 1909 429; baseline 0.001 -19"><span class='ocrx_word' id='word_1_14' title='bbox 222 363 381 423; x_wconf 68' lang='lat' dir='ltr'><strong>vidua,</strong></span> <span class='ocrx_word' id='word_1_15' title='bbox 416 362 650 423; x_wconf 74' lang='lat' dir='ltr'><strong>peccasti</strong></span> <span class='ocrx_word' id='word_1_16' title='bbox 661 362 684 408; x_wconf 85' lang='lat'><em>?</em></span> <span class='ocrx_word' id='word_1_17' title='bbox 726 361 839 423; x_wconf 90' lang='lat' dir='ltr'><strong>quia</strong></span> <span class='ocrx_word' id='word_1_18' title='bbox 871 375 969 408; x_wconf 91' lang='lat' dir='ltr'><strong>non</strong></span> <span class='ocrx_word' id='word_1_19' title='bbox 996 359 1157 409; x_wconf 90' lang='lat' dir='ltr'><strong>elucet</strong></span> <span class='ocrx_word' id='word_1_20' title='bbox 1189 375 1278 409; x_wconf 90' lang='lat' dir='ltr'><strong>cur</strong></span> <span class='ocrx_word' id='word_1_21' title='bbox 1316 360 1392 409; x_wconf 88' lang='lat' dir='ltr'><strong>vel</strong></span> <span class='ocrx_word' id='word_1_22' title='bbox 1432 360 1562 410; x_wconf 90' lang='lat' dir='ltr'><strong>unde</strong></span> <span class='ocrx_word' id='word_1_23' title='bbox 1603 362 1666 410; x_wconf 91' lang='lat' dir='ltr'><strong>sit</strong></span> <span class='ocrx_word' id='word_1_24' title='bbox 1706 361 1909 429; x_wconf 85' lang='lat' dir='ltr'><strong>dictum,</strong></span> 
     </span>
     <span class='ocr_line' id='line_1_4' title="bbox 231 433 1910 501; baseline 0.001 -18"><span class='ocrx_word' id='word_1_25' title='bbox 231 435 413 484; x_wconf 90' lang='lat' dir='ltr'><strong>multos</strong></span> <span class='ocrx_word' id='word_1_26' title='bbox 467 449 642 483; x_wconf 91' lang='lat' dir='ltr'><strong>sensus</strong></span> <span class='ocrx_word' id='word_1_27' title='bbox 695 435 889 498; x_wconf 82' lang='lat' dir='ltr'>peperit</span> <span class='ocrx_word' id='word_1_28' title='bbox 943 435 1049 482; x_wconf 86' lang='lat' dir='ltr'><strong>eius</strong></span> <span class='ocrx_word' id='word_1_29' title='bbox 1112 433 1385 483; x_wconf 89' lang='lat' dir='ltr'><strong>obscuritas</strong></span> <span class='ocrx_word' id='word_1_30' title='bbox 1398 474 1411 501; x_wconf 90' lang='lat'><strong>,</strong></span> <span class='ocrx_word' id='word_1_31' title='bbox 1466 449 1580 483; x_wconf 93' lang='lat' dir='ltr'><strong>cum</strong></span> <span class='ocrx_word' id='word_1_32' title='bbox 1634 434 1910 485; x_wconf 88' lang='lat' dir='ltr'><strong>divinarum</strong></span> 
     </span>
     <span class='ocr_line' id='line_1_5' title="bbox 232 507 1909 573; baseline 0.001 -17"><span class='ocrx_word' id='word_1_33' title='bbox 232 510 592 573; x_wconf 90' lang='lat' dir='ltr'><strong>scripturarum</strong></span> <span class='ocrx_word' id='word_1_34' title='bbox 623 508 831 572; x_wconf 90' lang='lat' dir='ltr'><strong>quisque</strong></span> <span class='ocrx_word' id='word_1_35' title='bbox 862 514 1099 556; x_wconf 88' lang='lat' dir='ltr'><strong>tractator</strong></span> <span class='ocrx_word' id='word_1_36' title='bbox 1138 507 1411 557; x_wconf 89' lang='lat' dir='ltr'><strong>secundum</strong></span> <span class='ocrx_word' id='word_1_37' title='bbox 1449 507 1563 557; x_wconf 88' lang='lat' dir='ltr'><strong>fidei</strong></span> <span class='ocrx_word' id='word_1_38' title='bbox 1602 508 1820 572; x_wconf 84' lang='lat' dir='ltr'><strong>regulam</strong></span> <span class='ocrx_word' id='word_1_39' title='bbox 1859 509 1909 558; x_wconf 90' lang='lat' dir='ltr'><strong>id</strong></span> 
     </span>
     <span class='ocr_line' id='line_1_6' title="bbox 159 580 1908 647; baseline 0.002 -18"><span class='ocrx_word' id='word_1_40' title='bbox 159 589 184 629; x_wconf 89' lang='lat'>5</span> <span class='ocrx_word' id='word_1_41' title='bbox 219 588 427 631; x_wconf 89' lang='lat' dir='ltr'><strong>conatur</strong></span> <span class='ocrx_word' id='word_1_42' title='bbox 459 596 720 646; x_wconf 82' lang='lat' dir='ltr'><strong>exponere.</strong></span> <span class='ocrx_word' id='word_1_43' title='bbox 797 580 950 630; x_wconf 87' lang='lat' dir='ltr'><strong>Recte</strong></span> <span class='ocrx_word' id='word_1_44' title='bbox 983 583 1165 646; x_wconf 89' lang='lat' dir='ltr'><strong>quippe</strong></span> <span class='ocrx_word' id='word_1_45' title='bbox 1198 582 1404 630; x_wconf 87' lang='lat' dir='ltr'><strong>offertur</strong></span> <span class='ocrx_word' id='word_1_46' title='bbox 1443 581 1755 647; x_wconf 88' lang='lat' dir='ltr'><strong>sacrificium,</strong></span> <span class='ocrx_word' id='word_1_47' title='bbox 1795 597 1908 632; x_wconf 89' lang='lat' dir='ltr'><strong>cum</strong></span> 
     </span>
     <span class='ocr_line' id='line_1_7' title="bbox 215 654 1909 720; baseline 0 -16"><span class='ocrx_word' id='word_1_48' title='bbox 215 656 422 704; x_wconf 84' lang='lat' dir='ltr'><strong>offertur</strong></span> <span class='ocrx_word' id='word_1_49' title='bbox 478 654 580 703; x_wconf 89' lang='lat' dir='ltr'><strong>Deo</strong></span> <span class='ocrx_word' id='word_1_50' title='bbox 630 669 773 720; x_wconf 87' lang='lat' dir='ltr'><strong>ver0,</strong></span> <span class='ocrx_word' id='word_1_51' title='bbox 835 656 915 703; x_wconf 92' lang='lat' dir='ltr'><strong>cui</strong></span> <span class='ocrx_word' id='word_1_52' title='bbox 979 656 1064 704; x_wconf 91' lang='lat' dir='ltr'><strong>uni</strong></span> <span class='ocrx_word' id='word_1_53' title='bbox 1129 655 1469 704; x_wconf 84' lang='lat' dir='ltr'><strong>tantummodo</strong></span> <span class='ocrx_word' id='word_1_54' title='bbox 1533 655 1909 704; x_wconf 88' lang='lat' dir='ltr'><strong>sacrificandum</strong></span> 
     </span>
     <span class='ocr_line' id='line_1_8' title="bbox 216 727 1907 794; baseline 0.001 -17"><span class='ocrx_word' id='word_1_55' title='bbox 216 735 306 778; x_wconf 89' lang='lat' dir='ltr'><strong>est.</strong></span> <span class='ocrx_word' id='word_1_56' title='bbox 383 727 494 777; x_wconf 92' lang='lat' dir='ltr'><strong>Non</strong></span> <span class='ocrx_word' id='word_1_57' title='bbox 542 735 706 777; x_wconf 88' lang='lat' dir='ltr'><strong>autem</strong></span> <span class='ocrx_word' id='word_1_58' title='bbox 752 734 888 777; x_wconf 90' lang='lat' dir='ltr'><strong>recte</strong></span> <span class='ocrx_word' id='word_1_59' title='bbox 937 727 1193 794; x_wconf 84' lang='lat' dir='ltr'><strong>dividitur,</strong></span> <span class='ocrx_word' id='word_1_60' title='bbox 1241 728 1359 777; x_wconf 90' lang='lat' dir='ltr'><strong>dum</strong></span> <span class='ocrx_word' id='word_1_61' title='bbox 1407 743 1506 776; x_wconf 91' lang='lat' dir='ltr'><strong>non</strong></span> <span class='ocrx_word' id='word_1_62' title='bbox 1555 728 1907 778; x_wconf 89' lang='lat' dir='ltr'><strong>discernuntur</strong></span> 
     </span>
     <span class='ocr_line' id='line_1_9' title="bbox 214 801 1904 866; baseline 0.001 -16"><span class='ocrx_word' id='word_1_63' title='bbox 214 808 351 851; x_wconf 87' lang='lat' dir='ltr'><strong>recte</strong></span> <span class='ocrx_word' id='word_1_64' title='bbox 392 801 468 850; x_wconf 88' lang='lat' dir='ltr'><strong>vel</strong></span> <span class='ocrx_word' id='word_1_65' title='bbox 513 801 620 851; x_wconf 91' lang='lat' dir='ltr'><strong>loca</strong></span> <span class='ocrx_word' id='word_1_66' title='bbox 666 801 742 850; x_wconf 90' lang='lat' dir='ltr'><strong>vel</strong></span> <span class='ocrx_word' id='word_1_67' title='bbox 780 808 1003 865; x_wconf 89' lang='lat' dir='ltr'><strong>tempora</strong></span> <span class='ocrx_word' id='word_1_68' title='bbox 1042 801 1118 850; x_wconf 85' lang='lat' dir='ltr'><strong>vel</strong></span> <span class='ocrx_word' id='word_1_69' title='bbox 1164 817 1246 850; x_wconf 89' lang='lat' dir='ltr'><strong>res</strong></span> <span class='ocrx_word' id='word_1_70' title='bbox 1285 803 1419 866; x_wconf 83' lang='lat' dir='ltr'><strong>ipsae</strong></span> <span class='ocrx_word' id='word_1_71' title='bbox 1461 816 1584 865; x_wconf 91' lang='lat' dir='ltr'><strong>quae</strong></span> <span class='ocrx_word' id='word_1_72' title='bbox 1626 802 1904 851; x_wconf 82' lang='lat' dir='ltr'><strong>offeruntur</strong></span> 
     </span>
     <span class='ocr_line' id='line_1_10' title="bbox 213 874 1907 939; baseline 0.001 -16"><span class='ocrx_word' id='word_1_73' title='bbox 213 875 290 924; x_wconf 88' lang='lat' dir='ltr'><strong>vel</strong></span> <span class='ocrx_word' id='word_1_74' title='bbox 330 877 416 939; x_wconf 93' lang='lat' dir='ltr'><strong>qui</strong></span> <span class='ocrx_word' id='word_1_75' title='bbox 447 876 593 924; x_wconf 85' lang='lat' dir='ltr'><strong>offert</strong></span> <span class='ocrx_word' id='word_1_76' title='bbox 626 881 675 923; x_wconf 89' lang='lat' dir='ltr'><strong>et</strong></span> <span class='ocrx_word' id='word_1_77' title='bbox 714 876 794 923; x_wconf 90' lang='lat' dir='ltr'><strong>cui</strong></span> <span class='ocrx_word' id='word_1_78' title='bbox 820 875 1027 924; x_wconf 86' lang='lat' dir='ltr'><strong>offertur</strong></span> <span class='ocrx_word' id='word_1_79' title='bbox 1065 874 1140 923; x_wconf 90' lang='lat' dir='ltr'><strong>vel</strong></span> <span class='ocrx_word' id='word_1_80' title='bbox 1179 874 1245 935; x_wconf 85' lang='lat' dir='ltr'><strong>hi,</strong></span> <span class='ocrx_word' id='word_1_81' title='bbox 1289 874 1469 938; x_wconf 89' lang='lat' dir='ltr'><strong>quibus</strong></span> <span class='ocrx_word' id='word_1_82' title='bbox 1509 875 1569 923; x_wconf 86' lang='lat' dir='ltr'><strong>ad</strong></span> <span class='ocrx_word' id='word_1_83' title='bbox 1607 875 1907 925; x_wconf 85' lang='lat' dir='ltr'><strong>vescendum</strong></span> 
     </span>
     <span class='ocr_line' id='line_1_11' title="bbox 128 947 1904 1015; baseline 0.001 -19"><span class='ocrx_word' id='word_1_84' title='bbox 128 956 182 996; x_wconf 87' lang='lat'><strong>10</strong></span> <span class='ocrx_word' id='word_1_85' title='bbox 213 948 530 1002; x_wconf 85' lang='lat' dir='ltr'><strong>distribuitur</strong></span> <span class='ocrx_word' id='word_1_86' title='bbox 563 948 694 1012; x_wconf 89' lang='lat' dir='ltr'><strong>quod</strong></span> <span class='ocrx_word' id='word_1_87' title='bbox 726 947 944 997; x_wconf 90' lang='lat' dir='ltr'><strong>oblatum</strong></span> <span class='ocrx_word' id='word_1_88' title='bbox 977 955 1066 1015; x_wconf 88' lang='lat' dir='ltr'><strong>est,</strong></span> <span class='ocrx_word' id='word_1_89' title='bbox 1106 954 1161 996; x_wconf 90' lang='lat' dir='ltr'><strong>ut</strong></span> <span class='ocrx_word' id='word_1_90' title='bbox 1201 948 1493 997; x_wconf 91' lang='lat' dir='ltr'><strong>divisionem</strong></span> <span class='ocrx_word' id='word_1_91' title='bbox 1530 948 1610 997; x_wconf 90' lang='lat' dir='ltr'><strong>hic</strong></span> <span class='ocrx_word' id='word_1_92' title='bbox 1651 948 1904 998; x_wconf 88' lang='lat' dir='ltr'><strong>discretio-</strong></span> 
     </span>
     <span class='ocr_line' id='line_1_12' title="bbox 210 1021 1908 1087; baseline 0 -16"><span class='ocrx_word' id='word_1_93' title='bbox 210 1038 326 1071; x_wconf 90' lang='lat' dir='ltr'><strong>nem</strong></span> <span class='ocrx_word' id='word_1_94' title='bbox 357 1021 723 1086; x_wconf 84' lang='lat' dir='ltr'><strong>intellegamus3</strong></span> <span class='ocrx_word' id='word_1_95' title='bbox 765 1023 866 1070; x_wconf 87' lang='lat' dir='ltr'><strong>sive</strong></span> <span class='ocrx_word' id='word_1_96' title='bbox 908 1037 1022 1071; x_wconf 89' lang='lat' dir='ltr'><strong>cum</strong></span> <span class='ocrx_word' id='word_1_97' title='bbox 1061 1021 1298 1087; x_wconf 68' lang='lat' dir='ltr'><strong>offertur,</strong></span> <span class='ocrx_word' id='word_1_98' title='bbox 1322 1021 1409 1070; x_wconf 90' lang='lat' dir='ltr'><strong>ubi</strong></span> <span class='ocrx_word' id='word_1_99' title='bbox 1448 1036 1547 1070; x_wconf 92' lang='lat' dir='ltr'><strong>non</strong></span> <span class='ocrx_word' id='word_1_100' title='bbox 1587 1027 1783 1086; x_wconf 84' lang='lat' dir='ltr'><strong>oportet</strong></span> <span class='ocrx_word' id='word_1_101' title='bbox 1822 1030 1908 1071; x_wconf 88' lang='lat' dir='ltr'><strong>aut</strong></span> 
     </span>
     <span class='ocr_line' id='line_1_13' title="bbox 211 1094 1902 1162; baseline -0.001 -17"><span class='ocrx_word' id='word_1_102' title='bbox 211 1095 343 1160; x_wconf 91' lang='lat' dir='ltr'><strong>quod</strong></span> <span class='ocrx_word' id='word_1_103' title='bbox 375 1110 475 1144; x_wconf 91' lang='lat' dir='ltr'><strong>non</strong></span> <span class='ocrx_word' id='word_1_104' title='bbox 507 1095 591 1157; x_wconf 89' lang='lat' dir='ltr'><strong>ibi,</strong></span> <span class='ocrx_word' id='word_1_105' title='bbox 632 1094 719 1144; x_wconf 90' lang='lat' dir='ltr'><strong>sed</strong></span> <span class='ocrx_word' id='word_1_106' title='bbox 751 1094 865 1144; x_wconf 92' lang='lat' dir='ltr'><strong>alibi</strong></span> <span class='ocrx_word' id='word_1_107' title='bbox 898 1101 1107 1161; x_wconf 80' lang='lat' dir='ltr'><strong>oportet,</strong></span> <span class='ocrx_word' id='word_1_108' title='bbox 1148 1097 1248 1144; x_wconf 89' lang='lat' dir='ltr'><strong>sive</strong></span> <span class='ocrx_word' id='word_1_109' title='bbox 1291 1110 1404 1144; x_wconf 90' lang='lat' dir='ltr'><strong>cum</strong></span> <span class='ocrx_word' id='word_1_110' title='bbox 1445 1096 1668 1162; x_wconf 83' lang='lat' dir='ltr'><strong>offertur,</strong></span> <span class='ocrx_word' id='word_1_111' title='bbox 1709 1097 1902 1160; x_wconf 88' lang='lat' dir='ltr'><strong>quando</strong></span> 
     </span>
     <span class='ocr_line' id='line_1_14' title="bbox 208 1168 1900 1234; baseline 0 -17"><span class='ocrx_word' id='word_1_112' title='bbox 208 1184 309 1218; x_wconf 89' lang='lat' dir='ltr'><strong>non</strong></span> <span class='ocrx_word' id='word_1_113' title='bbox 357 1175 554 1233; x_wconf 83' lang='lat' dir='ltr'><strong>oportet</strong></span> <span class='ocrx_word' id='word_1_114' title='bbox 602 1174 686 1218; x_wconf 88' lang='lat' dir='ltr'><strong>aut</strong></span> <span class='ocrx_word' id='word_1_115' title='bbox 735 1168 865 1233; x_wconf 93' lang='lat' dir='ltr'><strong>quod</strong></span> <span class='ocrx_word' id='word_1_116' title='bbox 912 1184 1011 1218; x_wconf 89' lang='lat' dir='ltr'><strong>non</strong></span> <span class='ocrx_word' id='word_1_117' title='bbox 1061 1175 1202 1234; x_wconf 85' lang='lat' dir='ltr'><strong>tunc,</strong></span> <span class='ocrx_word' id='word_1_118' title='bbox 1252 1169 1338 1218; x_wconf 90' lang='lat' dir='ltr'><strong>sed</strong></span> <span class='ocrx_word' id='word_1_119' title='bbox 1379 1168 1495 1217; x_wconf 90' lang='lat' dir='ltr'><strong>alias</strong></span> <span class='ocrx_word' id='word_1_120' title='bbox 1535 1175 1752 1234; x_wconf 87' lang='lat' dir='ltr'><strong>oportet,</strong></span> <span class='ocrx_word' id='word_1_121' title='bbox 1800 1171 1900 1218; x_wconf 87' lang='lat' dir='ltr'><strong>sive</strong></span> 
     </span>
     <span class='ocr_line' id='line_1_15' title="bbox 208 1241 1902 1308; baseline 0.001 -17"><span class='ocrx_word' id='word_1_122' title='bbox 208 1258 322 1292; x_wconf 89' lang='lat' dir='ltr'><strong>cum</strong></span> <span class='ocrx_word' id='word_1_123' title='bbox 356 1243 578 1308; x_wconf 85' lang='lat' dir='ltr'><strong>offertur,</strong></span> <span class='ocrx_word' id='word_1_124' title='bbox 619 1241 749 1306; x_wconf 91' lang='lat' dir='ltr'><strong>quod</strong></span> <span class='ocrx_word' id='word_1_125' title='bbox 791 1257 1034 1306; x_wconf 82' lang='lat' dir='ltr'>nusquam</span> <span class='ocrx_word' id='word_1_126' title='bbox 1084 1248 1133 1291; x_wconf 88' lang='lat' dir='ltr'><strong>et</strong></span> <span class='ocrx_word' id='word_1_127' title='bbox 1171 1257 1440 1306; x_wconf 82' lang='lat' dir='ltr'><strong>numquam</strong></span> <span class='ocrx_word' id='word_1_128' title='bbox 1479 1244 1677 1307; x_wconf 90' lang='lat' dir='ltr'><strong>penitus</strong></span> <span class='ocrx_word' id='word_1_129' title='bbox 1717 1241 1902 1303; x_wconf 84' lang='lat' dir='ltr'><strong>debuit,</strong></span> 
     </span>
     <span class='ocr_line' id='line_1_16' title="bbox 120 1315 1904 1382; baseline 0.001 -19"><span class='ocrx_word' id='word_1_130' title='bbox 120 1323 175 1364; x_wconf 88' lang='lat'><strong>15</strong></span> <span class='ocrx_word' id='word_1_131' title='bbox 209 1318 309 1365; x_wconf 90' lang='lat' dir='ltr'><strong>sive</strong></span> <span class='ocrx_word' id='word_1_132' title='bbox 343 1331 456 1366; x_wconf 91' lang='lat' dir='ltr'><strong>cum</strong></span> <span class='ocrx_word' id='word_1_133' title='bbox 490 1315 722 1364; x_wconf 82' lang='lat' dir='ltr'><strong>electiora</strong></span> <span class='ocrx_word' id='word_1_134' title='bbox 758 1315 852 1364; x_wconf 91' lang='lat' dir='ltr'><strong>sibi</strong></span> <span class='ocrx_word' id='word_1_135' title='bbox 885 1316 1107 1366; x_wconf 89' lang='lat' dir='ltr'><strong>eiusdem</strong></span> <span class='ocrx_word' id='word_1_136' title='bbox 1138 1317 1335 1380; x_wconf 86' lang='lat' dir='ltr'><strong>generis</strong></span> <span class='ocrx_word' id='word_1_137' title='bbox 1367 1331 1537 1365; x_wconf 89' lang='lat' dir='ltr'><strong>rerum</strong></span> <span class='ocrx_word' id='word_1_138' title='bbox 1567 1322 1705 1365; x_wconf 88' lang='lat' dir='ltr'><strong>tenet</strong></span> <span class='ocrx_word' id='word_1_139' title='bbox 1742 1315 1904 1382; x_wconf 86' lang='lat' dir='ltr'><strong>homo,</strong></span> 
     </span>
     <span class='ocr_line' id='line_1_17' title="bbox 209 1388 1902 1455; baseline 0.001 -17"><span class='ocrx_word' id='word_1_140' title='bbox 209 1405 357 1454; x_wconf 88' lang='lat' dir='ltr'><strong>quam</strong></span> <span class='ocrx_word' id='word_1_141' title='bbox 397 1396 513 1438; x_wconf 88' lang='lat' dir='ltr'><strong>sunt</strong></span> <span class='ocrx_word' id='word_1_142' title='bbox 546 1404 616 1450; x_wconf 84' lang='lat' dir='ltr'><strong>ea,</strong></span> <span class='ocrx_word' id='word_1_143' title='bbox 657 1404 783 1453; x_wconf 89' lang='lat' dir='ltr'><strong>quae</strong></span> <span class='ocrx_word' id='word_1_144' title='bbox 825 1390 970 1438; x_wconf 86' lang='lat' dir='ltr'><strong>offert</strong></span> <span class='ocrx_word' id='word_1_145' title='bbox 1002 1389 1118 1454; x_wconf 91' lang='lat' dir='ltr'><strong>De0,</strong></span> <span class='ocrx_word' id='word_1_146' title='bbox 1159 1390 1259 1437; x_wconf 88' lang='lat' dir='ltr'><strong>sive</strong></span> <span class='ocrx_word' id='word_1_147' title='bbox 1300 1391 1407 1438; x_wconf 91' lang='lat' dir='ltr'><strong>eius</strong></span> <span class='ocrx_word' id='word_1_148' title='bbox 1447 1391 1536 1455; x_wconf 90' lang='lat' dir='ltr'><strong>rei,</strong></span> <span class='ocrx_word' id='word_1_149' title='bbox 1577 1404 1700 1453; x_wconf 90' lang='lat' dir='ltr'><strong>quae</strong></span> <span class='ocrx_word' id='word_1_150' title='bbox 1742 1388 1902 1439; x_wconf 85' lang='lat' dir='ltr'><strong>oblata</strong></span> 
     </span>
     <span class='ocr_line' id='line_1_18' title="bbox 209 1462 1902 1529; baseline 0 -17"><span class='ocrx_word' id='word_1_151' title='bbox 209 1470 299 1529; x_wconf 91' lang='lat' dir='ltr'><strong>est,</strong></span> <span class='ocrx_word' id='word_1_152' title='bbox 337 1463 391 1512; x_wconf 85' lang='lat' dir='ltr'><strong>fit</strong></span> <span class='ocrx_word' id='word_1_153' title='bbox 429 1465 679 1528; x_wconf 82' lang='lat' dir='ltr'><strong>particeps</strong></span> <span class='ocrx_word' id='word_1_154' title='bbox 729 1463 966 1527; x_wconf 82' lang='lat' dir='ltr'><strong>profanus</strong></span> <span class='ocrx_word' id='word_1_155' title='bbox 1018 1469 1102 1512; x_wconf 89' lang='lat' dir='ltr'><strong>aut</strong></span> <span class='ocrx_word' id='word_1_156' title='bbox 1141 1462 1348 1526; x_wconf 86' lang='lat' dir='ltr'><strong>quilibet</strong></span> <span class='ocrx_word' id='word_1_157' title='bbox 1389 1478 1534 1526; x_wconf 90' lang='lat' dir='ltr'><strong>quem</strong></span> <span class='ocrx_word' id='word_1_158' title='bbox 1575 1463 1647 1511; x_wconf 86' lang='lat' dir='ltr'><strong>fas</strong></span> <span class='ocrx_word' id='word_1_159' title='bbox 1688 1477 1787 1511; x_wconf 88' lang='lat' dir='ltr'><strong>non</strong></span> <span class='ocrx_word' id='word_1_160' title='bbox 1828 1471 1902 1512; x_wconf 90' lang='lat' dir='ltr'><strong>est</strong></span> 
     </span>
     <span class='ocr_line' id='line_1_19' title="bbox 207 1535 1900 1603; baseline 0.001 -19"><span class='ocrx_word' id='word_1_161' title='bbox 207 1537 330 1586; x_wconf 87' lang='lat' dir='ltr'><strong>fieri.</strong></span> <span class='ocrx_word' id='word_1_162' title='bbox 407 1536 463 1585; x_wconf 91' lang='lat' dir='ltr'><strong>In</strong></span> <span class='ocrx_word' id='word_1_163' title='bbox 514 1551 611 1600; x_wconf 92' lang='lat' dir='ltr'><strong>quo</strong></span> <span class='ocrx_word' id='word_1_164' title='bbox 661 1542 823 1585; x_wconf 89' lang='lat' dir='ltr'><strong>autem</strong></span> <span class='ocrx_word' id='word_1_165' title='bbox 863 1536 1042 1586; x_wconf 90' lang='lat' dir='ltr'><strong>horum</strong></span> <span class='ocrx_word' id='word_1_166' title='bbox 1081 1535 1183 1585; x_wconf 91' lang='lat' dir='ltr'><strong>Deo</strong></span> <span class='ocrx_word' id='word_1_167' title='bbox 1223 1535 1531 1600; x_wconf 89' lang='lat' dir='ltr'><strong>displicuerit</strong></span> <span class='ocrx_word' id='word_1_168' title='bbox 1571 1535 1712 1603; x_wconf 89' lang='lat' dir='ltr'><strong>Cain,</strong></span> <span class='ocrx_word' id='word_1_169' title='bbox 1759 1537 1900 1586; x_wconf 87' lang='lat' dir='ltr'><strong>facile</strong></span> 
     </span>
     <span class='ocr_line' id='line_1_20' title="bbox 207 1609 1902 1676; baseline 0.001 -18"><span class='ocrx_word' id='word_1_170' title='bbox 207 1625 308 1659; x_wconf 92' lang='lat' dir='ltr'><strong>non</strong></span> <span class='ocrx_word' id='word_1_171' title='bbox 339 1616 504 1674; x_wconf 87' lang='lat' dir='ltr'><strong>potest</strong></span> <span class='ocrx_word' id='word_1_172' title='bbox 535 1611 759 1659; x_wconf 85' lang='lat' dir='ltr'><strong>inveniri.</strong></span> <span class='ocrx_word' id='word_1_173' title='bbox 809 1609 905 1658; x_wconf 90' lang='lat' dir='ltr'><strong>Sed</strong></span> <span class='ocrx_word' id='word_1_174' title='bbox 938 1611 1170 1674; x_wconf 89' lang='lat' dir='ltr'><strong>quoniam</strong></span> <span class='ocrx_word' id='word_1_175' title='bbox 1202 1609 1444 1658; x_wconf 86' lang='lat' dir='ltr'><strong>Iohannes</strong></span> <span class='ocrx_word' id='word_1_176' title='bbox 1484 1609 1749 1676; x_wconf 78' lang='lat' dir='ltr'><strong>apostOIUS,</strong></span> <span class='ocrx_word' id='word_1_177' title='bbox 1789 1625 1902 1659; x_wconf 90' lang='lat' dir='ltr'><strong>cum</strong></span> 
     </span>
     <span class='ocr_line' id='line_1_21' title="bbox 113 1683 1901 1749; baseline 0.002 -18"><span class='ocrx_word' id='word_1_178' title='bbox 113 1692 175 1731; x_wconf 80' lang='grc'><strong>20</strong></span> <span class='ocrx_word' id='word_1_179' title='bbox 210 1683 268 1732; x_wconf 89' lang='lat' dir='ltr'><strong>de</strong></span> <span class='ocrx_word' id='word_1_180' title='bbox 309 1683 386 1732; x_wconf 91' lang='lat' dir='ltr'><strong>his</strong></span> <span class='ocrx_word' id='word_1_181' title='bbox 435 1683 670 1732; x_wconf 83' lang='lat' dir='ltr'><strong>fratribus</strong></span> <span class='ocrx_word' id='word_1_182' title='bbox 718 1683 1028 1747; x_wconf 88' lang='lat' dir='ltr'><strong>loqueretur:</strong></span> <span class='ocrx_word' id='word_1_183' title='bbox 1083 1685 1193 1732; x_wconf 81' lang='lat' dir='ltr'><strong>Non</strong></span> <span class='ocrx_word' id='word_1_184' title='bbox 1233 1686 1365 1733; x_wconf 76' lang='lat' dir='ltr'><strong>sicut</strong></span> <span class='ocrx_word' id='word_1_185' title='bbox 1410 1684 1556 1745; x_wconf 75' lang='lat' dir='ltr'><strong>Cain,</strong></span> <span class='ocrx_word' id='word_1_186' title='bbox 1603 1685 1787 1749; x_wconf 88' lang='lat' dir='ltr'><strong>inquit,</strong></span> <span class='ocrx_word' id='word_1_187' title='bbox 1835 1699 1901 1734; x_wconf 75' lang='lat' dir='ltr'><strong>ex</strong></span> 
     </span>
     <span class='ocr_line' id='line_1_22' title="bbox 204 1756 1898 1818; baseline 0 -12"><span class='ocrx_word' id='word_1_188' title='bbox 204 1760 424 1818; x_wconf 70' lang='lat' dir='ltr'><strong>malique</strong></span> <span class='ocrx_word' id='word_1_189' title='bbox 481 1763 595 1806; x_wconf 80' lang='lat' dir='ltr'><strong>erat</strong></span> <span class='ocrx_word' id='word_1_190' title='bbox 649 1762 698 1806; x_wconf 84' lang='lat' dir='ltr'><strong>et</strong></span> <span class='ocrx_word' id='word_1_191' title='bbox 750 1759 940 1806; x_wconf 74' lang='lat' dir='ltr'><strong>occidit</strong></span> <span class='ocrx_word' id='word_1_192' title='bbox 987 1756 1210 1818; x_wconf 81' lang='lat' dir='ltr'><strong>fratrem</strong></span> <span class='ocrx_word' id='word_1_193' title='bbox 1263 1771 1407 1806; x_wconf 81' lang='lat' dir='ltr'><strong>suum</strong></span> <span class='ocrx_word' id='word_1_194' title='bbox 1417 1775 1437 1815; x_wconf 90' lang='lat'><strong>,·</strong></span> <span class='ocrx_word' id='word_1_195' title='bbox 1493 1763 1542 1806; x_wconf 82' lang='lat' dir='ltr'><strong>et</strong></span> <span class='ocrx_word' id='word_1_196' title='bbox 1609 1759 1755 1806; x_wconf 78' lang='lat' dir='ltr'><strong>cuius</strong></span> <span class='ocrx_word' id='word_1_197' title='bbox 1817 1760 1898 1806; x_wconf 71' lang='lat' dir='ltr'><strong>rei</strong></span> 
     </span>
     <span class='ocr_line' id='line_1_23' title="bbox 202 1829 1895 1893; baseline 0.001 -14"><span class='ocrx_word' id='word_1_198' title='bbox 202 1833 380 1892; x_wconf 66' lang='lat' dir='ltr'><strong>qratia</strong></span> <span class='ocrx_word' id='word_1_199' title='bbox 421 1833 642 1880; x_wconf 73' lang='lat' dir='ltr'><strong>oceidit?</strong></span> <span class='ocrx_word' id='word_1_200' title='bbox 727 1832 858 1890; x_wconf 71' lang='lat' dir='ltr'><strong>Quia</strong></span> <span class='ocrx_word' id='word_1_201' title='bbox 892 1845 1049 1893; x_wconf 77' lang='lat' dir='ltr'><strong>opera</strong></span> <span class='ocrx_word' id='word_1_202' title='bbox 1090 1833 1223 1879; x_wconf 71' lang='lat' dir='ltr'><strong>illius</strong></span> <span class='ocrx_word' id='word_1_203' title='bbox 1262 1833 1486 1892; x_wconf 60' lang='lat' dir='ltr'><strong>maliana</strong></span> <span class='ocrx_word' id='word_1_204' title='bbox 1521 1830 1749 1891; x_wconf 80' lang='lat' dir='ltr'><strong>suerunt,</strong></span> <span class='ocrx_word' id='word_1_205' title='bbox 1783 1829 1895 1891; x_wconf 83' lang='lat' dir='ltr'><strong>fra-</strong></span> 
     </span>
     <span class='ocr_line' id='line_1_24' title="bbox 206 1902 1898 1968; baseline 0 -16"><span class='ocrx_word' id='word_1_206' title='bbox 206 1907 300 1953; x_wconf 74' lang='lat' dir='ltr'><strong>tris</strong></span> <span class='ocrx_word' id='word_1_207' title='bbox 354 1909 521 1952; x_wconf 77' lang='lat' dir='ltr'><strong>autem</strong></span> <span class='ocrx_word' id='word_1_208' title='bbox 576 1907 683 1953; x_wconf 73' lang='lat' dir='ltr'><strong>eius</strong></span> <span class='ocrx_word' id='word_1_209' title='bbox 738 1907 895 1953; x_wconf 76' lang='lat' dir='ltr'><strong>iusta:</strong></span> <span class='ocrx_word' id='word_1_210' title='bbox 957 1904 1101 1952; x_wconf 90' lang='lat' dir='ltr'><strong>datur</strong></span> <span class='ocrx_word' id='word_1_211' title='bbox 1160 1902 1378 1968; x_wconf 85' lang='lat' dir='ltr'><strong>intellegi</strong></span> <span class='ocrx_word' id='word_1_212' title='bbox 1427 1910 1691 1968; x_wconf 89' lang='lat' dir='ltr'><strong>propterea</strong></span> <span class='ocrx_word' id='word_1_213' title='bbox 1744 1903 1898 1953; x_wconf 89' lang='lat' dir='ltr'><strong>Deum</strong></span> 
     </span>
     <span class='ocr_line' id='line_1_25' title="bbox 211 1976 1898 2041; baseline 0 -16"><span class='ocrx_word' id='word_1_214' title='bbox 211 1993 310 2025; x_wconf 90' lang='lat' dir='ltr'><strong>non</strong></span> <span class='ocrx_word' id='word_1_215' title='bbox 356 1979 635 2041; x_wconf 84' lang='lat' dir='ltr'><strong>respexisse</strong></span> <span class='ocrx_word' id='word_1_216' title='bbox 682 1979 734 2025; x_wconf 90' lang='lat' dir='ltr'><strong>in</strong></span> <span class='ocrx_word' id='word_1_217' title='bbox 773 1992 955 2025; x_wconf 92' lang='lat' dir='ltr'><strong>munus</strong></span> <span class='ocrx_word' id='word_1_218' title='bbox 1002 1979 1132 2037; x_wconf 83' lang='lat' dir='ltr'><strong>eiuS,</strong></span> <span class='ocrx_word' id='word_1_219' title='bbox 1184 1978 1297 2040; x_wconf 91' lang='lat' dir='ltr'><strong>quia</strong></span> <span class='ocrx_word' id='word_1_220' title='bbox 1335 1976 1428 2025; x_wconf 92' lang='lat' dir='ltr'><strong>hoc</strong></span> <span class='ocrx_word' id='word_1_221' title='bbox 1467 1978 1574 2040; x_wconf 90' lang='lat' dir='ltr'><strong>ipso</strong></span> <span class='ocrx_word' id='word_1_222' title='bbox 1615 1976 1739 2025; x_wconf 89' lang='lat' dir='ltr'><strong>male</strong></span> <span class='ocrx_word' id='word_1_223' title='bbox 1779 1976 1898 2025; x_wconf 87' lang='lat' dir='ltr'><strong>divi-</strong></span> 
     </span>
     <span class='ocr_line' id='line_1_26' title="bbox 123 2048 1898 2115; baseline -0.001 -16"><span class='ocrx_word' id='word_1_224' title='bbox 123 2059 179 2099; x_wconf 85' lang='grc'><strong>25</strong></span> <span class='ocrx_word' id='word_1_225' title='bbox 213 2049 373 2110; x_wconf 87' lang='lat' dir='ltr'><strong>debat,</strong></span> <span class='ocrx_word' id='word_1_226' title='bbox 414 2050 535 2098; x_wconf 90' lang='lat' dir='ltr'><strong>dans</strong></span> <span class='ocrx_word' id='word_1_227' title='bbox 566 2049 667 2099; x_wconf 92' lang='lat' dir='ltr'><strong>Deo</strong></span> <span class='ocrx_word' id='word_1_228' title='bbox 701 2049 883 2113; x_wconf 90' lang='lat' dir='ltr'><strong>aliquid</strong></span> <span class='ocrx_word' id='word_1_229' title='bbox 916 2065 1076 2115; x_wconf 88' lang='lat' dir='ltr'><strong>suum,</strong></span> <span class='ocrx_word' id='word_1_230' title='bbox 1116 2048 1210 2098; x_wconf 93' lang='lat' dir='ltr'><strong>sibi</strong></span> <span class='ocrx_word' id='word_1_231' title='bbox 1241 2055 1405 2098; x_wconf 90' lang='lat' dir='ltr'><strong>autem</strong></span> <span class='ocrx_word' id='word_1_232' title='bbox 1438 2064 1489 2098; x_wconf 90' lang='lat' dir='ltr'><strong>se</strong></span> <span class='ocrx_word' id='word_1_233' title='bbox 1523 2051 1700 2114; x_wconf 90' lang='lat' dir='ltr'><strong>ipsum.</strong></span> <span class='ocrx_word' id='word_1_234' title='bbox 1756 2049 1898 2106; x_wconf 85' lang='lat' dir='ltr'><strong>Quod</strong></span> 
     </span>
     <span class='ocr_line' id='line_1_27' title="bbox 206 2122 1896 2188; baseline -0.001 -16"><span class='ocrx_word' id='word_1_235' title='bbox 206 2138 377 2172; x_wconf 89' lang='lat' dir='ltr'><strong>omnes</strong></span> <span class='ocrx_word' id='word_1_236' title='bbox 418 2123 628 2188; x_wconf 89' lang='lat' dir='ltr'><strong>faciunt,</strong></span> <span class='ocrx_word' id='word_1_237' title='bbox 670 2125 756 2186; x_wconf 91' lang='lat' dir='ltr'><strong>qui</strong></span> <span class='ocrx_word' id='word_1_238' title='bbox 794 2137 894 2171; x_wconf 88' lang='lat' dir='ltr'><strong>non</strong></span> <span class='ocrx_word' id='word_1_239' title='bbox 933 2122 1046 2188; x_wconf 92' lang='lat' dir='ltr'><strong>Dei,</strong></span> <span class='ocrx_word' id='word_1_240' title='bbox 1086 2122 1171 2171; x_wconf 89' lang='lat' dir='ltr'><strong>sed</strong></span> <span class='ocrx_word' id='word_1_241' title='bbox 1213 2137 1352 2171; x_wconf 90' lang='lat' dir='ltr'><strong>suam</strong></span> <span class='ocrx_word' id='word_1_242' title='bbox 1392 2129 1638 2171; x_wconf 89' lang='lat' dir='ltr'><strong>sectantes</strong></span> <span class='ocrx_word' id='word_1_243' title='bbox 1677 2122 1896 2182; x_wconf 84' lang='lat' dir='ltr'><strong>volunta-</strong></span> 
     </span>
     <span class='ocr_line' id='line_1_28' title="bbox 206 2195 1894 2262; baseline 0 -17"><span class='ocrx_word' id='word_1_244' title='bbox 206 2203 334 2262; x_wconf 86' lang='lat' dir='ltr'><strong>tem,</strong></span> <span class='ocrx_word' id='word_1_245' title='bbox 389 2195 438 2244; x_wconf 91' lang='lat' dir='ltr'><strong>id</strong></span> <span class='ocrx_word' id='word_1_246' title='bbox 480 2202 554 2244; x_wconf 91' lang='lat' dir='ltr'><strong>est</strong></span> <span class='ocrx_word' id='word_1_247' title='bbox 594 2211 694 2244; x_wconf 93' lang='lat' dir='ltr'><strong>non</strong></span> <span class='ocrx_word' id='word_1_248' title='bbox 733 2202 896 2261; x_wconf 86' lang='lat' dir='ltr'><strong>recto,</strong></span> <span class='ocrx_word' id='word_1_249' title='bbox 945 2195 1031 2244; x_wconf 91' lang='lat' dir='ltr'><strong>sed</strong></span> <span class='ocrx_word' id='word_1_250' title='bbox 1070 2210 1304 2259; x_wconf 82' lang='lat' dir='ltr'><strong>perverso</strong></span> <span class='ocrx_word' id='word_1_251' title='bbox 1346 2195 1493 2244; x_wconf 91' lang='lat' dir='ltr'><strong>corde</strong></span> <span class='ocrx_word' id='word_1_252' title='bbox 1534 2197 1783 2260; x_wconf 83' lang='lat' dir='ltr'><strong>viventeS,</strong></span> <span class='ocrx_word' id='word_1_253' title='bbox 1825 2197 1894 2245; x_wconf 87' lang='lat' dir='ltr'><strong>of-</strong></span> 
     </span>
     <span class='ocr_line' id='line_1_29' title="bbox 206 2268 1898 2336; baseline 0.001 -18"><span class='ocrx_word' id='word_1_254' title='bbox 206 2270 374 2319; x_wconf 87' lang='lat' dir='ltr'><strong>ferunt</strong></span> <span class='ocrx_word' id='word_1_255' title='bbox 429 2275 593 2318; x_wconf 88' lang='lat' dir='ltr'><strong>tamen</strong></span> <span class='ocrx_word' id='word_1_256' title='bbox 647 2268 747 2317; x_wconf 92' lang='lat' dir='ltr'><strong>Deo</strong></span> <span class='ocrx_word' id='word_1_257' title='bbox 798 2284 980 2318; x_wconf 88' lang='lat' dir='ltr'><strong>munus</strong></span> <span class='ocrx_word' id='word_1_258' title='bbox 992 2308 1006 2333; x_wconf 91' lang='lat'><strong>,</strong></span> <span class='ocrx_word' id='word_1_259' title='bbox 1061 2283 1157 2332; x_wconf 89' lang='lat' dir='ltr'><strong>quo</strong></span> <span class='ocrx_word' id='word_1_260' title='bbox 1204 2275 1378 2333; x_wconf 90' lang='lat' dir='ltr'><strong>putant</strong></span> <span class='ocrx_word' id='word_1_261' title='bbox 1426 2284 1539 2318; x_wconf 89' lang='lat' dir='ltr'><strong>eum</strong></span> <span class='ocrx_word' id='word_1_262' title='bbox 1590 2269 1788 2336; x_wconf 88' lang='lat' dir='ltr'><strong>redimi,</strong></span> <span class='ocrx_word' id='word_1_263' title='bbox 1843 2276 1898 2319; x_wconf 90' lang='lat' dir='ltr'><strong>ut</strong></span> 
     </span>
     <span class='ocr_line' id='line_1_30' title="bbox 209 2341 1896 2409; baseline 0 -18"><span class='ocrx_word' id='word_1_264' title='bbox 209 2358 383 2392; x_wconf 91' lang='lat' dir='ltr'><strong>eorum</strong></span> <span class='ocrx_word' id='word_1_265' title='bbox 432 2357 532 2391; x_wconf 91' lang='lat' dir='ltr'><strong>non</strong></span> <span class='ocrx_word' id='word_1_266' title='bbox 579 2341 849 2406; x_wconf 89' lang='lat' dir='ltr'><strong>opituletur</strong></span> <span class='ocrx_word' id='word_1_267' title='bbox 897 2342 1125 2390; x_wconf 82' lang='lat' dir='ltr'><strong>sanandis</strong></span> <span class='ocrx_word' id='word_1_268' title='bbox 1174 2344 1336 2406; x_wconf 91' lang='lat' dir='ltr'><strong>pravis</strong></span> <span class='ocrx_word' id='word_1_269' title='bbox 1378 2342 1753 2409; x_wconf 82' lang='lat' dir='ltr'><strong>cupiditatibus,</strong></span> <span class='ocrx_word' id='word_1_270' title='bbox 1809 2343 1896 2392; x_wconf 90' lang='lat' dir='ltr'><strong>sed</strong></span> 
     </span>
     <span class='ocr_line' id='line_1_31' title="bbox 119 2414 1895 2482; baseline -0.001 -16"><span class='ocrx_word' id='word_1_271' title='bbox 119 2427 176 2466; x_wconf 88' lang='lat'><strong>30</strong></span> <span class='ocrx_word' id='word_1_272' title='bbox 210 2415 478 2481; x_wconf 74' lang='lat' dir='ltr'><strong>explendis</strong></span> <span class='ocrx_word' id='word_1_273' title='bbox 553 2414 617 2464; x_wconf 90' lang='lat' dir='ltr'><strong>Et</strong></span> <span class='ocrx_word' id='word_1_274' title='bbox 655 2415 749 2464; x_wconf 91' lang='lat' dir='ltr'><strong>hoc</strong></span> <span class='ocrx_word' id='word_1_275' title='bbox 789 2422 864 2464; x_wconf 90' lang='lat' dir='ltr'><strong>est</strong></span> <span class='ocrx_word' id='word_1_276' title='bbox 903 2421 1129 2464; x_wconf 89' lang='lat' dir='ltr'><strong>terrenae</strong></span> <span class='ocrx_word' id='word_1_277' title='bbox 1169 2417 1426 2479; x_wconf 88' lang='lat' dir='ltr'><strong>proprium</strong></span> <span class='ocrx_word' id='word_1_278' title='bbox 1466 2418 1675 2465; x_wconf 89' lang='lat' dir='ltr'><strong>civitatis</strong></span> <span class='ocrx_word' id='word_1_279' title='bbox 1687 2455 1701 2482; x_wconf 93' lang='lat'><strong>,</strong></span> <span class='ocrx_word' id='word_1_280' title='bbox 1739 2415 1895 2465; x_wconf 90' lang='lat' dir='ltr'><strong>Deum</strong></span> 
     </span>
     <span class='ocr_line' id='line_1_32' title="bbox 208 2487 1894 2556; baseline 0 -18"><span class='ocrx_word' id='word_1_281' title='bbox 208 2490 284 2539; x_wconf 81' lang='lat' dir='ltr'><strong>vel</strong></span> <span class='ocrx_word' id='word_1_282' title='bbox 324 2489 442 2538; x_wconf 91' lang='lat' dir='ltr'><strong>deos</strong></span> <span class='ocrx_word' id='word_1_283' title='bbox 475 2488 653 2556; x_wconf 89' lang='lat' dir='ltr'><strong>colere,</strong></span> <span class='ocrx_word' id='word_1_284' title='bbox 693 2488 872 2553; x_wconf 89' lang='lat' dir='ltr'><strong>quibus</strong></span> <span class='ocrx_word' id='word_1_285' title='bbox 905 2487 1245 2537; x_wconf 87' lang='lat' dir='ltr'><strong>adiuvantibus</strong></span> <span class='ocrx_word' id='word_1_286' title='bbox 1284 2496 1459 2553; x_wconf 85' lang='lat' dir='ltr'><strong>regnet</strong></span> <span class='ocrx_word' id='word_1_287' title='bbox 1496 2491 1548 2538; x_wconf 95' lang='lat' dir='ltr'><strong>in</strong></span> <span class='ocrx_word' id='word_1_288' title='bbox 1587 2491 1805 2538; x_wconf 87' lang='lat' dir='ltr'><strong>victoriis</strong></span> <span class='ocrx_word' id='word_1_289' title='bbox 1846 2496 1894 2538; x_wconf 91' lang='lat' dir='ltr'><strong>et</strong></span> 
     </span>
    </p>
   </div>
   <div class='ocr_carea' id='block_1_3' title="bbox 326 2616 747 2672">
    <p class='ocr_par' dir='ltr' id='par_1_3' title="bbox 326 2616 747 2672">
     <span class='ocr_line' id='line_1_33' title="bbox 326 2616 747 2672; baseline 0.002 -13"><span class='ocrx_word' id='word_1_290' title='bbox 326 2619 400 2671; x_wconf 86' lang='lat'><strong>23)</strong></span> <span class='ocrx_word' id='word_1_291' title='bbox 436 2621 474 2660; x_wconf 91' lang='lat'><strong>1.</strong></span> <span class='ocrx_word' id='word_1_292' title='bbox 507 2616 575 2665; x_wconf 89' lang='lat' dir='ltr'><strong>Io.</strong></span> <span class='ocrx_word' id='word_1_293' title='bbox 604 2621 645 2672; x_wconf 89' lang='lat'><strong>3,</strong></span> <span class='ocrx_word' id='word_1_294' title='bbox 681 2621 747 2660; x_wconf 77' lang='lat'><strong>12.</strong></span> 
     </span>
    </p>
   </div>
   <div class='ocr_carea' id='block_1_4' title="bbox 209 2776 1891 2949">
    <p class='ocr_par' dir='ltr' id='par_1_4' title="bbox 209 2776 1891 2949">
     <span class='ocr_line' id='line_1_34' title="bbox 331 2776 1891 2833; baseline -0.001 -12"><span class='ocrx_word' id='word_1_295' title='bbox 331 2783 386 2821; x_wconf 83' lang='lat'><strong>14</strong></span> <span class='ocrx_word' id='word_1_296' title='bbox 418 2791 523 2821; x_wconf 88' lang='lat' dir='ltr'><strong>cum</strong></span> <span class='ocrx_word' id='word_1_297' title='bbox 564 2777 699 2832; x_wconf 82' lang='lat' dir='ltr'><em>V1R;</em></span> <span class='ocrx_word' id='word_1_298' title='bbox 731 2791 838 2821; x_wconf 90' lang='lat' dir='ltr'><strong>cum</strong></span> <span class='ocrx_word' id='word_1_299' title='bbox 869 2777 919 2821; x_wconf 89' lang='lat' dir='ltr'><strong>id</strong></span> <span class='ocrx_word' id='word_1_300' title='bbox 949 2790 975 2821; x_wconf 79' lang='lat' dir='ltr'><strong><em>v</em></strong></span> <span class='ocrx_word' id='word_1_301' title='bbox 1006 2778 1022 2833; x_wconf 84' lang='grc' dir='ltr'><strong>ΙΙ</strong></span> <span class='ocrx_word' id='word_1_302' title='bbox 1055 2781 1108 2821; x_wconf 87' lang='grc'><strong>16</strong></span> <span class='ocrx_word' id='word_1_303' title='bbox 1142 2776 1238 2820; x_wconf 87' lang='lat' dir='ltr'><strong>siue</strong></span> <span class='ocrx_word' id='word_1_304' title='bbox 1281 2776 1437 2829; x_wconf 85' lang='lat' dir='ltr'><strong><em>VRA,·</em></strong></span> <span class='ocrx_word' id='word_1_305' title='bbox 1477 2776 1573 2820; x_wconf 87' lang='lat' dir='ltr'><strong>sive</strong></span> <span class='ocrx_word' id='word_1_306' title='bbox 1605 2790 1710 2820; x_wconf 89' lang='lat' dir='ltr'><strong>cum</strong></span> <span class='ocrx_word' id='word_1_307' title='bbox 1739 2790 1766 2821; x_wconf 84' lang='lat' dir='ltr'><em>v</em></span> <span class='ocrx_word' id='word_1_308' title='bbox 1796 2778 1811 2833; x_wconf 80' lang='grc' dir='ltr'><strong>ΙΙ</strong></span> <span class='ocrx_word' id='word_1_309' title='bbox 1835 2782 1891 2820; x_wconf 88' lang='grc'><strong>20</strong></span> 
     </span>
     <span class='ocr_line' id='line_1_35' title="bbox 209 2835 1891 2893; baseline -0.001 -13"><span class='ocrx_word' id='word_1_310' title='bbox 209 2850 265 2880; x_wconf 81' lang='lat' dir='ltr'><strong>ex</strong></span> <span class='ocrx_word' id='word_1_311' title='bbox 294 2837 501 2893; x_wconf 79' lang='lat' dir='ltr'><strong>maligno</strong></span> <span class='ocrx_word' id='word_1_312' title='bbox 543 2836 674 2880; x_wconf 82' lang='lat' dir='ltr'><strong>VRA</strong></span> <span class='ocrx_word' id='word_1_313' title='bbox 703 2850 786 2882; x_wconf 77' lang='lat' dir='ltr'><strong>sec.</strong></span> <span class='ocrx_word' id='word_1_314' title='bbox 818 2836 999 2890; x_wconf 78' lang='lat' dir='ltr'><strong>Graec.;</strong></span> <span class='ocrx_word' id='word_1_315' title='bbox 1042 2835 1123 2891; x_wconf 82' lang='lat' dir='ltr'><strong>qui</strong></span> <span class='ocrx_word' id='word_1_316' title='bbox 1154 2849 1210 2879; x_wconf 84' lang='lat' dir='ltr'><strong>ex</strong></span> <span class='ocrx_word' id='word_1_317' title='bbox 1239 2850 1297 2879; x_wconf 89' lang='lat' dir='ltr'><strong>m.</strong></span> <span class='ocrx_word' id='word_1_318' title='bbox 1333 2835 1406 2878; x_wconf 82' lang='lat' dir='ltr'><strong>Fv</strong></span> <span class='ocrx_word' id='word_1_319' title='bbox 1429 2836 1445 2891; x_wconf 80' lang='grc' dir='ltr'><strong>ΙΙ</strong></span> <span class='ocrx_word' id='word_1_320' title='bbox 1468 2839 1523 2878; x_wconf 89' lang='grc'><strong>22</strong></span> <span class='ocrx_word' id='word_1_321' title='bbox 1557 2835 1727 2879; x_wconf 72' lang='lat' dir='ltr'><strong>occidit</strong></span> <span class='ocrx_word' id='word_1_322' title='bbox 1757 2841 1891 2879; x_wconf 78' lang='lat' dir='ltr'><strong>eum?</strong></span> 
     </span>
     <span class='ocr_line' id='line_1_36' title="bbox 209 2894 1108 2949; baseline 0 -11"><span class='ocrx_word' id='word_1_323' title='bbox 209 2907 233 2938; x_wconf 75' lang='lat' dir='ltr'><strong><em>v</em></strong></span> <span class='ocrx_word' id='word_1_324' title='bbox 258 2896 273 2949; x_wconf 86' lang='grc' dir='ltr'><strong>ΙΙ</strong></span> <span class='ocrx_word' id='word_1_325' title='bbox 297 2899 351 2938; x_wconf 87' lang='grc'><strong>23</strong></span> <span class='ocrx_word' id='word_1_326' title='bbox 386 2894 483 2938; x_wconf 82' lang='lat' dir='ltr'><strong>eius</strong></span> <span class='ocrx_word' id='word_1_327' title='bbox 524 2895 633 2948; x_wconf 78' lang='lat' dir='ltr'><em>VR‚·</em></span> <span class='ocrx_word' id='word_1_328' title='bbox 663 2908 747 2940; x_wconf 87' lang='lat' dir='ltr'><strong>om.</strong></span> <span class='ocrx_word' id='word_1_329' title='bbox 781 2895 893 2949; x_wconf 80' lang='lat' dir='ltr'><strong>AF;</strong></span> <span class='ocrx_word' id='word_1_330' title='bbox 924 2894 1051 2938; x_wconf 87' lang='lat' dir='ltr'><strong>illius</strong></span> <span class='ocrx_word' id='word_1_331' title='bbox 1083 2909 1108 2939; x_wconf 82' lang='grc' dir='ltr'><strong><em>υ</em></strong></span> 
     </span>
    </p>
   </div>
   <div class='ocr_carea' id='block_1_5' title="bbox 400 2721 566 2728">
    <p class='ocr_par' dir='ltr' id='par_1_5' title="bbox 400 2721 566 2728">
     <span class='ocr_line' id='line_1_37' title="bbox 400 2721 566 2728; baseline 0 0"><span class='ocrx_word' id='word_1_332' title='bbox 400 2721 566 2728; x_wconf 95' lang='lat' dir='ltr'><strong> </strong></span> 
     </span>
    </p>
   </div>
  </div>
 </body>
</html>
