2044 3146
226 140 330 194 198
903 152 939 187 s,
962 152 1238 188 Auousrmt

219 280 336 330 gare
384 281 440 316 ac
486 265 777 316 disserendo
822 273 1101 316 monstrare
1149 281 1293 331 quam
1341 269 1405 317 sit
1455 281 1721 332 operosum
1761 273 1906 331 atque

206 339 465 404 prolixum
541 346 591 390 et
653 354 800 404 quam
853 339 1022 390 multis
1070 340 1328 406 indiguum
1383 340 1737 407 voluminibuS,
1797 342 1909 406 quis

210 412 428 481 ignorat,
467 415 553 479 qui
584 413 705 464 haec
739 413 814 463 vel
844 413 1163 464 mediocriter
1195 410 1437 483 cogitet?)
1478 414 1655 464 deinde
1695 415 1811 480 quia
1850 429 1908 465 ea

218 489 351 554 ipsa,
402 502 526 553 quae
579 487 638 537 ad
694 488 1004 554 prophetiam
1051 504 1148 538 non
1197 488 1461 554 ambigitur
1499 490 1788 555 pertinere,
1841 490 1908 539 ita

145 567 187 610 ,6
219 568 337 612 sunt
386 561 539 611 multa
590 563 651 612 de
700 562 896 612 Christo
945 579 1196 628 regnoque
1243 563 1514 630 caelorum,
1561 578 1685 628 quae
1737 565 1907 613 civitas

219 634 309 686 Dei
341 643 431 703 est,
471 643 527 687 ut
556 637 616 686 ad
648 636 742 686 hoc
783 637 1103 702 aperiendum
1134 639 1289 687 maior
1328 639 1392 686 sit
1430 637 1697 702 disputatio
1737 652 1907 687 neces-

221 711 373 776 saria,
412 706 559 774 quam
597 711 746 761 huius
786 714 951 776 operis
991 711 1167 761 modus
1205 711 1403 775 flagitat.
1479 710 1692 760 Proinde
1733 713 1826 777 ita,
1865 714 1908 760 si

217 791 445 851 potuerO,
485 784 598 834 stilo
629 785 923 834 moderabor
955 801 1081 852 mee,
1120 792 1176 834 ut
1206 785 1322 833 huic
1356 786 1496 849 operi
1526 786 1577 834 in
1610 784 1698 834 Dei
1737 784 1906 834 volun-

218 864 318 908 tate
350 858 629 923 peragendo
662 874 754 908 nec
795 875 852 908 ea
893 874 1016 924 quae
1050 864 1320 924 supersunt
1358 858 1515 908 dicam
1556 874 1646 908 nec
1686 874 1742 908 ea
1784 874 1908 924 quae

129 939 184 980 10
215 933 334 981 satis
373 939 491 982 sunt
529 935 932 997 praetermittam.

913 1119 1110 1175 CAPUT
1142 1120 1209 1175 ΙΙ.

345 1229 452 1288 Quo
491 1235 713 1290 tempore
749 1231 816 1278 sit
855 1232 1057 1292 impleta
1089 1231 1357 1292 promissio
1397 1230 1497 1278 Dei
1533 1231 1596 1278 de
1634 1234 1778 1278 terra

391 1303 654 1363 Chanaan,
693 1317 844 1364 quam
884 1305 936 1352 in
969 1306 1330 1365 possessionem
1370 1305 1522 1352 etiam
1562 1302 1731 1352 Israel

821 1379 1052 1427 carnalis
1090 1379 1303 1440 accepit.

130 1485 183 1527 15
363 1477 420 1527 In
466 1480 796 1544 praecedente
842 1478 969 1528 libro
1021 1479 1234 1529 diximus
1274 1478 1333 1528 ab
1373 1480 1513 1529 initio
1553 1479 1612 1529 ad
1661 1478 1905 1528 Abraham

212 1554 596 1618 promissionum
640 1553 726 1603 Dei
772 1553 894 1603 duas
934 1569 1015 1603 res
1055 1554 1207 1603 fuisse
1247 1555 1537 1620 promissas,
1588 1568 1736 1602 unam
1777 1547 1903 1602 scili-

213 1634 307 1693 cet,
349 1626 479 1691 quod
513 1633 698 1677 terram
731 1626 959 1677 Chanaan
998 1642 1348 1692 possessurum
1388 1628 1549 1676 fuerat
1588 1642 1758 1676 semen
1798 1629 1905 1676 eius

213 1694 373 1767 (quod
407 1702 726 1769 significatur,
766 1701 853 1751 ubi
885 1701 1071 1751 dictum
1105 1708 1202 1751 est:
1254 1701 1391 1751 Vade
1423 1703 1475 1750 in
1507 1708 1715 1760 terram,
1755 1715 1905 1762 quam

213 1776 307 1824 tibi
329 1777 752 1842 demonstravere,
785 1782 835 1826 et
852 1775 1048 1838 faciam
1081 1781 1128 1824 te
1152 1778 1203 1825 in
1224 1781 1422 1838 qentem
1454 1770 1730 1842 maynam),
1762 1773 1904 1823 aliam

123 1855 182 1898 20
215 1863 331 1897 vero
380 1848 523 1913 longe
570 1851 982 1915 praestantiorem
1033 1864 1132 1898 non
1181 1849 1240 1898 de
1282 1849 1486 1916 carnali,
1535 1848 1621 1898 sed
1661 1848 1721 1898 de
1761 1849 1904 1913 spiri-

211 1922 296 1972 tali
336 1925 551 1990 semine,
590 1939 680 1988 per
719 1923 851 1988 quod
890 1930 1031 1988 pater
1071 1929 1147 1972 est
1186 1939 1284 1972 non
1324 1925 1473 1972 unius
1513 1924 1674 1988 gentis
1713 1921 1902 1971 Israeli-

213 1997 362 2064 ticae‚
401 1997 486 2046 sed
527 2000 748 2046 omnium
787 1999 1030 2062 gentium,
1082 2012 1205 2061 quae
1246 1997 1359 2045 fidei
1398 1998 1506 2045 eius
1545 1997 1748 2060 vestigia
1787 2010 1902 2044 con-

213 2077 513 2136 sequuntur3
539 2072 671 2135 quod
695 2073 918 2136 promitti
944 2072 1106 2134 coepit
1130 2070 1206 2118 his
1234 2070 1419 2119 verbis:
1453 2070 1518 2119 Et
1540 2071 1905 2119 benedicentur

215 2147 267 2194 in
315 2150 363 2194 te
410 2159 576 2194 omnes
624 2146 787 2194 tribus
835 2150 1040 2202 terrae,·
1086 2150 1135 2193 et
1183 2144 1416 2208 deinceps
1465 2143 1570 2192 aliis
1610 2143 1777 2193 multis
1818 2142 1900 2191 ad·

127 2226 183 2267 25
217 2217 417 2267 modum
450 2219 744 2267 testimoniis
775 2218 896 2267 haec
936 2217 1034 2266 duo
1072 2219 1316 2282 promissa
1356 2233 1464 2266 esse
1505 2218 1901 2266 monstravimus,

212 2291 332 2341 Erat
370 2293 520 2356 igitur
567 2293 663 2340 iam
702 2293 753 2340 in
792 2299 926 2341 terra
964 2292 1307 2356 promissionis
1348 2306 1518 2340 semen
1557 2290 1801 2356 Abrahae,
1850 2290 1900 2339 id

213 2372 290 2415 est
320 2365 532 2431 populus
565 2365 729 2432 Israel,
771 2365 1044 2415 secundum
1085 2379 1282 2414 carnem
1323 2371 1469 2430 atque
1508 2363 1577 2414 ibi
1609 2379 1709 2413 non
1742 2364 1899 2413 solum

213 2439 428 2489 tenendo
491 2455 546 2488 ac
607 2438 905 2505 possidendo
962 2439 1184 2488 civitates
1246 2438 1665 2505 adversariorum,
1727 2452 1900 2487 verum

212 2515 361 2563 etiam
411 2529 555 2578 reges
602 2512 827 2562 habendo
876 2527 1083 2577 regnare
1130 2514 1226 2561 iam
1277 2519 1530 2578 coeperat,
1581 2510 1797 2576 impletis
1837 2510 1897 2560 de

336 2643 406 2696 19)
439 2641 550 2686 Gen.
586 2646 655 2697 12,
691 2647 729 2687 1.
793 2642 867 2696 24)
901 2640 1013 2685 Gen.
1050 2644 1117 2695 12,
1150 2645 1191 2685 3.

210 2890 216 2898 .
268 2891 301 2935 t·
333 2836 359 2875 2
387 2831 602 2935 ffnss‘figeat
632 2832 678 2877 R
707 2834 772 2890 113
805 2831 981 2889 cogitet:
1010 2830 1082 2887 R,·
1115 2832 1293 2888 cogitat
1321 2845 1347 2875 v
1379 2833 1396 2888 u
1428 2837 1453 2876 9
1485 2844 1547 2887 sq.
1580 2830 1812 2887 supersint
1844 2864 1854 2874 .
1888 2864 1902 2876 .

209 2905 267 2934 ‚sa
289 2906 328 2934 is
361 2906 431 2936 sm
483 2907 508 2936 v
