2054 3152
624 157 690 189 DE
714 153 950 189 CIVITATE
972 154 1063 187 Dm
1086 155 1127 188 L.
1152 155 1233 188 xv.
1258 155 1294 188 c.
1320 156 1373 188 27.
1740 142 1844 194 119

162 269 391 319 domibus
438 283 545 317 esse
593 274 924 334 consuerunt,
964 269 1069 316 sine
1111 267 1208 317 ullo
1250 282 1456 316 numero
1496 267 1696 316 definito
1736 282 1844 316 esse

166 345 407 409 potuisse,
447 348 531 391 aut
568 342 611 390 si
649 342 940 406 mysterium
979 342 1386 407 sacratissimum,
1427 341 1558 405 quod
1597 340 1847 406 agebatur,

163 423 212 466 et
250 421 410 465 tantae
459 416 532 464 rei
582 415 737 479 figura
777 417 924 464 etiam
961 416 1166 464 veritate
1207 415 1322 464 facti
1361 414 1503 463 aliter
1541 430 1642 464 non
1679 423 1847 480 posset

160 488 368 555 impleri,
406 490 502 538 nisi
540 495 596 538 ut
635 489 797 537 omnia
835 488 904 538 ibi
943 494 1080 537 certo
1119 488 1202 536 illo
1242 503 1449 537 numero
1490 494 1680 554 essent,
1720 504 1845 554 quae

160 564 325 611 vivere
370 564 422 611 in
469 564 610 627 aquiS
655 568 831 611 natura
868 561 1162 627 prohibente
1201 577 1301 610 non
1339 569 1568 628 possent,
1615 578 1715 611 non
1753 563 1847 612 fuit

157 638 252 685 ista
292 651 410 685 cura
445 636 576 685 illius
615 635 828 685 hominis
866 635 943 684 vel
980 635 1177 684 illorum
1216 635 1496 701 hominum,
1543 635 1631 684 sed
1670 635 1845 684 divina.

157 709 268 758 Non
322 711 453 759 enim
500 725 556 758 ea
603 708 706 758 Noe
754 715 895 775 capta
932 708 1314 775 intromittebat,
1370 709 1456 758 sed
1504 710 1748 758 venientia
1795 717 1844 758 et

158 785 391 832 intrantia
437 782 766 847 permittebat.
850 783 923 832 Ad
970 782 1062 831 hoc
1115 784 1248 831 enim
1297 782 1424 831 valet
1474 783 1604 847 quod
1657 782 1844 832 dictum

157 864 257 906 est:
298 858 574 906 Intrabunt
609 859 682 906 ad
718 862 792 915 te,·
831 871 930 905 non
970 856 1158 905 scilicet
1196 855 1410 905 hominis
1451 864 1590 922 actu,
1630 856 1718 905 sed
1757 855 1846 905 Dei

159 937 306 996 nutu3
360 932 427 979 ita
475 945 618 997 sane,
673 936 728 979 ut
774 946 874 979 non
921 929 1024 978 illic
1064 931 1216 978 fuisse
1257 929 1503 979 credenda
1541 931 1666 996 sint,
1721 945 1845 994 quae

157 1019 282 1052 sexu
337 1011 520 1053 carent.
611 1003 980 1069 Praescriptum
1042 1005 1173 1052 enim
1227 1010 1374 1067 atque
1437 1003 1694 1052 definitum
1750 1010 1848 1052 est:

163 1078 426 1126 Masculus
480 1083 530 1127 et
576 1076 770 1139 femina
824 1083 988 1127 erunt.
1065 1077 1169 1125 Alia
1216 1083 1333 1126 sunt
1381 1078 1562 1142 quippe
1611 1091 1734 1141 quae
1787 1077 1846 1125 de

163 1150 443 1214 quibusque
491 1150 642 1200 rebus
682 1153 787 1200 sine
829 1150 1096 1200 concubitu
1135 1152 1203 1199 ita
1242 1157 1536 1216 nascuntur,
1583 1157 1639 1199 ut
1677 1157 1848 1215 postea

155 1223 490 1273 concumbant
537 1231 586 1273 et
624 1231 885 1288 generent,
933 1226 1063 1273 sicut
1101 1238 1322 1285 muscae3
1362 1223 1453 1272 alia
1491 1239 1608 1272 vero
1649 1225 1700 1272 in
1742 1225 1845 1288 qui-

158 1297 251 1346 bus
283 1297 405 1346 nihil
429 1299 494 1347 sit
524 1299 674 1347 maris
707 1305 756 1347 et
788 1298 1014 1364 feminae,
1054 1299 1183 1347 sicut
1214 1312 1346 1362 apes,
1422 1296 1493 1346 Ea
1531 1312 1681 1362 porro
1721 1312 1846 1362 quae

157 1373 231 1420 sic
269 1370 453 1420 habent
499 1386 694 1437 sexum,
742 1378 797 1421 ut
843 1386 944 1420 non
992 1370 1206 1420 habeant
1244 1371 1422 1437 fetum,
1471 1372 1601 1420 sicut
1639 1370 1760 1420 muli
1800 1379 1849 1421 et

158 1444 333 1511 mulae,
371 1447 554 1494 mirum
578 1447 620 1494 si
645 1445 848 1494 fuerunt
879 1444 962 1511 ibi,
994 1460 1049 1494 ac
1081 1459 1178 1494 non
1211 1446 1378 1509 potius
1410 1451 1642 1509 parentes
1675 1459 1850 1493 eorum

159 1518 228 1567 ibi
260 1519 413 1568 fuisse
447 1519 713 1584 suffecerit,
753 1520 990 1583 equinum
1027 1517 1255 1567 videlicet
1295 1524 1441 1582 atque
1481 1520 1728 1567 asininum
1766 1534 1847 1583 ge-

158 1607 276 1658 nus3
316 1598 368 1642 et
406 1593 449 1641 si
488 1607 585 1657 qua
625 1592 718 1641 alia
756 1600 887 1658 sunt,
927 1607 1051 1658 quae
1093 1593 1439 1642 commixtione
1481 1592 1663 1641 diversi
1701 1607 1848 1657 gene·

160 1667 230 1714 ris
269 1681 426 1730 genus
472 1665 670 1730 aliquod
720 1668 940 1731 gignunt.
1020 1665 1118 1714 Sed
1157 1667 1199 1714 si
1239 1672 1288 1714 et
1328 1665 1420 1714 hoc
1460 1666 1519 1715 ad
1559 1667 1849 1731 mysterium

158 1738 452 1805 pertinebat,
489 1739 558 1788 ibi
591 1746 744 1789 erant.
805 1739 964 1788 Habet
995 1740 1126 1788 enim
1159 1746 1209 1788 et
1246 1738 1339 1787 hoc
1379 1754 1536 1803 genus
1576 1738 1849 1790 masculum

159 1819 209 1861 et
247 1812 493 1861 feminam.

310 1885 447 1934 Solet
477 1888 624 1935 etiam
664 1901 861 1935 movere
902 1885 1178 1951 nonnullos,
1218 1900 1400 1950 genera
1441 1900 1682 1951 escarum,
1723 1900 1847 1950 quae

158 1958 257 2008 illic
296 1958 478 2008 habere
518 1967 748 2024 poterant
795 1959 1042 2026 animalia,
1089 1974 1213 2023 quae
1254 1974 1354 2008 non
1394 1960 1490 2008 nisi
1529 1974 1675 2008 carne
1716 1961 1850 2008 vesei

159 2039 425 2099 putantur,
464 2040 634 2082 utrum
672 2039 870 2098 praeter
909 2048 1174 2082 numerum
1212 2032 1281 2081 ibi
1320 2033 1506 2082 fuerint
1545 2034 1650 2081 sine
1691 2039 1847 2081 trans-

158 2107 414 2170 gressione
476 2106 721 2174 mandati,
783 2122 906 2171 quae
970 2106 1178 2156 aliorum
1239 2105 1527 2155 alendorum
1581 2108 1851 2155 necessitas

159 2179 259 2227 illic
308 2181 552 2244 coegisset
597 2181 806 2238 includi;
854 2196 915 2229 an
954 2195 1093 2246 veru,
1140 2180 1271 2244 quod
1325 2182 1493 2244 potius
1534 2186 1609 2229 est
1648 2179 1851 2228 creden-

158 2253 294 2318 dum,
332 2260 531 2317 praeter
571 2269 746 2303 carnes
786 2254 947 2318 aliqua
986 2254 1216 2303 alimenta
1256 2268 1365 2302 esse
1404 2255 1686 2318 potuerint,
1726 2268 1849 2317 quae

159 2325 391 2375 omnibus
446 2329 781 2377 convenirent.
864 2327 1100 2377 Novimus
1155 2328 1288 2375 enim
1342 2342 1488 2391 quam
1543 2326 1696 2376 multa
1750 2329 1850 2375 ani-

163 2399 321 2466 malia,
362 2399 542 2464 quibus
575 2416 689 2450 caro
723 2400 863 2450 cibus
896 2407 986 2467 est,
1026 2400 1251 2465 frugibus
1289 2402 1547 2465 pomisque
1588 2406 1851 2448 vescantur

163 2479 214 2522 et
246 2474 453 2522 maxime
487 2473 579 2523 fico
613 2482 758 2539 atque
800 2475 1055 2523 castaneis
1134 2473 1263 2531 Quid
1303 2489 1420 2538 ergo
1460 2475 1656 2540 mirum,
1696 2474 1738 2521 si
1777 2474 1851 2520 vir

163 2545 244 2594 ille
302 2548 497 2611 sapiens
552 2555 601 2597 et
655 2550 840 2609 iusum,
897 2549 1043 2596 etiam
1091 2546 1323 2596 divinitus
1376 2546 1677 2612 admonitUS,
1734 2545 1851 2610 quid

165 2621 344 2683 cuique
378 2628 689 2687 congrueret,
730 2623 834 2670 sine
869 2620 1100 2670 carnibus
1139 2627 1300 2685 aptam
1340 2621 1518 2684 cuique
1559 2621 1730 2684 generi
1769 2618 1850 2667 ali-

287 2823 312 2861 3
344 2818 543 2864 ueritate
574 2834 681 2875 mss3
715 2821 764 2865 in
794 2835 887 2865 ver.
919 2835 946 2864 v
984 2823 1000 2877 ΙΙ
1041 2826 1093 2865 18
1128 2819 1351 2863 sufficerit
1381 2817 1525 2862 RAF
1552 2820 1567 2874 ΙΙ
1602 2824 1658 2863 28
1690 2821 1852 2875 potue-

165 2877 274 2920 runt
314 2876 498 2922 VRAF

1883 941 1936 980 10

1884 1308 1937 1348 15

1881 1676 1938 1716 20

1882 2041 1938 2081 25

1882 2409 1938 2448 30
