2054 3152
171 587 198 626 5

141 1059 194 1098 10

138 1458 192 1497 15

134 1826 190 1865 20

130 2194 188 2234 25

129 2562 188 2601 30

237 159 340 211 106
913 170 947 203 S.
972 170 1246 205 AUGUSTIM

231 283 421 332 bertate
470 282 662 332 arbitrii
709 284 807 348 sui,
859 283 943 332 sed
997 289 1164 348 speret
1218 285 1445 332 invocare
1493 298 1671 332 nomen
1719 283 1913 334 Domini

231 356 333 406 Dei.
411 357 652 414 Quoniam
707 356 930 406 voluntas
977 359 1030 406 in·
1066 363 1267 423 natura,
1318 358 1442 421 quae
1491 352 1616 407 facta
1665 365 1755 407 est*
1788 358 1915 407 bona

233 446 258 479 a
297 430 396 479 Deo
438 429 589 496 hone,
641 431 726 480 sed
766 430 1015 480 mutabilis
1055 431 1114 480 ab
1154 430 1452 496 inmutabili,
1492 433 1606 495 quia
1646 447 1704 481 ex
1747 432 1915 498 nihilo,

233 511 281 553 et
320 520 345 551 a
386 504 514 552 bono
555 511 718 569 potest
758 504 1029 571 declinare,
1069 512 1125 554 ut
1163 505 1307 554 faciat
1347 504 1554 571 malum,
1594 505 1725 569 quod
1767 507 1818 555 fit
1859 506 1913 554 li·

231 577 352 626 hero
399 577 627 645 arbitrie,
676 586 723 628 et
764 594 789 627 a
829 578 976 646 maIO,
1025 586 1080 628 ut
1120 579 1263 628 faciat
1303 578 1509 645 bonum,
1549 579 1679 643 quod
1721 594 1817 628 non
1859 581 1913 629 fit

231 653 335 700 sine
378 651 540 701 divino
581 652 839 702 adiutorio,

869 795 1067 849 CAPUT
1100 795 1271 849 XXII.

265 904 341 952 De
380 907 524 966 lapsu
559 906 783 963 filiorum
823 904 921 952 Dei
957 905 1359 964 alieniyenarum
1399 905 1663 952 mulierum
1706 917 1877 953 amore

332 976 609 1039 caplo‘rum,
650 979 784 1026 unde
823 983 870 1026 et
908 991 1075 1026 omnes
1115 980 1488 1040 eaeoepte’sccto
1528 978 1810 1026 hominibus

705 1053 891 1100 diluvio
924 1053 1102 1113 perire
1140 1056 1446 1100 meruerunt.

373 1153 476 1203 Hoc
516 1156 680 1218 itaque
721 1153 875 1202 libero
923 1153 1186 1203 voluntatis
1226 1154 1430 1203 arbitrio
1470 1169 1654 1218 genere
1693 1153 1907 1203 humano

224 1228 572 1292 progrediente
632 1235 778 1292 atque
839 1235 1093 1276 crescente
1146 1229 1270 1276 facta
1318 1235 1394 1276 est
1439 1229 1701 1292 permixtio
1751 1235 1799 1276 et
1838 1229 1909 1276 in-

224 1303 430 1365 iquitate
485 1303 772 1366 participata
820 1301 1058 1366 quaedam
1103 1304 1364 1366 utriusque
1413 1301 1637 1350 confusio
1686 1303 1910 1351 civitati&

228 1374 369 1432 Quod
409 1375 590 1424 malum
630 1391 655 1423 a
697 1391 814 1424 sexu
858 1375 1068 1424 femineo
1109 1390 1307 1424 causam
1346 1390 1523 1424 rursus
1562 1377 1770 1441 invenit3
1811 1390 1909 1424 non

226 1449 423 1513 quidem
474 1449 556 1497 illo
605 1449 749 1497 modo
805 1464 901 1513 quo
958 1448 1017 1497 ab
1071 1450 1211 1498 initio
1260 1444 1385 1515 (non
1437 1450 1568 1498 enim
1617 1451 1908 1513 cuiusquam

225 1524 371 1572 etiam
407 1530 536 1587 *tunc
596 1523 781 1572 fallacia
841 1522 1072 1571 seductae
1126 1522 1236 1571 illae
1288 1523 1498 1571 feminae
1552 1529 1910 1587 persuaserunt

225 1602 485 1660 peccatum
517 1591 682 1663 viris)3
717 1597 801 1645 sed
836 1596 894 1644 ab
927 1597 1067 1645 initio
1102 1612 1225 1660 quae
1258 1598 1419 1661 pravis
1459 1595 1680 1645 moribus
1712 1597 1908 1645 fuerant

222 1672 274 1718 in
313 1677 511 1718 terrena
550 1672 760 1735 civitate,
798 1670 846 1718 id
888 1677 964 1719 est
1002 1672 1053 1718 in
1092 1672 1453 1734 terrigenarum
1493 1672 1742 1736 societate,
1781 1685 1907 1718 ama-

222 1750 299 1792 tae
341 1750 458 1792 sunt
496 1759 521 1792 a
561 1743 672 1792 filiis
712 1743 799 1792 Dei
812 1784 825 1810 ,
866 1743 1055 1792 civibus
1096 1743 1284 1793 scilicet
1322 1745 1684 1808 peregrinantis
1723 1746 1774 1792 in
1814 1743 1907 1792 hoc

224 1817 419 1866 saeculo
459 1817 662 1867 alterius
703 1819 927 1883 civitatiS‚
965 1824 1171 1882 propter
1209 1817 1630 1882 pulchritudinem
1669 1819 1908 1882 corporis,

223 1890 365 1948 Quod
412 1891 598 1940 bonum
647 1891 737 1940 Dei
784 1892 984 1955 quidem
1031 1891 1214 1940 donum
1263 1898 1360 1957 est3
1410 1891 1496 1940 sed
1543 1898 1807 1956 propterea
1857 1891 1904 1940 id

220 1965 427 2029 largitur
474 1967 619 2013 etiam
667 1965 828 2030 maliS‚
875 1980 935 2013 ne
983 1980 1212 2029 magnum
1262 1964 1449 2013 honum
1487 1965 1710 2014 videatur
1748 1964 1907 2013 bonis,

221 2037 427 2087 Deserto
478 2040 644 2102 itaque
695 2038 823 2087 bono
872 2053 1047 2102 magno
1096 2045 1145 2087 et
1197 2038 1442 2087 honorum
1488 2039 1690 2102 proprio
1739 2037 1905 2102 lapsus

222 2118 297 2160 est
337 2112 494 2160 factus
535 2112 595 2160 ad
634 2112 819 2160 honum
858 2113 1137 2177 minimum,
1178 2127 1274 2160 non
1315 2111 1459 2160 honis
1498 2113 1776 2177 proprium,
1818 2112 1903 2160 sed

221 2184 364 2233 bonis
410 2185 650 2249 malisque
698 2200 981 2250 commune3
1030 2200 1084 2233 ac
1133 2187 1203 2233 sic
1248 2184 1335 2233 filii
1374 2184 1462 2234 Dei
1502 2185 1711 2234 filiarum
1751 2185 1904 2234 homi·

221 2274 338 2307 num
389 2273 554 2307 amore
604 2265 719 2309 sunt
759 2260 908 2324 capti,
957 2265 1102 2322 atque
1142 2265 1198 2307 ut
1238 2260 1308 2307 eis
1349 2258 1640 2323 coniugibus
1682 2260 1903 2308 frueren-

220 2339 324 2398 tur,
378 2333 426 2380 in
476 2347 640 2381 mores
688 2334 936 2380 societatis
984 2334 1261 2396 terrigenae
1313 2332 1654 2398 defluxerunt,
1709 2332 1904 2382 deserta

219 2407 431 2471 pietate,
487 2421 633 2470 quam
686 2407 736 2454 in
793 2412 960 2454 sancta
1008 2408 1241 2455 societate
1290 2406 1563 2455 servabant.
1645 2406 1725 2454 Sic
1773 2408 1902 2455 enim

221 2481 443 2543 corporis
474 2479 805 2544 pulchritud0‚
846 2495 871 2527 a
904 2479 1004 2528 Deo
1039 2479 1237 2543 quidem
1270 2481 1468 2545 factum,
1508 2479 1593 2528 sed
1635 2479 1902 2543 temporale

222 2552 413 2601 carnale
453 2553 675 2602 infimum
715 2552 921 2618 bonum,
962 2553 1084 2602 male
1125 2560 1315 2603 amatur
1354 2554 1628 2618 postposito
1668 2552 1783 2619 Dec,
1824 2568 1901 2602 ae-

220 2634 362 2674 terno
403 2628 598 2675 interno
640 2628 941 2691 sempiterno
982 2626 1138 2693 bone,
1189 2643 1335 2691 quem
1375 2627 1432 2676 ad
1475 2626 1674 2675 modum
1715 2628 1900 2675 iustitia

337 2740 410 2794 20)
443 2738 553 2782 Gen.
590 2744 632 2794 c,
664 2743 703 2781 2.

337 2905 362 2943 2
394 2899 470 2945 dei
501 2902 570 2945 sui
600 2899 646 2943 R
