2054 3152
241 183 311 236 28
921 194 954 227 s.
979 191 1254 226 Ausus'rnu

242 308 373 358 Deus
407 311 538 358 enim
569 309 661 357 etsi
694 307 876 356 dicitur
917 312 1098 356 statuta
1137 311 1326 355 mutare
1367 300 1524 372 (unde
1563 305 1752 370 tropica
1791 304 1925 354 locu-

242 384 376 431 tione
417 385 467 431 in
508 381 769 445 scripturis
809 381 958 429 etiam
994 380 1296 444 paenituisse
1334 379 1516 444 legitur
1553 373 1752 446 Deum),
1790 380 1928 428 iuxta

243 455 291 503 id
324 455 520 520 dicitur,
559 453 690 518 quod
722 453 869 502 homo
903 459 1186 518 speraverat
1216 452 1292 501 vel
1331 452 1627 502 naturalium
1666 467 1926 502 causarum

244 528 364 576 ordo
398 527 634 594 gestabat,
671 542 772 576 non
803 528 939 576 iuxta
969 526 1034 593 id,
1074 525 1203 590 quod
1238 541 1290 574 se
1324 525 1648 591 Omnipotens
1681 526 1928 576 facturum

186 611 211 649 5
246 616 354 650 esse
393 603 740 666 praesciverat.
815 600 955 650 Fecit
992 602 1157 664 itaque
1198 598 1353 666 DeUS,
1392 601 1520 649 sicut
1559 602 1799 664 scriptum
1840 606 1930 666 est,

242 675 491 724 hominem
522 681 716 724 rectum
756 689 810 723 ac
842 689 933 739 per
976 674 1070 722 hoc
1107 672 1373 722 voluntatis
1403 672 1573 723 honae.
1650 673 1758 722 Non
1799 675 1929 722 enim

242 754 411 798 rectus
452 755 585 798 esset
631 747 810 797 honam
849 763 949 796 non
988 746 1175 796 habens
1213 746 1529 796 voluntatem.
1605 745 1740 795 Bona
1778 749 1930 811 igitur

242 821 467 871 voluntas
507 837 631 886 opus
687 828 762 871 est
800 821 914 886 Dei3
963 836 1076 870 cum
1116 835 1172 869 ea
1213 821 1394 885 quippe
1434 819 1493 869 ab
1532 819 1615 869 illo
1655 820 1814 869 factus
1854 827 1931 869 est

241 894 402 944 homo.
479 895 602 944 Mala
649 910 765 943 vero
812 894 1036 944 voluntas
1082 897 1263 959 prima,
1310 896 1542 958 quoniam
1580 895 1742 942 omnia
1782 909 1932 958 opera

158 978 212 1017 10
244 968 370 1017 mala
415 970 687 1033 praecessit
735 970 787 1017 in
832 968 1055 1034 homine,
1102 967 1326 1017 defectus
1380 971 1546 1032 potius
1593 967 1686 1016 fuit
1731 966 1928 1031 quidam

245 1041 304 1090 ab
352 1057 501 1106 opere
550 1041 639 1090 Dei
686 1042 745 1091 ad
796 1056 884 1090 sua
931 1057 1081 1106 opera
1136 1056 1282 1106 quam
1329 1056 1454 1106 opus
1499 1040 1678 1106 ullum,
1724 1047 1774 1089 et
1819 1039 1928 1090 ideo

244 1115 369 1164 mala
409 1130 580 1181 opera,
621 1117 735 1180 quia
775 1116 1048 1164 secundum
1089 1130 1164 1181 se,
1204 1130 1303 1163 non
1344 1115 1618 1164 secundum
1657 1113 1834 1179 Deum3
1876 1121 1929 1164 ut

244 1204 415 1237 eorum
457 1204 665 1253 operum
698 1195 946 1253 tamquam
985 1189 1238 1237 fructuum
1278 1187 1520 1237 malorum
1558 1187 1784 1236 voluntas
1823 1189 1930 1252 ipsa

246 1269 378 1311 esset
415 1262 550 1311 velut
581 1261 728 1310 arbor
775 1262 898 1310 mala
946 1269 1030 1311 aut
1075 1264 1181 1326 ipse
1220 1261 1366 1309 homo
1406 1263 1457 1309 in
1498 1268 1736 1325 quantum
1774 1261 1927 1310 malae

161 1346 214 1384 15
246 1335 526 1384 voluntatis.
602 1335 759 1384 Porro
807 1335 931 1383 mala
978 1335 1201 1384 voluntas
1253 1336 1473 1399 quamvis
1514 1350 1613 1383 non
1654 1336 1717 1384 sit
1756 1350 1930 1384 secun-

246 1409 364 1457 dum
395 1415 636 1475 naturam,
677 1409 761 1457 sed
795 1416 967 1458 contra
999 1416 1239 1474 naturam,
1280 1410 1393 1473 quia
1423 1410 1594 1457 vitium
1630 1415 1734 1474 est,
1765 1416 1926 1457 tamen

247 1484 353 1531 eius
400 1488 603 1531 naturae
651 1488 748 1548 est,
800 1484 942 1531 cuius
990 1489 1065 1532 est
1110 1484 1305 1548 vitium,
1354 1481 1484 1545 quod
1533 1482 1629 1530 nisi
1667 1483 1718 1530 in
1757 1488 1931 1531 natura

246 1571 344 1604 non
384 1562 549 1620 potest
589 1570 720 1622 esse3
769 1556 855 1604 sed
893 1557 945 1604 in
986 1571 1063 1620 ea,
1103 1571 1249 1620 quam
1289 1558 1473 1604 creavit
1513 1571 1571 1604 ex
1611 1555 1790 1622 nihilo,
1832 1570 1931 1604 non

247 1644 394 1693 quam
426 1631 597 1694 genuit
630 1629 834 1678 Creator
866 1629 925 1678 de
967 1637 1123 1678 semet
1161 1631 1284 1695 ipso,
1325 1631 1454 1678 sicut
1493 1631 1662 1693 genuit
1701 1628 1932 1694 Verbum,

159 1713 215 1752 20
247 1718 338 1767 per
386 1702 518 1767 quod
567 1703 692 1751 facta
733 1710 849 1752 sunt
888 1705 1072 1768 omnia;
1113 1704 1247 1768 quia,
1295 1704 1388 1751 etsi
1427 1703 1486 1752 de
1527 1709 1690 1752 terrae
1729 1702 1930 1768 pulvere

248 1775 380 1825 Deus
446 1777 586 1825 finxit
650 1776 923 1842 hominem,
986 1776 1157 1825 eadem
1218 1783 1352 1825 terra
1414 1778 1672 1841 omnisque
1733 1783 1931 1826 terrena

248 1851 481 1898 materies
514 1852 713 1898 omnino
747 1850 806 1898 de
840 1850 993 1899 nihilo
1027 1856 1116 1917 est,
1148 1851 1456 1915 animamque
1483 1850 1543 1899 de
1568 1849 1722 1899 nihilo
1753 1851 1931 1899 factam

249 1923 384 1972 dedit
423 1925 641 1990 corpori,
689 1939 803 1972 cum
842 1924 1000 1972 sactus
1042 1930 1117 1972 est
1156 1923 1316 1973 homo,
1395 1923 1562 1987 Usque
1603 1923 1724 1972 adeo
1765 1930 1928 1972 autem

252 1996 375 2045 mala
430 1998 698 2045 vincuntur
744 2011 770 2045 a
825 1996 989 2058 bonis,
1042 2003 1118 2058 ut,
1175 1998 1393 2060 quamvis
1445 1998 1670 2045 sinantur
1716 2011 1824 2045 esse
1871 1995 1930 2044 ad

165 2078 220 2118 25
255 2069 693 2118 demonstrandum
745 2085 890 2133 quam
943 2071 1100 2134 possit
1161 2076 1210 2117 et
1262 2071 1382 2134 ipsis
1436 2069 1561 2118 bene
1617 2071 1690 2118 uti
1744 2071 1931 2118 iustitia

248 2142 678 2208 providentissima
711 2142 974 2209 CreatoriS,
1013 2142 1140 2191 hona
1172 2149 1334 2191 tamen
1369 2144 1474 2191 sine
1507 2142 1647 2191 malis
1679 2158 1787 2191 esse
1820 2158 1930 2207 pos-

251 2217 364 2282 sint,
404 2217 532 2265 sicut
563 2215 694 2265 Deus
726 2218 831 2280 ipse
863 2231 1011 2265 verus
1051 2223 1101 2265 et
1140 2231 1375 2282 summuS,
1415 2218 1544 2264 sicut
1583 2217 1741 2264 omnis
1781 2231 1931 2280 super

249 2291 400 2338 istum
449 2289 769 2353 caliginosum
815 2305 977 2338 aerem
1040 2289 1264 2338 caelestis
1318 2289 1575 2338 invisibilis
1628 2289 1929 2353 visibilisque

250 2369 497 2429 creatura3
536 2362 661 2411 mala
691 2378 807 2411 vero
842 2365 946 2411 sine
986 2362 1130 2411 bonis
1169 2378 1277 2412 esse
1316 2378 1415 2411 non
1454 2364 1659 2429 possint,
1700 2363 1931 2427 quoniam

161 2446 217 2485 30
250 2442 470 2502 naturae,
508 2437 558 2484 in
592 2436 771 2500 quibus
811 2442 942 2501 sunt,
979 2438 1029 2484 in
1070 2443 1307 2500 quantum
1347 2443 1550 2485 naturae
1590 2443 1720 2502 sunt,
1758 2437 1929 2500 utique

249 2508 406 2557 bonae
448 2516 577 2558 sunt.
654 2508 940 2558 Detrahitur
985 2524 1135 2574 porro
1183 2510 1364 2558 malum
1403 2524 1502 2558 non
1542 2509 1703 2573 aliqua
1742 2515 1931 2573 natura,

248 2596 374 2645 quae
415 2589 705 2649 accesserat,
744 2582 819 2631 vel
858 2582 954 2631 ulla
995 2584 1101 2631 eius
1139 2590 1278 2646 parte
1320 2582 1530 2649 sublata,
1569 2581 1654 2631 sed
1696 2598 1765 2644 ea,
1806 2597 1929 2646 quae

365 2695 409 2747 2)
442 2693 553 2738 Gen.
588 2699 630 2748 6,
663 2698 702 2738 6.
768 2695 812 2750 6)
843 2693 994 2738 Eccle.
1030 2698 1070 2748 7,
1104 2698 1172 2739 30.

245 2909 323 2968 de]
363 2857 389 2895 2
423 2853 662 2953 effipturis
702 2854 862 2909 VAR·
894 2855 1050 2911 script.
1086 2855 1258 2899 sanctis
1290 2870 1314 2899 v
1352 2857 1368 2911 Η
1409 2861 1461 2900 16
1495 2857 1565 2899 est
1596 2868 1677 2900 om.
1711 2854 1777 2898 A²
1817 2856 1832 2911 ΙΙ
1874 2859 1926 2898 19

357 2924 411 2955 ex
