2004 3140
200 107 309 160 520
872 116 905 149 S.
929 117 1203 152 AUGUSTmI

201 234 401 299 acriter,
454 247 514 280 ne
568 230 626 279 ad
674 230 964 279 damnabilia
1012 239 1212 295 peccata
1258 231 1510 296 perducat.
1586 229 1649 281 Et
1697 233 1739 281 si
1777 233 1883 297 qui-

201 307 313 356 dem
346 305 563 354 nondum
597 306 914 354 victoriarum
947 304 1306 354 consuetudine
1340 305 1567 355 roborata
1601 312 1730 372 sunt,
1769 307 1883 355 faci-

200 381 294 429 lius
326 381 592 428 vincuntur
624 385 674 427 et
706 378 909 444 cedunt3
950 380 992 427 si
1023 385 1187 427 autem
1218 381 1415 428 vincere
1457 386 1603 444 atque
1642 382 1886 445 imperare

201 459 531 519 consuerunt,
581 452 823 501 laboriosa
874 452 1161 501 difficultate
1223 460 1535 517 superantur.
1611 453 1783 518 Neque
1837 453 1887 502 id

143 538 168 577 5
204 529 259 576 fit
296 529 537 576 veraciter
575 533 722 591 atque
763 528 1026 590 sinceriter
1066 528 1161 574 nisi
1200 541 1341 575 verae
1383 526 1705 577 delectatione
1746 529 1887 576 iusti-

202 603 319 667 tiae3
367 601 486 650 haec
539 607 615 650 est
654 606 818 650 autem
857 594 908 649 in
948 600 1043 649 fide
1085 599 1279 649 Christi.
1356 599 1477 650 Nam
1517 603 1560 649 si
1595 601 1674 650 lex
1712 601 1888 650 iubens

204 675 331 724 adsit
386 682 435 724 et
489 676 692 740 spiritus
739 676 910 723 iuvans
957 674 1106 740 desit,
1159 689 1249 738 per
1299 675 1455 738 ipsam
1505 674 1888 738 prohibitionem

203 748 451 798 desiderio
503 755 759 797 crescente
811 756 956 812 atque
1008 750 1235 796 vincente
1286 750 1476 812 peccati
1525 750 1671 797 etiam
1722 755 1892 798 reatus

204 824 637 887 praevaricationis
693 822 895 870 accedit.
979 821 1359 885 Nonnumquam
1415 837 1530 870 sane
1584 824 1891 886 apertissima

118 908 171 947 10
206 898 319 945 vitia
375 888 481 944 aliis
535 897 665 944 vitiis
721 897 987 944 vincuntur
1041 895 1272 970 occultiS,
1325 911 1448 960 quae
1495 902 1733 961 putantur
1781 911 1888 944 esse

204 971 412 1019 virtutes
424 1009 438 1035 ,
485 971 535 1018 in
585 969 764 1033 quibus
811 976 985 1034 regnat
1023 968 1254 1033 superbia
1294 976 1343 1018 et
1382 970 1620 1034 quaedam
1659 969 1753 1018 sibi
1790 969 1890 1034 pla-

205 1043 348 1093 cendi
380 1043 584 1092 altitudo
618 1045 832 1092 ruinosa.
909 1043 1050 1092 Tunc
1089 1045 1253 1106 itaque
1293 1045 1419 1092 victa
1458 1045 1573 1093 vitia
1612 1042 1890 1108 deputanda

206 1123 335 1182 sunt,
376 1133 488 1166 cum
521 1116 609 1166 Dei
649 1132 813 1165 amore
854 1118 1142 1182 vincuntur,
1185 1131 1331 1181 quem
1363 1119 1460 1167 nisi
1491 1117 1622 1166 Deus
1654 1119 1759 1182 ipse
1791 1132 1892 1166 non

203 1191 351 1240 donat
401 1206 492 1239 nec
540 1190 681 1239 aliter
732 1193 827 1240 nisi
874 1206 964 1255 per
1010 1189 1333 1239 mediatorem
1382 1191 1471 1240 Dei
1517 1199 1567 1241 et
1619 1191 1893 1256 hominum,

118 1276 170 1316 15
203 1265 452 1313 hominem
487 1264 737 1313 Christum
767 1264 945 1331 Iesum,
986 1265 1071 1328 qui
1111 1265 1269 1313 sactus
1310 1272 1386 1313 est
1424 1267 1671 1329 particeps
1711 1271 1892 1313 morta·

202 1339 351 1388 litatis
398 1346 619 1404 nostrae,
667 1346 722 1387 ut
768 1353 858 1386 nos
908 1339 1173 1402 participes
1225 1338 1411 1387 faceret
1451 1339 1719 1387 divinitatis
1759 1353 1892 1387 suae.

203 1412 494 1461 Paucissimi
518 1419 682 1461 autem
716 1418 831 1460 sunt
862 1418 1027 1460 tantae
1062 1411 1323 1477 felicitatis,
1363 1418 1419 1460 ut
1450 1411 1509 1460 ab
1542 1414 1647 1476 ipsa
1686 1413 1890 1461 ineunte

205 1485 536 1534 adulescentia
585 1485 715 1534 nulla
761 1484 1051 1534 damnabilia
1098 1492 1299 1549 peccata
1353 1487 1660 1534 committant
1713 1485 1788 1534 vel
1842 1487 1894 1533 in

205 1559 402 1623 flagitiis
451 1559 525 1607 vel
572 1561 622 1607 in
670 1558 972 1607 facinoribus
1012 1558 1087 1607 vel
1126 1560 1177 1607 in
1217 1560 1432 1607 nefariae
1474 1561 1762 1623 cuiusquam
1803 1560 1892 1607 im-

118 1645 174 1684 20
206 1634 402 1698 pietatis
454 1648 655 1699 errore,
708 1633 792 1681 sed
844 1647 1015 1696 magna
1069 1633 1272 1697 spiritus
1322 1633 1545 1697 largitate
1597 1634 1893 1699 opprimant,

208 1706 446 1770 quidquid
480 1708 550 1755 eis
582 1712 750 1771 posset
783 1706 965 1755 carnali
997 1705 1320 1755 delectatione
1356 1706 1611 1755 dominari.
1687 1705 1895 1756 Plurimi

206 1795 321 1828 vero
354 1787 618 1845 praecepto
650 1780 772 1845 legis
805 1787 1024 1846 accepte,
1064 1795 1177 1828 cum
1208 1782 1347 1844 prius
1381 1782 1496 1829 victi
1530 1781 1715 1829 fuerint
1751 1796 1891 1845 prae-

207 1853 481 1902 valentibus
540 1855 666 1903 vitiis
715 1861 763 1903 et
814 1855 1232 1918 praevaricatores
1278 1856 1385 1903 eius
1434 1855 1618 1919 effecti,
1665 1861 1784 1903 tunc
1833 1855 1892 1903 ad

209 1929 413 1992 gratiam
453 1929 745 1992 confugiunt
784 1928 1108 1991 adiuvantem‚
1149 1943 1245 1991 qua
1283 1929 1402 1977 fiant
1441 1934 1491 1977 et
1529 1930 1741 1977 amarius
1779 1943 1893 1993 pae-

121 2013 176 2052 ‘25
211 2001 412 2050 nitendo
445 2008 494 2051 et
526 2001 865 2050 vehementius
896 2001 1159 2066 pugnando
1198 2003 1338 2066 prius
1370 2001 1471 2050 Deo
1512 2001 1707 2051 subdita
1747 2008 1893 2066 atque

209 2077 276 2123 ita
309 2077 444 2123 carni
474 2077 753 2139 praeposita
786 2082 950 2124 mente
991 2077 1216 2124 victores,
1295 2075 1532 2140 Quisquis
1570 2077 1720 2140 igitur
1760 2077 1898 2140 cupit

209 2163 392 2212 poenas
433 2149 638 2197 evadere
679 2151 1018 2214 sempiternaS,
1058 2163 1157 2196 non
1197 2148 1353 2197 solum
1394 2148 1685 2215 baptizetur,
1724 2163 1895 2198 verum

209 2223 356 2270 etiam
403 2223 698 2270 iustificetur
745 2224 795 2270 in
837 2221 1055 2287 Christ0,
1102 2237 1157 2270 ac
1207 2224 1277 2270 sic
1318 2237 1431 2270 vere
1472 2229 1690 2272 transeat
1729 2237 1756 2271 a
1795 2222 1895 2271 dia-

209 2294 322 2343 bolo
371 2295 428 2343 ad
471 2294 735 2344 Christum.
811 2295 1150 2367 purgatorias·
1175 2303 1338 2344 autem
1385 2311 1568 2360 poenas
1621 2295 1780 2345 nullas
1819 2296 1894 2344 fu-

122 2380 179 2419 30
211 2375 348 2417 turas
389 2370 642 2434 opinetur,
689 2370 783 2417 nisi
830 2376 941 2417 ante
982 2367 1101 2417 illud
1142 2368 1370 2418 ultimum
1410 2370 1782 2433 timendumque
1821 2371 1895 2418 iu-

211 2442 408 2491 dicium.
485 2441 803 2506 Nequaquam
859 2449 1022 2491 tamen
1078 2442 1355 2506 negandum
1411 2449 1486 2492 est
1535 2445 1681 2492 etiam
1731 2444 1895 2507 ipsum

211 2522 466 2564 aeternum
506 2517 668 2580 ignem
707 2531 798 2580 pro
839 2516 1117 2565 diversitate
1158 2518 1448 2565 meritorum
1488 2518 1707 2581 quamvis
1747 2515 1897 2565 malo·

330 2630 402 2683 15)
438 2633 474 2671 1.
511 2628 627 2672 Tim.
662 2633 702 2684 2,
735 2633 775 2673 5.

285 2795 355 2892 115
387 2803 496 2833 uere
529 2789 646 2842 RA,·
685 2804 796 2833 uera,
830 2790 967 2836 Parr.
993 2792 1008 2846 ΙΙ
1034 2795 1086 2833 15
1119 2790 1272 2833 Iesum
1307 2768 1539 2834 Christum
1571 2804 1596 2833 v
1605 2805 1622 2844 ;
1653 2789 1710 2844 cf.
1735 2801 1894 2845 [πορν.

202 2862 252 2904 p.
