2004 3140
219 138 330 190 480
894 146 929 180 5.
953 145 1230 181 Anonsmm

223 263 382 311 oei-int
421 260 733 310 dilectionem
765 260 924 308 Patris
964 261 1015 307 in
1047 259 1238 308 Filium.
1317 258 1459 317 Quod
1498 274 1614 308 vero
1656 260 1903 324 sequitur:

220 337 289 385 Et
340 350 431 385 eor
478 337 690 384 hominis
738 336 808 383 aa
846 336 1136 396 proximum
1183 348 1348 393 suum,
1403 333 1452 381 id
1500 340 1595 398 est,
1651 340 1905 383 convertet

220 408 384 458 Helias
431 415 481 458 et
528 423 613 457 eor
659 408 872 457 hominis
920 407 978 456 ad
1026 408 1305 471 proximum
1345 422 1519 456 suum:
1571 407 1689 472 quid
1727 407 1904 457 melius

219 483 523 546 intellegitur
578 497 724 546 quam
786 497 872 531 eor
926 481 1138 530 hominis
1199 481 1258 529 ad
1318 481 1563 532 hominem
1617 478 1904 531 Christum?

158 566 186 606 5
220 555 344 606 Cum
395 558 525 606 enim
576 558 640 605 sit
685 557 736 605 in
784 556 939 604 forma
978 555 1065 604 Dei
1112 554 1243 603 Deus
1290 562 1481 622 noster,
1527 556 1734 605 formam
1774 556 1905 605 servi

220 631 466 696 accipiens
507 646 614 680 esse
663 630 892 696 dignatus
944 637 1019 678 est
1059 630 1498 694 etiam'proximus
1538 636 1721 679 noster.
1797 629 1903 678 Hoc

220 720 337 769 ergo
371 705 517 754 faciet
548 704 725 753 Helias.
804 706 878 754 Ne
903 704 1053 766 forte,
1093 704 1268 769 inquit,
1307 706 1502 753 veniam
1536 710 1585 754 et
1615 706 1903 767 percutiam

219 784 412 828 terram
456 781 672 841 penitus.
749 778 903 826 Terra
956 784 1071 826 sunt
1118 779 1271 844 enim⁷
1318 779 1402 841 qui
1448 785 1645 827 terrena
1693 779 1903 844 sapiunt,

218 854 347 901 sicut
393 852 558 902 Iudaei
610 852 830 901 carnales
880 867 1039 916 usque
1094 866 1249 916 nune;
1301 867 1359 900 ex
1414 867 1510 916 quo
1564 853 1680 901 vitio
1733 859 1902 901 contra

130 935 185 976 10
216 925 371 975 Deum
411 941 667 975 murmura
706 926 787 975 illa
825 932 1090 975 venerunt:
1146 926 1276 985 Quia
1315 929 1437 975 mali
1475 929 1525 976 ei
1555 929 1784 992 placent,
1831 932 1902 976 et:

229 1000 397 1050 Vanus
437 1007 511 1050 est
548 1003 638 1062 qai
672 1003 829 1050 servit
866 1001 986 1050 Dee.

862 1173 1052 1228 CAPUT
1092 1174 1258 1228 XXX.

225 1282 371 1340 Quod
407 1285 459 1331 in
491 1283 634 1331 libris
667 1285 849 1332 veteris
889 1285 1183 1344 testamenti,
1224 1298 1336 1333 cum
1369 1283 1506 1331 Deus
1545 1285 1733 1344 leqz‘tur
1772 1284 1902 1332 iude·-

216 1360 450 1416 caturus,
499 1371 597 1405 non
646 1359 903 1406 evidenter
949 1357 1137 1405 Christi
1173 1371 1397 1419 persona
1437 1362 1764 1416 monstretur,
1811 1358 1904 1406 sed

126 1438 182 1478 15
255 1443 321 1478 ex
360 1431 659 1492 quibusdam
700 1432 1005 1491 testimonii&
1045 1431 1135 1479 ubi
1171 1432 1413 1480 Dominus
1452 1431 1590 1480 Deus
1628 1432 1864 1492 loquitur,

408 1510 659 1566 appareat
695 1519 794 1553 non
835 1505 998 1566 dubie,
1039 1506 1175 1566 quod
1212 1507 1317 1567 ipse
1354 1507 1421 1554 sit
1465 1505 1704 1553 Christus

362 1606 512 1656 Multa
568 1606 658 1656 alia
714 1614 829 1656 sunt
884 1609 1243 1672 seripturarum
1294 1609 1574 1657 testimonia
1625 1607 1900 1657 divinarum

214 1681 273 1730 de
313 1683 578 1730 novissimo
625 1680 806 1730 iudicio
847 1681 956 1748 Dei,
1006 1697 1129 1746 quae
1181 1684 1223 1731 si
1262 1683 1423 1731 omnia
1463 1681 1708 1748 colligam,
1754 1682 1900 1731 nimis

213 1754 415 1819 longum
467 1756 575 1804 erit.
655 1755 783 1804 Satis
825 1771 940 1820 ergo
983 1757 1067 1821 sit,
1116 1756 1246 1820 quod
1296 1763 1344 1805 et
1384 1756 1521 1804 novis
1562 1763 1611 1804 et
1650 1754 1900 1805 veteribus

85 1836 181 1877 *20
214 1828 391 1877 litteris
439 1830 591 1877 saeris
639 1829 732 1878 hoe
792 1831 1193 1894 praenuntiatum
1240 1845 1348 1879 esse
1395 1829 1724 1894 probavimus,
1803 1828 1900 1878 Sed

213 1901 464 1951 veteribus
503 1918 592 1967 per
626 1901 877 1953 Christum
918 1904 1139 1953 futurum
1181 1919 1289 1953 esse
1330 1903 1582 1970 iudicium,
1621 1902 1671 1952 id
1711 1910 1787 1953 est
1825 1905 1898 1952 iu-

214 1975 373 2025 dicem
418 1974 670 2026 Christum
712 1977 771 2026 de
813 1977 946 2026 eaelo
989 1992 1098 2027 esse
1139 1984 1418 2039 venturum,
1459 1993 1558 2026 non
1598 1984 1711 2045 tam,
1753 1991 1899 2042 quam

213 2051 373 2115 noviS,
422 2049 676 2099 evidenter
716 2066 1007 2116 expressum
1047 2058 1143 2117 est,
1190 2058 1454 2116 propterea
1495 2052 1631 2117 quia,
1678 2066 1790 2101 oum
1829 2049 1900 2099 ibi

214 2122 334 2171 dicit
365 2123 602 2173 Dominus
635 2123 767 2173 Deus
800 2140 852 2174 56
886 2140 994 2173 6556
1035 2133 1299 2174 venturum
1340 2124 1415 2174 vel
1447 2125 1710 2175 Dominum
1742 2125 1899 2174 Deum

122 2204 179 2245 25
214 2195 395 2244 dieitur
430 2212 536 2245 esse
569 2203 848 2263 venturum,
889 2213 987 2247 non
1028 2206 1391 2262 consequenter
1422 2198 1725 2263 intellegitur
1758 2197 1896 2247 Chri-

215 2276 334 2318 stuS.
412 2269 649 2320 Dominus
683 2273 813 2320 enim
847 2271 978 2320 Deus
1012 2279 1060 2320 et
1091 2271 1238 2321 Pater
1274 2278 1350 2320 est
1388 2278 1437 2320 et
1468 2271 1622 2320 Filius
1662 2278 1711 2321 et
1744 2271 1895 2337 Spiri—

213 2351 293 2391 tus
334 2350 556 2410 sanetus;
604 2360 765 2408 neque
812 2345 905 2393 hoo
953 2351 1115 2394 tamen
1156 2347 1444 2394 intestatum
1484 2344 1765 2410 relinquere
1806 2360 1896 2394 nos

212 2423 421 2481 oportet.
498 2417 664 2467 Primo
728 2420 894 2483 itaque
957 2418 1396 2468 demonstrandum
1460 2426 1563 2484 est,
1629 2434 1776 2483 quem
1838 2419 1897 2468 ad

212 2490 412 2539 modum
459 2490 598 2541 Iesus
647 2491 872 2541 Christus
920 2499 1171 2557 tamquam
1219 2492 1456 2542 Dominus
1496 2491 1627 2541 Deus
1667 2492 1897 2557 loquatur

123 2573 180 2613 30
213 2565 263 2612 in
309 2564 613 2628 propheticis
660 2565 822 2632 libris,
878 2573 927 2616 et
974 2573 1149 2615 tamen>
1190 2566 1327 2615 lesus
1369 2565 1594 2615 Christus
1643 2566 1896 2616 evidenter

213 2645 457 2704 appareat,
498 2646 551 2688 ut
583 2647 631 2688 et
663 2639 858 2703 quando
891 2656 990 2688 non
1031 2642 1101 2689 516
1142 2647 1344 2704 apparet
1384 2648 1432 2690 et
1471 2647 1635 2689 tamen
1675 2639 1734 2689 ad
1774 2638 1893 2689 illud

332 2753 403 2806 11)
436 2750 545 2795 Mal.
581 2757 620 2807 2,
655 2757 731 2807 173
764 2757 806 2808 3,
842 2757 909 2796 14.

328 2887 383 2925 31
418 2882 482 2926 516
512 2897 605 2929 non
635 2897 660 2928 v
