2004 3140
566 154 633 185 DE
657 152 896 186 CIV1TATE
919 154 1008 185 DEI
1031 154 1074 186 L.
1098 155 1223 187 xxn.
1248 154 1286 187 c.
1310 156 1363 187 17.
1388 156 1442 188 18.
1722 143 1830 196 595

143 266 258 315 dum
292 269 500 331 quisque
535 281 708 315 eorum
740 266 884 316 vellet
923 265 1142 316 defuncti
1183 282 1365 328 semen,
1406 269 1535 316 sicut
1572 267 1651 316 lex
1689 285 1828 334 prae-

143 348 362 407 ceperat,
410 342 646 389 excitare:
702 342 930 402 ErratiS,
977 342 1162 406 inquit,
1208 344 1488 392 nescientes
1526 345 1826 404 seripturaS,

140 429 300 475 neque
338 416 571 463 virtutem
610 415 708 465 Dei
713 433 733 474 ;
781 423 829 464 et
869 430 982 464 cum
1020 413 1160 463 locus
1201 423 1344 480 esset,
1384 421 1440 464 ut
1479 415 1687 466 diceret:
1725 417 1827 483 „De

142 502 237 552 qua
269 489 400 536 enim
430 503 508 537 me
541 489 872 555 interrogatiS,
910 490 984 537 vir
1018 490 1112 537 erit
1145 491 1290 538 etiam
1321 491 1441 553 ipsa,
1473 504 1572 537 non
1603 486 1827 557 mulier“,

139 576 239 610 non
285 561 378 611 hoc
426 562 568 629 dixit,
616 563 702 612 sed
749 563 893 612 dixit:
949 563 1011 611 In
1059 565 1437 613 resurreetione
1484 565 1614 612 enim
1663 580 1825 626 neque
1857 574 1883 614 5

139 636 328 684 nubent
364 651 526 698 neque
564 638 755 688 uxores
794 639 1002 697 ducent,
1039 638 1133 685 sed
1169 643 1322 685 erunt
1357 639 1490 685 sieut
1528 641 1700 698 anqeli
1730 639 1828 688 Dei

140 712 191 758 in
239 713 409 768 eael0;
456 711 684 775 aequales
731 712 902 775 utique
952 709 1135 773 angelis
1187 710 1535 759 inmortalitate
1577 725 1631 758 ac
1673 711 1823 760 felici-

138 790 263 849 tate,
315 799 414 832 non
453 800 624 850 carne,
672 786 802 834 sicut
849 799 940 833 nec
987 785 1377 849 resurrectione,
1426 798 1521 847 qua
1562 799 1660 832 non
1699 785 1823 834 indi-

137 863 352 921 guerunt
402 858 584 924 angeli,
642 860 872 923 quoniam
926 873 1018 907 nec
1069 859 1196 906 mori
1244 864 1528 922 potuerunt.
1617 857 1824 923 Nuptias

138 946 254 995 ergo
294 929 531 981 Dominus
570 933 763 982 futuras
804 947 912 981 esse
960 933 1154 996 negavit
1192 933 1242 980 in
1283 933 1676 998 resurrectione,
1724 947 1823 981 non
1860 943 1914 983 10

136 1005 365 1070 feminaS,
405 1012 454 1055 et
492 1005 560 1055 ihi
599 1008 818 1071 negavit,
866 1005 952 1054 ubi
998 1005 1107 1055 talis
1149 1007 1371 1070 quaestio
1412 1004 1720 1072 vertebatur,
1767 1013 1823 1055 ut

137 1093 243 1126 eam
294 1086 469 1144 negato
510 1095 630 1130 sexu
678 1079 909 1129 muliebri
957 1079 1195 1128 celeriore
1246 1078 1476 1128 facilitate
1518 1079 1822 1147 dissolveret,

135 1154 176 1200 si
224 1167 337 1201 eum
382 1152 452 1201 ibi
490 1161 840 1218 praenosceret
880 1169 978 1202 non
1019 1151 1462 1218 futurum3'immo
1505 1155 1650 1202 etiam
1690 1154 1820 1203 futu-

133 1241 247 1274 rum
286 1241 394 1275 esse
435 1227 643 1277 firmavit
683 1227 917 1276 dicendo:
954 1228 1064 1276 Non
1103 1228 1304 1287 nubent,
1346 1226 1476 1290 quod
1517 1226 1575 1275 ad
1615 1227 1822 1276 feminas

132 1301 363 1366 pertinet,
401 1317 495 1350 nec
533 1317 722 1351 uaeores
755 1304 956 1362 ducent,
996 1300 1127 1365 quod
1167 1300 1227 1348 ad
1266 1302 1410 1350 viros
1488 1299 1650 1349 Erunt
1689 1316 1820 1367 ergo,
1857 1310 1908 1351 15

135 1388 257 1437 quae
310 1373 386 1422 vel
435 1375 623 1424 nubere
671 1375 751 1424 hic
801 1374 986 1442 solent,
1035 1374 1112 1423 vel
1160 1374 1342 1423 ducere
1384 1389 1586 1440 uxores3
1626 1375 1712 1424 sed
1751 1374 1821 1424 ihi

131 1461 230 1495 non
271 1447 465 1498 sacient.

762 1561 957 1616 CAPUT
995 1562 1196 1616 XVIII.

132 1669 209 1717 De
248 1650 355 1718 viro
389 1668 635 1731 perfecte,
676 1672 732 1719 id
769 1675 843 1718 est
887 1670 1109 1730 Christo,
1151 1676 1199 1719 et
1238 1684 1454 1732 corpore
1492 1672 1614 1731 θέας,
1655 1672 1711 1719 id
1747 1676 1821 1719 est

472 1747 700 1810 ecelesia,
739 1758 871 1804 quae
910 1749 983 1793 est
1022 1746 1176 1806 ipsius
1211 1746 1484 1806 plenitude.
1852 1783 1907 1822 20

279 1844 492 1895 Proinde
545 1847 676 1911 quod
729 1848 795 1895 ait
846 1845 1095 1911 apostolus
1108 1887 1122 1913 ,
1170 1861 1468 1896 occursuros
1515 1861 1605 1895 nos
1645 1861 1816 1894 omnes

131 1921 182 1968 in
222 1921 382 1969 virum
413 1921 705 1986 perfectum,
744 1921 898 1969 totius
933 1921 1090 1984 ipsius
1130 1922 1552 1970 circumstantiam
1590 1919 1816 1968 lectionis

130 1993 443 2042 considerare
483 1993 749 2060 debemus,
806 2009 931 2058 quae
978 1995 1045 2042 ita
1086 2010 1136 2043 se
1177 1994 1346 2043 habet:
1408 1996 1507 2052 Qui·
1544 1995 1815 2052 deseendit,

130 2068 314 2133 inquit,
363 2070 468 2130 ipse
515 2074 589 2117 est
634 2075 682 2117 et
727 2071 816 2128 qui
865 2069 1099 2117 ascendit
1133 2083 1287 2130 super
1327 2082 1494 2116 omnes
1533 2070 1721 2126 eanOS,
1761 2072 1819 2114 ut

132 2143 431 2203 adimpleret
476 2144 656 2190 omnia.
734 2142 800 2190 Et
847 2144 951 2203 ipse
1001 2142 1140 2190 dedit
1177 2143 1419 2203 quosdam
1458 2142 1657 2202 quidem
1698 2155 1814 2202 apo·
1851 2149 1904 2189 25

127 2217 297 2274 ποῖος,
339 2217 581 2275 quosdam
628 2221 794 2264 autem
828 2216 1125 2278 prophetas,
1166 2217 1407 2276 quosdam
1447 2229 1564 2264 vero
1605 2229 1815 2275 evanye—

128 2290 293 2347 listaS,
342 2291 582 2349 quosdam
631 2295 796 2338 autem
839 2295 1071 2351 pastores
1118 2296 1164 2338 et
1212 2292 1443 2339 doctores
1482 2291 1553 2338 ad
1590 2302 1814 2337 eonsum-

134 2364 399 2411 mationem
430 2369 721 2413 sanctorum
755 2366 804 2412 in
839 2362 962 2425 opus
1001 2365 1278 2426 ministerii,
1320 2366 1371 2412 in
1412 2364 1815 2422 aedificationem

130 2438 360 2497 eorporis
413 2437 620 2497 Christi,
674 2439 833 2486 donee
880 2452 1215 2487 occurramus
1263 2451 1428 2486 omnes
1480 2439 1532 2484 in
1571 2437 1814 2484 unitatem

123 2511 249 2568 fidei
279 2515 327 2558 et
358 2513 663 2570 ctqnitionem
691 2513 790 2570 filii
821 2511 929 2571 Dei,
971 2513 1021 2559 in
1055 2514 1218 2560 virum
1248 2509 1548 2573 perfectum,
1589 2511 1639 2557 in
1679 2522 1809 2556 men-
1845 2518 1900 2557 30

126 2597 300 2632 suram
348 2587 529 2632 aetatis
569 2585 902 2646 plenitudinis
955 2584 1143 2632 Christi
1149 2601 1167 2641 ;
1221 2590 1278 2632 ut
1325 2586 1463 2632 ultra
1509 2595 1608 2631 non
1658 2583 1812 2630 simus

246 2697 291 2751 3)
322 2696 404 2740 Mt.
439 2700 509 2751 22,
543 2700 611 2740 29.
677 2698 719 2750 7)
751 2694 834 2739 Mt.
869 2700 940 2749 22,
972 2700 1042 2738 30.

246 2834 271 2872 6
304 2830 439 2872 erunt
461 2828 532 2881 R‚·
564 2829 670 2871 sunt
694 2828 765 2870 Av
789 2829 805 2883 ΙΙ
831 2833 884 2871 16
916 2827 993 2870 uel
1026 2827 1105 2883 qui
1137 2827 1304 2872 ducere
1329 2841 1349 2870 e
1373 2829 1387 2883 Η
1414 2832 1465 2870 17
1501 2840 1594 2871 non
1618 2825 1686 2879 R;
1719 2826 1808 2869 hoc

126 2901 220 2931 non
250 2888 322 2932 Av
346 2889 361 2944 ΙΙ
385 2892 442 2931 24
473 2887 553 2943 qui
585 2888 632 2930 et
661 2886 731 2939 R,·
763 2887 811 2929 et
841 2900 922 2931 om.
957 2887 1026 2940 A,·
1058 2887 1133 2930 sed
1164 2887 1219 2941 cf.
1253 2891 1359 2941 211,
1393 2891 1423 2931 2

1356 2959 1455 3003 38*
