2054 3152
545 179 549 196 ι
610 173 676 204 DE
701 170 939 205 CIVITATE
963 171 1052 203 DEI
1075 171 1117 203 L.
1142 172 1223 203 xv.
1248 170 1286 204 c.
1311 172 1362 204 20.
1726 159 1832 212 103

146 286 453 337 adnumerati
491 291 608 333 sunt
646 283 942 351 tilii,-donec
981 284 1284 334 undenarius
1325 299 1564 333 numerus
1602 283 1830 348 implere-

150 369 252 426 tur,
301 375 397 424 quo
438 358 742 422 significatur
780 364 1052 423 peccatum.
1130 358 1392 407 Adduntur
1431 359 1562 406 enim
1601 364 1704 406 tres
1744 356 1831 406 filii

149 442 199 483 et
234 447 331 483 una
369 432 478 481 filia.
556 431 745 481 Uxores
778 438 942 481 autem
982 432 1112 481 aliud
1150 438 1362 497 possunt
1400 432 1692 498 significare,
1731 446 1831 479 non

146 507 239 556 hoc
279 506 410 570 quod
458 521 590 554 nunc
638 505 1079 555 commendandum
1131 506 1338 555 videtur.
1416 506 1557 554 Nunc
1598 507 1729 554 enim
1770 504 1829 553 de

146 579 547 644 generationibus
586 579 856 646 loquimur3
895 579 1004 628 illae
1043 595 1159 628 vero
1201 579 1331 628 unde
1373 581 1471 628 sint
1510 581 1719 644 genitae,
1759 585 1829 627 ta·
1864 587 1889 626 5

145 653 298 703 citum
337 660 426 703 est.
505 653 746 711 Quoniam
793 669 910 718 ergo
958 653 1036 702 lex
1089 654 1290 702 denario
1330 668 1538 702 numero
1578 652 1827 717 praedica·

144 734 241 792 tur,
280 727 410 776 unde
444 734 520 776 est
551 727 881 777 memorabilis
913 727 993 776 ille
1020 728 1298 794 decalogus,
1330 727 1555 792 profecto
1588 741 1828 775 numerus

144 801 469 867 undenarius,
526 803 756 866 quoniam
807 801 1172 866 transgreditur
1219 801 1502 867 denarium,
1553 808 1827 864 transgres-

142 876 331 924 sionem
382 875 504 939 legis
556 891 611 924 ac
658 891 747 940 per
796 876 890 924 hoc
935 883 1195 940 peccatum
1242 876 1498 940 significat.
1574 874 1701 923 Hinc
1754 880 1829 922 est

140 949 274 1012 quod
321 951 371 997 in
423 948 739 998 tabernaculo
779 951 1069 1016 testimonii,
1118 950 1248 1014 quod
1289 956 1395 998 erat
1433 951 1483 997 in
1523 950 1701 997 itinere
1741 963 1826 1012 po·
1863 957 1918 997 10

141 1021 246 1086 puli
285 1022 373 1071 Dei
411 1022 544 1072 velut
583 1023 820 1088 templum
860 1023 1262 1090 ambulatorium,
1308 1022 1539 1072 undecim
1579 1022 1684 1071 vela
1724 1021 1826 1070 cili-

143 1097 252 1144 cina
285 1097 392 1144 fieri
422 1104 685 1162 praecepta
717 1104 845 1146 sunt.
922 1097 977 1146 In
1012 1097 1170 1146 cilicio
1213 1099 1393 1162 quippe
1435 1096 1711 1145 recordatio
1754 1102 1830 1144 est

139 1175 455 1234 peccatorum
516 1178 722 1235 propter
778 1171 960 1220 haedos
1009 1171 1067 1219 ad
1127 1173 1377 1220 sinistram
1425 1171 1644 1235 futuros3
1697 1168 1826 1233 quod

141 1243 432 1292 confitentes
464 1245 514 1292 in
541 1243 700 1292 cilicio
740 1247 1104 1309 prosternimur
1143 1251 1393 1309 tamquam
1434 1244 1655 1293 dicentes
1695 1242 1827 1307 quod

139 1318 191 1365 in
229 1316 416 1382 psalmo
458 1319 699 1382 scriptum
739 1326 834 1368 est:
876 1320 942 1368 Et
973 1325 1242 1382 peccatum
1282 1332 1444 1368 meum
1484 1324 1602 1367 ante
1640 1332 1717 1367 me
1756 1323 1830 1366 est
1864 1327 1917 1367 15

138 1405 348 1453 semper.
426 1390 695 1455 Progenies
744 1408 861 1457 ergo
913 1408 970 1441 ex
1020 1392 1171 1441 Adam
1224 1408 1314 1458 per
1367 1390 1485 1440 Cain
1532 1391 1827 1441 sceleratum

138 1463 411 1514 undenario
464 1481 672 1514 numero
721 1467 917 1533 finitur,
967 1482 1063 1530 quo
1114 1474 1374 1531 peccatum
1414 1466 1739 1532 significatur,
1780 1472 1830 1514 et

140 1539 246 1603 ipse
279 1553 518 1588 numerus
551 1540 730 1588 semina
765 1541 1023 1607 clauditur,
1063 1556 1088 1589 a
1122 1556 1219 1604 quo
1247 1556 1367 1590 sexu
1406 1541 1602 1589 initium
1644 1540 1827 1589 factum

136 1618 216 1661 vest
260 1615 472 1679 peccati,
518 1628 609 1678 per
656 1614 786 1678 quod
835 1630 1007 1663 omnes
1054 1617 1308 1664 morimur.
1368 1613 1713 1677 ,Commissum
1755 1620 1830 1662 est

139 1692 318 1751 autem,
357 1694 414 1735 ut
453 1693 502 1735 et
541 1687 763 1752 voluptas
804 1691 989 1754 carnis,
1039 1704 1162 1752 quae
1204 1690 1400 1753 spiritui
1439 1689 1712 1754 resisteret,
1752 1702 1825 1736 se·
1860 1697 1916 1736 20

141 1766 392 1823 queretur.
478 1759 598 1808 Nam
652 1769 701 1810 et
750 1764 856 1826 ipsa
907 1761 1003 1810 filia
1055 1761 1268 1811 Lamech
1318 1762 1553 1810 Noemma
1603 1761 1827 1825 voluptas

143 1834 515 1897 interpretatur.
592 1834 688 1883 Per
737 1834 857 1884 Seth
906 1842 1067 1885 autem
1117 1835 1175 1883 ab
1216 1835 1369 1883 Adam
1425 1850 1584 1898 usque
1626 1835 1684 1883 ad
1724 1834 1826 1883 Noe

137 1906 371 1956 denarius
402 1909 682 1957 insinuatur
713 1908 960 1973 legitimus
1004 1925 1255 1958 numerus.
1335 1908 1425 1957 Cui
1467 1908 1570 1957 Noe
1602 1914 1705 1957 tres
1746 1907 1826 1956 ad·

138 1981 357 2029 iciuntur
403 1981 511 2048 filii,
560 1982 690 2030 unde
729 1998 829 2031 uno
869 1983 1004 2047 lapso
1054 1983 1150 2032 duo
1202 1982 1567 2031 benedicuntur
1607 1997 1632 2029 a
1671 1989 1826 2047 patre,

139 2060 195 2103 ut
233 2061 424 2103 remoto
472 2055 685 2120 reprobo
738 2064 787 2105 et
832 2057 1052 2122 probatis
1092 2057 1203 2106 filiis
1244 2057 1302 2105 ad
1343 2071 1607 2105 numerum
1648 2055 1824 2104 additis
1859 2066 1914 2104 25

136 2129 287 2176 etiam
335 2128 669 2178 duodenarius
717 2145 956 2180 numerus
995 2133 1275 2196 intimetur,
1316 2132 1401 2194 qui
1442 2136 1491 2178 et
1529 2132 1579 2178 in
1618 2131 1824 2195 patriar·

138 2201 343 2251 charum
391 2210 440 2252 et
485 2205 535 2251 in
584 2204 919 2268 apostolorum
965 2220 1172 2254 numero
1219 2206 1427 2269 insignis
1477 2211 1584 2269 est,
1622 2210 1826 2269 propter

142 2278 408 2340 septenarii
447 2284 613 2341 partes
654 2277 855 2327 alteram
894 2294 985 2343 per
1024 2278 1226 2327 alteram
1266 2277 1626 2343 multiplicatas
1703 2277 1825 2326 Nam

139 2357 216 2398 ter
271 2352 498 2413 quaterni
537 2351 612 2399 vel
666 2358 841 2416 quater
888 2354 1020 2401 terni
1058 2354 1219 2417 ipsum
1260 2353 1460 2401 faciunt.
1538 2352 1625 2401 His
1664 2354 1732 2401 ita
1772 2365 1824 2399 se

137 2422 432 2472 habentibus
470 2424 611 2473 video
652 2425 1064 2476 considerandum
1104 2432 1154 2475 et
1193 2421 1692 2492 commemorandum,
1731 2428 1823 2474 ista
1857 2436 1917 2475 30

138 2503 349 2560 utraque
388 2499 666 2565 progenieS,
706 2514 830 2563 quae
863 2499 1108 2549 distinctis
1148 2499 1549 2564 generationibus
1590 2499 1712 2548 duas
1752 2501 1822 2548 in-

138 2572 302 2619 sinuat
359 2573 607 2638 civitates,
661 2588 809 2621 unam
861 2575 1252 2639 terrigenarum,
1307 2573 1509 2623 alteram
1563 2588 1822 2638 regenera-

137 2651 326 2711 torum,
374 2659 470 2709 quo
517 2646 662 2695 modo
710 2653 880 2710 postea
921 2649 991 2696 sic
1031 2649 1293 2696 commixta
1333 2648 1483 2696 suerit
1522 2655 1668 2711 atque
1709 2662 1823 2695 con-

260 2775 331 2828 12)
363 2772 506 2832 Exod.
539 2778 611 2829 26,
647 2779 685 2817 7.
749 2777 821 2830 16)
854 2775 927 2819 Ps.
963 2779 1032 2828 50,
1067 2779 1104 2819 5.

259 2911 313 2949 21
347 2919 564 2950 noemma
605 2906 764 2959 VRF‚·
795 2906 975 2951 Noema
1005 2920 1031 2951 υ
