2004 3140
207 162 315 216 312
878 172 913 207 S.
937 173 1212 208 Aneusrnss

205 286 359 336 multo
392 288 545 350 magis
577 293 689 351 post
721 301 805 334 eos
838 286 1041 335 fuerunt
1078 285 1356 350 philosophi
1396 288 1632 353 gentium,
1673 290 1757 352 qui
1794 288 1892 338 hoc

206 363 353 409 etiam
392 361 590 408 nomine
631 366 940 424 vocarentur,
980 359 1112 423 quod
1152 362 1314 424 coepit
1346 375 1371 408 a
1406 359 1568 409 Samio
1600 361 1891 428 Pythagora,

206 436 290 498 qui
330 449 388 483 eo
421 441 659 499 tempore,
699 449 796 498 quo
828 432 1120 483 Iudaeorum
1162 439 1238 482 est
1277 433 1435 482 soluta
1474 436 1740 501 captivitaS,
1781 451 1888 484 coe-

205 509 277 572 pit
332 507 574 556 excellere
630 514 777 572 atque
833 509 1078 571 cognosci.
1161 506 1313 556 Multo
1368 510 1522 572 magis
1570 524 1686 573 ergo
1736 511 1889 559 ceteri

146 590 172 628 5
205 580 484 646 philosophi
530 587 643 646 post
688 580 956 646 prophetas
1003 582 1321 646 reperiuntur
1368 581 1534 631 fuisse.
1612 582 1734 631 Nam
1781 586 1891 647 ipse·

208 654 436 704 Socrates
474 655 804 720 AtheniensiS,
843 657 1076 719 magister
1116 656 1358 720 omnium,
1398 657 1484 719 qui
1522 663 1641 705 tunc
1680 659 1888 706 maxime

206 728 513 794 claruerunt,
561 737 737 778 tenens
784 730 836 777 in
884 744 939 777 ea
985 735 1147 794 parte,
1195 743 1318 792 quae
1366 729 1566 778 moralis
1612 730 1689 778 vel
1735 731 1890 780 activa

205 803 408 868 dicitur,
456 804 809 868 principatum,
855 809 969 866 post
1006 801 1214 851 Esdram
1251 804 1302 850 in
1343 801 1587 852 chronicis
1627 805 1890 854 invenitur.

205 875 315 925 Non
354 876 507 925 multo
547 884 660 940 post
699 877 846 925 etiam
884 875 1021 925 Plato
1062 883 1206 925 natus
1247 882 1347 941 est,
1389 878 1472 940 qui
1512 876 1655 941 longe
1696 884 1893 927 ceteros

119 958 172 997 10
207 949 423 999 Socratis
479 949 746 1014 discipulos
802 951 1027 999 anteiret.
1114 949 1304 1008 Quibus
1360 951 1401 998 si
1456 949 1689 1000 addamus
1744 953 1890 1000 etiam

205 1026 503 1088 superioreS,
545 1026 629 1088 qui
660 1023 879 1072 nondum
911 1023 1189 1088 philosophi
1219 1023 1534 1090 vocabantur,
1575 1030 1764 1089 septem
1798 1025 1888 1074 sci-

204 1097 320 1146 licet
354 1099 599 1163 sapientes
633 1113 688 1146 ac
721 1097 897 1146 deinde
930 1097 1174 1165 physicOS,
1206 1099 1292 1162 qui
1316 1097 1507 1147 Thaleti
1540 1104 1894 1147 successerunt

205 1173 256 1220 in
294 1171 651 1236 perscrutanda
691 1178 865 1221 natura
904 1187 1072 1220 rerum
1114 1171 1332 1221 studium
1373 1173 1479 1221 eius
1519 1173 1716 1238 imitati,
1765 1172 1890 1221 Ana-

205 1245 515 1295 ximandrum
565 1245 753 1295 scilicet
801 1253 849 1294 et
887 1245 1238 1294 Anaximenem
1285 1252 1334 1294 et
1374 1246 1710 1309 Anaxagoram
1749 1245 1890 1294 alios-

119 1325 172 1364 15
207 1334 301 1383 que
344 1318 628 1385 nonnullos,
676 1326 937 1383 antequam
976 1318 1277 1383 Pythagoras
1316 1319 1662 1383 philosophum
1700 1321 1894 1384 primus

205 1393 546 1457 profiteretur:
587 1408 678 1441 nec
710 1392 780 1441 illi
811 1392 1076 1457 prophetas
1116 1399 1312 1441 nostros
1354 1394 1613 1442 universos
1652 1394 1892 1458 temporis

206 1468 495 1530 antiquitate
527 1466 846 1531 praecedunt,
886 1466 1080 1530 quando
1122 1466 1319 1530 quidem
1359 1466 1552 1532 ThaleS,
1592 1473 1703 1531 post
1744 1481 1892 1531 quem

206 1542 361 1589 ceteri
400 1541 616 1606 suerunt,
656 1546 892 1604 regnante
924 1539 1132 1588 Romulo
1174 1541 1440 1588 eminuisse
1481 1540 1654 1606 fertur,
1695 1540 1890 1604 quando

206 1613 265 1662 de
299 1613 517 1662 sontibus
549 1613 701 1662 Israel
732 1615 782 1661 in
817 1615 887 1662 eis
919 1613 1111 1679 litteris,
1153 1629 1275 1677 quae
1317 1621 1420 1662 toto
1461 1613 1580 1662 orbe
1622 1621 1895 1679 manarent,

117 1694 172 1733 20
204 1687 490 1752 prophetiae
530 1686 713 1737 flumen
757 1689 933 1752 erupit.
1012 1686 1114 1735 Soli
1152 1688 1302 1751 igitur
1341 1687 1410 1735 illi
1449 1687 1665 1752 theologi
1703 1694 1894 1753 poetae,

206 1759 456 1827 OrpheUS,
503 1758 677 1827 Linus,
725 1760 953 1810 Musaeus
1002 1768 1050 1810 et
1098 1762 1139 1809 si
1187 1762 1296 1824 quis
1345 1760 1468 1809 alius
1508 1761 1635 1825 apud
1676 1760 1892 1810 Graecos

206 1835 312 1900 suit,
350 1834 426 1883 his
458 1834 714 1899 prophetis
746 1834 999 1900 Hebraeis,
1040 1849 1252 1898 quorum
1286 1837 1468 1898 scripta
1506 1836 1556 1882 in
1597 1837 1890 1885 auctoritate

203 1907 456 1974 habemUS,
496 1910 636 1956 annis
674 1909 994 1972 reperiuntur
1031 1910 1239 1972 priores.
1319 1907 1414 1957 Sed
1455 1923 1546 1957 nec
1586 1910 1681 1973 ipsi
1720 1924 1892 1958 verum

204 1981 489 2046 theologum
521 1987 748 2031 nostrum
779 1981 995 2047 Moysen,
1035 1983 1120 2046 qui
1159 1997 1314 2031 unum
1354 1997 1523 2030 verum
1558 1982 1712 2031 Deum
1752 1997 1891 2032 vera-

116 2061 171 2100 25
205 2057 328 2104 citer
359 2056 671 2121 praedicavit,
707 2057 849 2104 cuius
881 2070 1014 2104 nunc
1047 2057 1228 2119 scripta
1267 2057 1316 2103 in
1358 2057 1663 2104 auctoritatis
1704 2070 1891 2104 canone

205 2131 362 2192 prima
403 2135 540 2194 sunt,
588 2135 809 2192 tempore
850 2135 1234 2193 praevenerunt3
1275 2143 1330 2176 ac
1369 2143 1459 2192 per
1498 2128 1611 2189 hoc,
1654 2135 1893 2192 quantum

207 2201 265 2249 ad
314 2201 527 2250 Graecos
574 2201 782 2267 adtinet,
829 2203 879 2249 in
929 2217 1022 2265 qua
1070 2201 1234 2264 lingua
1280 2201 1471 2250 litterae
1521 2201 1669 2250 huius
1711 2201 1894 2251 saeculi

207 2276 413 2323 maxime
470 2273 784 2339 ferbuerunt,
838 2274 959 2323 nihil
1005 2273 1187 2322 habent
1233 2274 1363 2323 unde
1413 2276 1699 2338 sapientiam
1754 2291 1892 2325 suam

206 2349 411 2413 iactent,
458 2363 554 2411 quo
604 2347 840 2411 religione
889 2354 1079 2409 nostra,
1126 2347 1210 2396 ubi
1257 2363 1370 2396 vera
1419 2350 1655 2412 sapientia
1705 2357 1801 2415 est,
1849 2350 1890 2396 si

119 2428 175 2467 30
207 2436 306 2469 non
354 2423 603 2485 superior,
666 2421 836 2469 saltem
883 2421 1106 2470 videatur
1153 2423 1414 2484 antiquior.
1503 2421 1705 2487 Verum,
1761 2421 1892 2486 quod

208 2494 459 2543 fatendum
514 2502 614 2559 est,
669 2509 766 2542 non
815 2494 1012 2558 quidem
1060 2497 1110 2543 in
1160 2494 1382 2561 Graecia,
1438 2494 1524 2543 sed
1571 2496 1621 2543 in
1672 2495 1894 2544 barbaris

208 2568 459 2634 gentihUS,
501 2569 628 2617 sicut
667 2570 717 2616 in
756 2568 973 2632 Aegypto
984 2608 997 2633 ,
1046 2570 1141 2616 iam
1182 2568 1343 2616 fuerat
1382 2575 1493 2617 ante
1532 2567 1731 2632 Moysen
1771 2583 1892 2619 non-

209 2640 339 2689 nulla
380 2641 623 2707 doctrina,
672 2656 795 2705 quae
843 2641 1040 2689 illorum
1089 2643 1326 2705 sapientia
1365 2641 1636 2707 diceretur3
1676 2641 1894 2705 alioquin

209 2729 307 2762 non
363 2717 603 2778 scriptum
657 2722 788 2763 esset
843 2716 892 2762 in
941 2714 1081 2763 libris
1130 2716 1333 2779 sanctiS,
1386 2707 1587 2779 Moysen
1643 2715 1892 2764 eruditum

119 2794 174 2832 35
209 2787 359 2836 fuisse
408 2789 540 2836 omni
589 2789 824 2851 sapientia
866 2788 1240 2852 Aegyptiorum,
1289 2794 1407 2836 tunc
1453 2789 1647 2854 utique,
1698 2787 1892 2852 quando

305 2874 400 2955 ⁴35)
431 2899 532 2943 Act.
568 2903 608 2955 7,
642 2904 710 2942 22.
