2054 3152
538 155 605 187 DE
631 155 870 187 01v1TA'rE
893 155 982 186 DEI
1005 155 1050 190 1.
1076 155 1178 188 xlv.
1204 155 1241 188 c.
1267 156 1319 188 22.
1344 157 1397 188 23.
1747 144 1815 196 47

136 268 376 330 originem
409 267 634 332 feminae,
674 280 797 329 quae
831 265 892 314 de
924 267 1128 315 masculi
1159 267 1310 316 latere
1345 274 1508 316 creata
1547 274 1635 316 est.
1698 267 1818 316 Nam

134 347 182 388 et
222 339 472 404 apostolus
510 355 601 403 per
639 338 732 387 hoc
771 341 1002 406 primum,
1041 340 1172 404 quod
1211 340 1312 389 Deo
1351 343 1640 390 instituente
1679 356 1817 406 prae·

138 415 302 478 cessit,
336 413 612 478 exemplum
647 413 865 477 singulos
892 428 1114 477 quosque
1148 414 1390 480 admonet,
1429 422 1485 464 ut
1515 416 1607 463 viri
1638 430 1819 464 uxores

132 501 244 535 suas
284 485 500 550 diligant.

763 658 958 713 CAPUT
997 620 1196 713 XXIII.
1850 674 1875 714 5

130 768 210 814 An
250 770 401 815 etiam
441 769 493 814 ’ἱη
525 769 775 828 paradiso
812 769 1164 828 qenerandum
1198 765 1402 828 suisset,
1442 769 1488 815 εἰ
1524 781 1665 816 nemo
1698 782 1817 829 pec-

208 847 384 903 casset,
424 843 504 889 vel
530 846 710 889 utrum·
742 846 922 889 contra
963 847 1154 889 aestum
1194 841 1417 889 libidinis
1450 846 1749 903 puqnatura

576 916 680 963 illic
714 913 897 975 fuisset
933 917 1068 963 ratio
1109 917 1372 963 castitatis.

285 1016 520 1081 Quisquis
553 1022 715 1066 autem
750 1017 869 1066 dicit
901 1032 1000 1065 non
1034 1017 1185 1066 fuisse
1227 1018 1446 1066 coituros
1486 1031 1577 1065 nec
1617 1031 1818 1080 genera-

133 1097 294 1155 turos,
342 1092 437 1138 nisi
475 1097 787 1156 peccassent,
827 1091 944 1154 quid
985 1091 1126 1156 dicit,
1165 1092 1262 1139 nisi
1299 1096 1504 1155 propter
1544 1091 1816 1138 numerosi·
1853 1101 1907 1142 10

131 1170 282 1212 tatem
338 1170 622 1212 sanctorum
674 1166 1008 1212 necessarium
1060 1163 1271 1212 hominis
1322 1164 1474 1212 fuisse
1524 1160 1819 1227 peccatum?

133 1236 184 1285 Si
217 1238 348 1286 enim
380 1251 480 1285 non
512 1237 762 1301 peccando
796 1237 887 1285 soli
926 1243 1256 1303 remanerent,
1295 1239 1424 1302 quia,
1464 1238 1592 1286 sicut
1629 1243 1819 1303 putant,

133 1312 229 1359 nisi
278 1317 595 1377 peccassent,
650 1325 887 1375 generare
936 1326 1035 1359 non
1085 1316 1310 1375 possent:
1360 1310 1583 1375 profecto
1624 1317 1679 1359 ut
1718 1325 1818 1358 non

133 1384 224 1433 soli
275 1384 372 1433 duo
423 1385 542 1433 iusti
588 1384 813 1433 homines
862 1391 1068 1449 possent
1118 1399 1226 1433 6556
1239 1424 1254 1450 ,
1306 1384 1390 1432 sed
1430 1383 1596 1448 multi,
1647 1398 1816 1432 neces·

131 1459 315 1506 sarium
368 1464 625 1522 peccatum
682 1458 788 1507 suit.
867 1457 1008 1515 Quod
1060 1459 1101 1506 si
1152 1458 1357 1507 credere
1408 1457 1678 1506 absurdum
1730 1463 1820 1522 est,
1854 1468 1906 1508 15

131 1531 250 1580 illud
305 1532 470 1596 potius
534 1539 608 1581 est
672 1531 996 1597 credendum,
1059 1532 1190 1595 qnod
1242 1537 1525 1580 sanctorum
1579 1545 1818 1579 numerus

132 1611 344 1669 quantus
385 1604 687 1670 conplendae
726 1605 796 1654 illi
836 1605 1019 1654 sufficit
1056 1604 1366 1654 beatissimae
1407 1606 1613 1670 civitati,
1652 1610 1819 1653 tantus

134 1679 384 1743 existeret,
424 1680 518 1727 etsi
550 1693 694 1727 nemo
726 1685 995 1743 peccasset,
1036 1685 1249 1742 quantus
1289 1693 1422 1727 nunc
1461 1693 1551 1743 per
1582 1677 1671 1727 Dei
1710 1692 1817 1741 gra-

132 1753 248 1799 tiam
289 1751 348 1800 de
389 1751 703 1800 multitudine
744 1751 992 1816 colligitur
1029 1758 1362 1818 peccatorum,
1402 1767 1498 1816 quo
1535 1766 1693 1816 usque
1733 1750 1818 1799 filii

131 1824 314 1873 saeculi
351 1823 499 1873 huius
539 1831 776 1889 generant
815 1831 865 1874 et
903 1831 1216 1889 generantur.
1850 1837 1906 1877 20

279 1897 342 1946 Et
373 1897 483 1946 ideo
515 1898 624 1947 illae
658 1900 857 1963 nuptiae
883 1898 1055 1963 dignae
1088 1898 1319 1947 felicitate
1358 1898 1585 1964 paradisi,
1626 1899 1666 1946 si
1704 1913 1816 1962 pec·

132 1978 293 2021 catum
334 1986 433 2020 non
474 1972 663 2038 fuisset,
703 1979 752 2021 et
783 1971 1078 2036 diligendam
1115 1971 1306 2036 prolem
1345 1972 1604 2035 gignerent
1642 1978 1691 2020 et
1728 1987 1818 2035 pu·

131 2044 340 2094 dendam
378 2043 630 2094 libidinem
683 2060 781 2094 non
831 2044 1084 2094 haberent.
1164 2044 1259 2093 Sed
1301 2060 1398 2109 quo
1438 2044 1583 2093 modo
1622 2044 1672 2094 id
1711 2046 1819 2092 fieri

129 2125 324 2185 posset,
375 2133 507 2167 nunc
558 2134 656 2167 non
710 2126 786 2168 est
834 2118 1349 2183 quossdemonstretur
1400 2118 1638 2182 exemplo.
1715 2118 1816 2166 Nec

131 2192 241 2240 ideo
275 2198 438 2240 tamen
470 2192 761 2240 incredibile
795 2191 943 2241 debet
974 2193 1130 2241 videri
1170 2194 1315 2240 etiam
1354 2191 1475 2240 illud
1515 2207 1669 2240 unum
1711 2194 1816 2240 sine
1850 2203 1904 2242 25

133 2267 226 2314 ista
275 2264 478 2314 libidine
529 2265 767 2314 voluntati
817 2267 1037 2330 potuisse
1090 2267 1303 2331 servire,
1354 2267 1435 2315 cui
1485 2271 1558 2314 tot
1596 2264 1818 2314 membra

130 2340 538 2388 nunc'serviunt.
614 2339 687 2386 An
727 2354 844 2387 vero
884 2354 1058 2402 manus
1098 2346 1147 2388 et
1185 2339 1336 2404 pedes
1376 2354 1652 2405 movemuS‚
1704 2353 1818 2387 cum

133 2412 374 2478 volumUS,
414 2411 473 2459 ad
514 2427 583 2477 ea,
624 2427 747 2475 quae
787 2412 864 2460 his
903 2411 1138 2461 membris
1177 2413 1363 2476 agenda
1403 2420 1532 2478 sunt,
1572 2415 1678 2461 sine
1716 2411 1816 2461 ullo

134 2487 327 2552 renisu,
374 2491 509 2534 tanta
548 2485 802 2551 facilitate,
850 2493 1031 2549 quanta
1071 2493 1120 2534 et
1158 2488 1209 2534 in
1241 2485 1385 2551 nobis
1425 2493 1474 2535 et
1513 2488 1562 2534 in
1604 2485 1709 2534 aliis
1749 2486 1815 2533 vi·

132 2557 330 2625 demuS,
376 2561 582 2608 maxime
630 2561 680 2607 in
728 2558 998 2608 artificibus
1047 2574 1356 2623 quorumque
1397 2574 1603 2623 operum
1644 2573 1815 2623 corpo·
1849 2570 1905 2609 30

252 2688 296 2741 4)
330 2685 446 2742 Eph.
481 2691 521 2741 5,
555 2690 635 2742 253
668 2686 763 2730 Col.
798 2690 839 2743 3,
874 2691 941 2730 19.
1007 2687 1080 2741 20)
1113 2685 1189 2730 Le.
1223 2691 1294 2741 20,
1327 2691 1396 2731 34.

255 2881 276 2918 7
311 2877 489 2919 aestum
533 2875 575 2918 V
601 2879 697 2931 (38,
729 2881 838 2933 28ss
870 2880 1025 2922 actum
1056 2891 1082 2922 v
1105 2880 1121 2935 u
1146 2883 1171 2922 8
1202 2877 1321 2922 ratio
1363 2877 1426 2932 V,·
1458 2877 1649 2921 tradit-io
1682 2892 1707 2921 v
