2004 3140
136 949 190 989 10

140 1317 192 1357 15

144 1686 199 1726 20

142 2053 197 2093 25

145 2421 202 2460 30

217 152 323 206 548
900 161 934 193 s.
960 159 1235 194 Auous'mm

220 284 298 327 tus
356 275 543 336 fueri&
601 277 722 336 quia
771 272 943 335 frater
998 278 1112 322 tuus
1169 274 1321 322 habet
1381 274 1579 334 aliquid
1637 273 1903 322 adversum

220 358 287 411 te,
341 352 569 409 relinque
617 350 687 397 ibe·
730 362 911 397 munus
958 353 1096 395 tuum
1144 349 1214 395 ad
1263 349 1428 396 altare
1478 352 1539 395 et·
1571 347 1700 396 vade
1739 349 1903 408 prim,

220 425 558 474 reconciliare
600 422 765 484 fratri
811 427 916 481 tuo,
974 426 1022 470 et
1075 427 1195 469 tunc
1244 423 1443 470 veniens
1493 421 1677 481 offeres
1724 434 1904 469 munus

222 491 409 563 tuum).·
457 498 523 544 ita
574 511 747 561 parum
787 501 862 544 est
902 494 1206 559 elemosynas
1247 493 1573 558 quantaslibet
1612 494 1773 542 facere
1814 508 1903 558 pro

221 585 533 636 quocumque
591 569 776 619 scelere
847 575 897 617 et
966 571 1016 617 in
1072 567 1428 617 consuetudine
1498 567 1742 616 scelerum
1795 582 1904 631 per-

221 660 436 694 manere.

369 717 536 767 Oratio
578 733 692 766 vero
734 716 996 782 cotidiana,
1037 731 1182 780 quam
1222 715 1389 765 docuit
1427 717 1532 780 ipse
1572 714 1735 781 IeSUS‚
1775 716 1904 765 unde

223 800 272 842 et
321 791 565 840 dominica
617 793 921 856 nominatur,
972 790 1102 838 delet
1154 789 1351 854 quidem
1400 790 1642 838 cotidiana
1690 796 1906 855 peccata,

223 882 334 916 cum
383 865 561 915 cotidie
611 865 812 914 dicitur:
865 866 1069 913 Dimitte
1115 866 1256 914 nobis
1305 865 1474 913 debita
1514 869 1713 923 nostra,
1761 870 1907 927 atque

221 941 270 989 id
312 939 442 1004 quod
484 941 709 1003 sequitur
749 954 846 987 non
889 938 1047 987 solum
1088 937 1291 1003 dicitur,
1331 937 1416 986 sed
1458 939 1604 986 etiam
1642 937 1717 987 fit:
1765 938 1909 987 Sicut

223 1020 270 1064 et
305 1028 395 1063 nos
427 1015 717 1062 dimittimus
750 1014 1060 1062 debitoribus
1099 1015 1284 1062 nostris
1294 1029 1313 1070 ,·
1353 1011 1439 1060 sed
1479 1013 1594 1076 quia
1632 1012 1757 1061 fiunt
1793 1027 1907 1077 pec-

224 1096 355 1153 cata,
402 1087 511 1136 ideo
561 1087 767 1152 dicitur,
815 1102 913 1135 non
954 1093 1008 1135 ut
1046 1086 1157 1135 ideo
1197 1086 1339 1151 fiant,
1387 1086 1499 1150 quia
1540 1085 1735 1135 dicitur.
1811 1085 1908 1134 Per

223 1162 349 1211 hanc
397 1162 528 1210 enim
578 1160 720 1209 nobis
770 1160 924 1209 voluit
964 1159 1184 1209 Salvator
1224 1159 1508 1226 ostendere,
1550 1158 1909 1223 quantumlibet

224 1237 353 1284 iuste
408 1237 457 1283 in
513 1234 662 1284 huius
715 1236 839 1284 vitae
897 1234 1101 1298 caligine
1153 1242 1299 1298 atque
1349 1234 1630 1282 infirmitate
1678 1235 1910 1299 vivamuS‚

227 1325 326 1358 non
367 1308 508 1357 nobis
548 1308 720 1357 deesse
760 1316 981 1374 peccata,
1027 1323 1118 1372 pro
1168 1306 1346 1372 quibus
1394 1307 1696 1356 dimittendis
1735 1306 1909 1357 debea-

228 1398 337 1432 mus
378 1398 519 1431 orare
561 1390 609 1431 et
650 1384 742 1448 εἰς,
791 1384 876 1446 qui
914 1384 964 1430 in
1005 1397 1095 1430 nos
1134 1386 1363 1446 peccant,
1412 1388 1465 1430 ut
1504 1388 1549 1430 et
1594 1381 1735 1430 nobis
1773 1383 1908 1446 igno-

228 1462 408 1520 scatur,
448 1458 720 1520 ignoscere.
798 1456 905 1504 Non
945 1457 1109 1519 itaque
1149 1461 1411 1520 propterea
1451 1454 1688 1504 Dominus
1728 1456 1815 1505 ait:
1855 1457 1914 1505 Sz'

229 1532 519 1580 dimiseritis
569 1535 787 1592 peccata
840 1531 1151 1595 hominibusi,
1206 1531 1420 1578 dimittet
1472 1530 1608 1578 vobis
1661 1534 1711 1578 et
1761 1535 1913 1592 pater

230 1610 393 1653 vester
440 1610 660 1666 peccata
707 1609 895 1664 vestra,
945 1610 999 1652 ut
1045 1603 1105 1652 de
1146 1603 1235 1651 hac
1276 1604 1496 1652 oratione
1537 1603 1710 1652 confisi
1749 1605 1912 1652 securi

232 1677 474 1727 cotidiana
515 1676 701 1726 scelera
741 1677 1032 1743 faceremUS,
1070 1676 1146 1725 vel
1183 1678 1404 1742 potentia
1443 1692 1539 1741 qua
1578 1692 1676 1726 non
1715 1679 1911 1727 timere·

229 1767 339 1801 mus
385 1751 641 1800 hominum
695 1751 829 1816 leges
879 1750 954 1799 vel
994 1752 1171 1800 astutia
1210 1765 1306 1814 qua
1343 1752 1478 1816 ipsos
1517 1750 1741 1800 homines
1781 1751 1911 1800 falle-

231 1839 421 1890 remus3
462 1825 546 1873 sed
589 1831 643 1874 ut
681 1840 771 1890 per
809 1824 939 1873 illam
979 1825 1283 1874 disceremus
1323 1840 1422 1873 non
1460 1831 1634 1890 putare
1674 1841 1764 1874 nos
1803 1840 1911 1874 esse

230 1900 336 1948 sine
375 1901 608 1964 peccatiS,
649 1899 839 1948 etiamsi
873 1914 898 1946 a
939 1897 1229 1947 criminibus
1269 1913 1491 1948 essemus
1529 1901 1780 1965 inmunes;
1821 1900 1912 1947 sic-

229 1979 285 2021 ut
340 1973 484 2020 etiam
540 1971 661 2037 legis
723 1974 902 2021 veteris
966 1973 1247 2021 sacerdotes
1302 1971 1394 2021 hoc
1449 1974 1612 2037 ipsum
1668 1972 1799 2022 Deus
1853 1971 1913 2021 de

231 2046 481 2094 sacrificiis
535 2045 814 2107 admonuit,
870 2061 993 2110 quae
1048 2047 1193 2095 iussit
1248 2061 1333 2094 eos
1386 2047 1601 2110 primum
1654 2062 1743 2111 pro
1797 2048 1914 2111 suiS,

231 2119 406 2168 deinde
454 2134 544 2183 pro
592 2119 762 2184 populi
808 2120 986 2168 offerre
1034 2121 1263 2184 peccatis,
1348 2119 1470 2168 Nam
1521 2127 1569 2170 et
1614 2122 1721 2185 ipsa
1767 2119 1914 2169 verba

231 2193 353 2241 tanti
402 2194 621 2256 magistri
669 2200 718 2242 et
764 2192 958 2241 Domini
1005 2195 1163 2242 nostri
1212 2192 1470 2257 vigilanter
1507 2193 1742 2243 intuenda
1781 2201 1912 2243 sunt.

231 2265 340 2314 Non
379 2267 509 2314 enim
542 2267 630 2315 ait:
667 2265 753 2333 „Si
792 2266 1075 2315 dimiseritis
1112 2273 1313 2330 peccata
1351 2265 1647 2333 hominibus,
1687 2274 1736 2316 et
1774 2274 1915 2332 pater

232 2345 395 2387 vester
427 2339 639 2388 dimittet
671 2339 807 2388 vobis
839 2339 1212 2404 qualiacumque
1244 2335 1496 2406 peccata“,
1537 2339 1621 2389 sed
1662 2342 1749 2390 ait:
1789 2342 1912 2390 Pec-

234 2418 353 2462 cata
407 2418 587 2462 vestra.
681 2412 983 2462 Cotidianam
1038 2415 1218 2478 quippe
1281 2415 1551 2463 orationem
1606 2413 1812 2463 docebat
1865 2421 1916 2462 et

233 2487 511 2536 iustificatis
562 2488 732 2551 utique
782 2486 1035 2551 discipulis
1084 2486 1391 2551 loquebatur.
1470 2487 1598 2546 Quid
1649 2494 1724 2536 est
1775 2503 1914 2552 ergo:

236 2561 459 2609 Peccata
505 2567 674 2609 vestra
720 2562 816 2609 nisi
862 2567 1090 2627 „peccata
1139 2562 1244 2609 sine
1287 2560 1466 2625 quibus
1506 2576 1598 2610 nec
1637 2576 1722 2610 vos
1763 2563 1915 2625 eritiS,

237 2634 321 2697 qui
352 2633 602 2682 iustificati
634 2640 683 2682 et
723 2635 1010 2683 sanctificati
1050 2629 1234 2683 estis“‘?
1287 2633 1383 2683 Ubi
1423 2650 1539 2700 ergo
1578 2634 1662 2700 illi,
1704 2636 1788 2699 qui
1826 2649 1916 2699 per

354 2761 398 2815 4)
432 2759 513 2804 Mt.
548 2766 588 2814 5,
621 2765 676 2805 23
710 2775 778 2816 sq.
841 2763 914 2816 26)
948 2760 1095 2805 Levit.
1131 2765 1199 2815 16,
1232 2766 1270 2805 6.

357 2896 381 2934 7
413 2890 535 2935 iesus
566 2904 678 2944 mss;
708 2891 932 2936 Dominus
963 2906 989 2936 v
