2044 3146
143 926 199 966 10

147 1294 201 1334 15

146 1782 203 1822 20

148 2207 203 2247 25

232 132 259 180 1
272 129 337 181 78
906 138 942 173 S.
968 138 1244 173 Avensnm

231 255 418 303 labium
450 254 621 302 maris.
701 253 766 301 Et
798 254 1081 302 hereditate
1106 253 1384 315 possidebit
1411 265 1579 300 semen
1619 256 1758 300 tuum
1797 253 1921 302 civi-

231 334 357 377 tates
421 328 868 387 adversariorum‚
940 332 989 375 et
1050 327 1412 375 benedicentur
1474 327 1525 373 in
1587 328 1773 375 semine
1836 332 1922 376 tuo

230 415 397 450 omnes
432 406 607 462 qentes
647 409 846 461 terrae,
902 402 1022 461 quia
1062 401 1318 449 obaudisti
1354 413 1522 449 vocem
1562 414 1736 449 meam.
1813 397 1920 448 Hoc

229 473 374 522 modo
425 480 499 523 est
549 473 629 522 illa
681 473 740 522 de
791 475 1047 523 vocatione
1098 474 1320 538 gentium
1366 474 1416 521 in
1469 474 1656 522 semine
1696 471 1920 522 Abrahae

232 555 345 612 post
390 547 748 614 holocaustum,
787 562 884 611 quo
925 547 1226 611 significatus
1266 555 1342 596 est
1381 545 1622 613 ChristuS,
1661 548 1807 596 etiam
1846 548 1920 595 iu-

233 623 422 670 ratione
473 620 562 670 Dei
607 621 802 670 firmata
856 622 1134 686 promissio,
1228 620 1382 686 Saepe
1431 622 1561 669 enim
1611 622 1923 686 promiserat,

234 694 319 744 sed
359 710 628 759 numquam
674 697 934 744 iuraverat.
1011 694 1140 752 Quid
1188 701 1263 743 est
1311 701 1473 743 autem
1514 693 1602 742 Dei
1640 695 1744 743 veri
1783 709 1921 742 vera-

224 770 402 832 cisque
444 770 623 817 iuratio
663 770 759 818 nisi
789 769 1022 833 promissi
1053 768 1357 817 confirmatio
1390 774 1441 816 et
1471 767 1741 817 infidelium
1774 782 1922 831 quae-

233 841 344 890 dam
383 839 693 907 increpatio?

377 915 498 965 Post
542 915 663 964 haec
713 914 861 964 Sarra
912 922 1106 965 mortua
1154 924 1250 982 est,
1298 916 1603 964 centensimo
1652 916 1922 964 vicensimo

233 991 439 1054 septimo
481 1005 608 1038 anno
647 990 773 1038 vitae
815 1004 954 1056 suae,
995 991 1299 1039 centensimo
1339 995 1504 1038 autem
1544 995 1594 1037 et
1631 989 1922 1038 tricensimo

232 1065 440 1127 septimo
486 1065 579 1111 viri
627 1064 717 1112 sui.
795 1062 975 1111 Decem
1024 1065 1206 1128 quippe
1258 1063 1399 1112 annis
1451 1077 1557 1111 eam
1596 1061 1924 1127 praecedebat

232 1144 414 1202 aetate3
455 1138 735 1201 sicutipse,
775 1135 969 1201 quando
1004 1137 1096 1185 sibi
1129 1153 1188 1186 ex
1227 1136 1307 1185 illa
1346 1137 1623 1201 promissus
1662 1142 1738 1184 est
1776 1135 1922 1202 filim,

232 1212 316 1259 ait:
365 1211 424 1259 Si
451 1212 577 1259 mihi
614 1225 862 1260 annorum
896 1216 1095 1260 centum
1126 1217 1368 1261 nascetur
1394 1212 1545 1271 filim,
1585 1215 1634 1259 et
1671 1211 1718 1258 si
1747 1210 1922 1259 Sarra

235 1299 485 1333 annorum
525 1286 805 1345 nonayinta
850 1286 1036 1346 pariet.
1114 1284 1254 1333 Tunc
1294 1285 1413 1332 emit
1452 1298 1621 1348 agrum
1663 1282 1923 1349 Abraham,

233 1359 284 1407 in
325 1373 422 1422 quo
463 1357 688 1422 sepelivit
735 1373 955 1407 uxorem.
1033 1358 1172 1407 Tunc
1213 1373 1330 1422 ergo
1370 1356 1644 1406 secundum
1682 1358 1920 1406 narratio·

232 1446 348 1480 nem
389 1430 625 1496 Stephani
671 1433 723 1479 in
773 1439 906 1490 terra
945 1431 1025 1480 illa
1066 1440 1142 1481 est
1181 1431 1490 1496 conlocatuS‚
1537 1432 1769 1495 quoniam
1811 1445 1921 1479 coe-

232 1507 306 1570 pit
359 1504 427 1554 ibi
475 1520 583 1553 esse
630 1519 910 1569 possessor3
966 1512 1078 1570 post
1125 1513 1334 1555 mortem
1389 1504 1578 1553 scilicet
1626 1506 1780 1569 patris
1828 1506 1922 1571 sui,

236 1580 320 1642 qui
361 1578 608 1643 colligitur
649 1586 758 1628 ante
799 1578 1054 1629 biennium
1095 1580 1246 1628 fuisse
1287 1578 1564 1627 desui‘ictuS.

838 1765 1032 1820 CAPUT
1071 1765 1325 1819 XXXIII.

375 1874 451 1924 De
489 1874 725 1924 Rebecca
764 1880 910 1936 nepte
949 1875 1168 1935 Nachor,
1209 1887 1359 1935 quam
1399 1874 1551 1923 Isaac
1591 1875 1788 1936 accepit

961 1962 1187 1997 uxorem.

383 2049 567 2099 Deinde
618 2049 892 2099 Rebeccam
944 2057 1142 2115 neptem
1192 2050 1386 2099 Nachor
1435 2052 1599 2115 patrui
1650 2051 1750 2115 sui,
1806 2063 1919 2098 cum

237 2138 479 2172 annorum
528 2123 847 2188 quadraginta
894 2130 1027 2172 esset
1065 2123 1220 2189 Isaac,
1267 2123 1406 2172 duxit
1446 2138 1672 2189 uxorem,
1719 2130 1917 2172 centen-

237 2198 359 2245 simo
394 2196 582 2245 scilicet
614 2204 663 2246 et
695 2196 1102 2261 quadragensimo
1135 2212 1261 2245 anno
1294 2199 1419 2246 vitae
1451 2197 1604 2261 patris
1637 2198 1730 2262 sui,
1767 2197 1919 2245 trien·

235 2271 317 2318 nio
368 2277 480 2334 post
527 2277 738 2319 mortem
785 2272 954 2319 matris
1007 2285 1137 2319 suae.
1214 2269 1279 2319 Ut
1325 2278 1490 2319 autem
1528 2269 1660 2318 illam
1698 2270 1921 2334 duceret,

236 2342 430 2407 quando
463 2343 522 2391 ab
556 2346 662 2392 eius
694 2351 833 2408 patre
873 2345 924 2391 in
955 2343 1353 2407 Mesopotamiam
1395 2359 1567 2392 servus
1606 2345 1787 2393 missus
1828 2352 1919 2407 est,

236 2416 352 2480 quid
385 2416 515 2466 aliud
547 2417 935 2466 demonstratum
970 2424 1058 2478 est,
1099 2433 1210 2466 curn
1244 2418 1402 2466 eidem
1436 2433 1576 2466 servo
1617 2418 1738 2467 dixit
1768 2415 1916 2465 Abra·

234 2489 368 2540 ham:
416 2491 555 2540 Pone
600 2505 802 2540 manum
849 2497 985 2539 tuam
1031 2493 1122 2540 sub
1166 2490 1361 2553 femore
1398 2506 1526 2552 mec,
1575 2497 1625 2540 et
1665 2491 1919 2540 adiurabo

234 2675 275 2719 A
303 2677 324 2718 t
354 2618 398 2719 37)
423 2616 534 2719 {en
562 2622 631 2673 22,
661 2623 714 2661 10
740 2632 836 2672 sqq.
902 2621 974 2672 11)
1009 2616 1119 2662 Gen.
1154 2622 1224 2673 23,
1260 2624 1297 2662 1.
1364 2620 1436 2673 15)
1469 2616 1580 2661 Gen.
1617 2622 1684 2673 17,
1720 2623 1786 2663 17.
1845 2618 1919 2673 18)

278 2689 336 2719 c.
400 2711 410 2732 ,
475 2712 485 2721 .

356 2871 411 2910 10
445 2868 491 2910 et
519 2867 690 2911 vicens,
723 2881 747 2912 v
773 2869 788 2924 [l
816 2873 868 2911 14
899 2866 1022 2910 filius
1055 2880 1135 2912 om.
1170 2866 1219 2910 F
1246 2870 1474 2923 (167,17)
