2054 3152
580 143 647 176 DE
671 141 910 176 c1v1'rA'rE
935 142 1025 177 Dm
1048 142 1089 174 L.
1114 142 1215 174 xv1.
1240 142 1277 175 c,
1302 144 1354 175 11.
1380 143 1434 175 12.
1727 132 1832 183 145

146 258 364 322 priorem
396 255 594 320 quidem
627 257 947 321 nominatum,
988 255 1075 304 sed
1107 255 1250 320 longe
1289 262 1402 320 post
1442 256 1644 305 fratrem
1684 271 1830 306 suum

144 330 311 380 lectan
342 329 494 378 fuisse
528 336 711 394 natum,
752 330 894 387 cuius
926 329 1092 379 lectan
1124 328 1383 378 duodecim
1424 329 1510 378 filii
1548 337 1648 379 tam
1687 345 1828 395 gran-

145 403 232 454 des
279 405 375 452 iam
422 403 629 452 familias
674 402 936 469 haberent,
983 410 1039 452 ut
1085 404 1135 451 in
1186 403 1377 468 linguas
1402 406 1640 468 proprias
1681 404 1830 453 dividi

145 484 364 543 possent.
442 476 523 526 Sic
575 478 706 526 enim
751 478 912 542 potuit
960 478 1098 542 prior
1145 479 1546 543 commemorari,
1593 479 1678 542 qui
1724 485 1829 527 erat

145 557 302 601 aetate
357 552 630 616 posterior,
686 566 834 615 quem
896 550 954 599 ad
1010 550 1210 600 modum
1265 552 1404 615 prius
1459 554 1828 601 commemorati
1861 561 1886 600 5

144 632 260 675 sunt
315 640 374 674 ex
414 624 575 674 tribus
613 624 725 674 filiis
764 624 868 673 Noe
907 626 1157 689 procreati
1194 624 1281 673 filii
1318 623 1546 691 iapheth,
1599 627 1683 690 qui
1723 633 1828 675 erat

143 701 376 749 minimus
427 714 623 764 eorum;
663 698 840 748 deinde
880 698 967 747 filii
1015 697 1181 765 Cham,
1221 699 1307 763 qui
1347 705 1452 747 erat
1489 698 1702 764 medius3
1742 715 1826 764 po-

143 780 327 822 stremo
379 772 466 821 filii
506 772 651 838 Sem,
698 774 783 837 qui
822 778 928 821 erat
972 774 1163 837 primus
1209 780 1258 822 et
1296 774 1552 822 maximus.
1629 772 1828 822 Illarum

143 854 309 897 autem
347 849 570 911 gentium
615 845 849 896 vocabula
888 847 1068 911 partim
1107 853 1422 912 manserunt,
1460 848 1528 896 ita
1567 854 1622 895 ut
1660 846 1826 896 hodie·

143 936 240 986 que
279 927 510 986 appareat
541 920 672 970 unde
704 921 890 970 fuerint
929 920 1158 986 derivata,
1196 922 1326 970 sicut
1366 936 1424 969 ex
1455 920 1611 970 Assur
1642 921 1828 986 Assyrii
1863 930 1917 969 10

142 1001 194 1044 et
248 1010 307 1043 ex
352 993 521 1043 Hebe?
562 993 795 1059 Hebraei3
843 995 1023 1059 partim
1069 996 1307 1059 temporis
1352 1000 1594 1044 vetustate
1644 1001 1828 1044 mutata

143 1075 274 1135 sunt,
312 1069 380 1117 ita
410 1074 466 1117 ut
495 1070 576 1116 vix
615 1068 839 1117 homines
879 1068 1151 1118 doctissimi
1189 1069 1556 1132 antiquissimas
1596 1068 1826 1118 historias

141 1147 529 1207 perscrutanteS,
568 1157 660 1190 nec
701 1143 942 1202 omnium,
994 1141 1079 1190 sed
1120 1141 1393 1206 aliquarum
1434 1157 1494 1190 ex
1531 1143 1640 1191 istis
1680 1144 1825 1207 origi-

59 1273 77 1287 .
139 1230 228 1264 nes
260 1217 481 1280 gentium
512 1217 767 1279 potuerint
797 1217 1033 1280 reperire.
1109 1214 1232 1265 Nam
1265 1214 1397 1279 quod
1430 1230 1491 1264 ex
1529 1215 1627 1264 filio
1661 1215 1826 1281 Cham,

139 1290 226 1354 qui
287 1287 552 1338 vocabatur
625 1288 888 1355 Mesraim,
968 1288 1194 1354 Aegyptii
1253 1288 1581 1354 perhibentur
1655 1292 1828 1355 exorti,
1861 1298 1913 1337 15

139 1362 272 1412 nulla
324 1362 404 1412 hic
455 1369 655 1412 resonat
705 1365 843 1427 origo
894 1362 1140 1429 vocabuli;
1192 1365 1322 1412 sicut
1373 1378 1464 1412 nec
1512 1363 1825 1429 Aethiopum,

136 1438 222 1501 qui
275 1436 510 1502 dicuntur
562 1436 622 1485 ad
677 1452 791 1486 eum
837 1436 991 1486 filium
1042 1436 1193 1486 Cham
1240 1439 1514 1503 pertinere,
1567 1439 1653 1502 qui
1692 1436 1825 1487 Chus

138 1510 408 1576 appellatus
457 1517 546 1560 est.
622 1509 685 1560 Et
724 1512 766 1560 si
804 1513 967 1560 omnia
1008 1511 1409 1576 considerentur,
1459 1510 1600 1575 plura
1639 1518 1825 1561 mutata

138 1599 284 1648 quam
323 1587 569 1634 manentia
608 1586 806 1633 nomina
845 1593 1097 1650 apparent.

803 1786 994 1840 CAPUT
1033 1787 1153 1840 XII.
1854 1802 1910 1841 20

139 1895 217 1943 De
254 1896 474 1943 articulo
507 1896 742 1956 temporis
783 1897 834 1943 in
866 1894 1142 1953 Abraham,
1183 1909 1214 1943 α
1247 1908 1344 1955 quo
1376 1899 1588 1943 smactae
1624 1909 1820 1944 succes-

550 1971 705 2017 sionis
742 1982 899 2017 novus
937 1970 1062 2018 ordo
1102 1971 1405 2017 contexitur.

284 2070 426 2119 Nunc
458 2072 554 2119 iam
586 2069 837 2120 videamus
869 2085 1165 2136 procursum
1206 2071 1414 2120 civitatis
1446 2070 1535 2120 Dei
1575 2073 1720 2120 etiam
1761 2071 1819 2120 ab

137 2144 219 2193 illo
268 2143 475 2205 articulo
522 2146 786 2210 temporis,
838 2146 923 2209 qui
970 2145 1128 2194 factus
1181 2151 1256 2194 est
1294 2146 1345 2194 in
1383 2151 1522 2210 patre
1562 2144 1820 2210 Abraham,

137 2217 266 2267 unde
314 2219 488 2283 incipit
534 2233 642 2267 esse
690 2220 863 2267 notitia
902 2220 1009 2268 eius
1050 2218 1348 2284 evidentior,
1400 2225 1450 2267 et
1488 2217 1573 2267 ubi
1613 2218 1819 2268 clariora
1853 2229 1907 2269 25

135 2291 368 2356 leguntur
412 2293 655 2357 promissa
694 2291 879 2359 divina,
927 2307 1050 2357 quae
1098 2307 1231 2341 nunc
1270 2293 1322 2341 in
1362 2290 1557 2342 Christo
1597 2292 1817 2342 videmus

135 2365 343 2430 impleri.
422 2365 560 2415 Sicut
599 2381 716 2430 ergo
765 2368 1011 2432 scriptura
1051 2372 1218 2415 sancta
1255 2365 1502 2415 indicante
1542 2365 1818 2431 didicimuS,

135 2440 187 2487 in
233 2441 433 2504 regione
482 2438 839 2489 Chaldaeorum
885 2446 1028 2489 natus
1076 2446 1151 2489 est
1197 2439 1466 2505 Abraham,
1517 2454 1640 2504 quae
1682 2447 1814 2488 terra

135 2511 196 2560 ad
242 2527 450 2577 regnum
489 2513 744 2578 Assyrium
788 2513 1081 2578 pertinebat.
1156 2512 1298 2578 Apud
1340 2512 1605 2562 Chaldaeos
1653 2510 1816 2562 autem

137 2586 232 2634 iam
272 2587 416 2635 etiam
465 2592 584 2635 tunc
625 2589 1003 2652 superstitiones
1043 2589 1219 2652 impiae
1260 2585 1630 2652 praevalebant,
1672 2581 1817 2651 quein
1849 2598 1908 2637 30

254 2714 328 2768 28)
361 2711 473 2760 Gen.
508 2719 575 2768 11,
608 2718 678 2756 28.

255 2877 311 2916 29
345 2873 571 2929 assyrium
612 2875 702 2919 VF
725 2876 890 2929 Parr.‚·
922 2875 1202 2933 assyriorum
1233 2876 1304 2920 Rv

225 2961 319 2986 Atio.
345 2963 396 2986 m:
422 2962 500 2990 c1v.
524 2964 605 2988 nm.
629 2957 680 2989 11.
1407 2954 1461 2993 10
