2054 3152
183 699 209 738 5

151 1067 205 1106 10

149 1435 203 1474 15

146 1804 205 1843 20

151 2170 207 2209 25

151 2537 207 2576 30

241 152 343 206 138
908 162 943 195 S.
967 161 1243 196 AUGUSTINI

915 328 1111 384 CAPUT
1144 312 1236 384 IX.

267 439 346 487 Αη
387 435 681 499 inferiorem
716 443 915 500 partem
956 443 1142 498 terrae,
1181 453 1312 499 quae
1350 443 1554 492 nostrae
1592 438 1899 487 habitationi

383 513 650 562 contraria
690 517 777 571 est,
817 514 1086 574 antipodas
1125 513 1316 562 habere
1355 513 1664 562 credendum
1702 514 1780 561 sit.

389 614 530 673 Quod
577 629 693 663 vero
747 621 795 663 et
835 614 1091 679 antipodas
1131 630 1239 663 esse
1281 614 1585 681 fabulantur,
1632 614 1681 663 id
1722 621 1797 663 est
1836 614 1922 662 ho·

244 691 401 738 mines
434 703 460 736 a
492 689 737 737 contraria
768 694 907 752 parte
944 694 1122 754 terrae,
1160 688 1246 737 ubi
1286 687 1358 736 sol
1397 690 1569 754 oritur,
1609 687 1803 753 quando
1844 702 1922 736 oc-

241 763 358 812 cidit
389 761 547 828 nobis,
587 761 790 811 adversa
820 761 1029 826 pedihus
1069 763 1253 810 nostris
1294 761 1482 811 calcare
1522 763 1751 826 vestigia:
1790 761 1923 810 nulla

238 839 427 886 ratione
477 835 777 884 credendum
828 842 917 884 est.
994 834 1164 899 Neque
1216 835 1310 884 hoc
1349 835 1447 884 ulla
1485 835 1718 885 historica
1758 836 1922 900 cogni-

237 912 370 959 tione
411 909 641 958 didicisse
691 924 742 957 se
798 908 1077 975 adfirmant,
1127 909 1211 957 sed
1254 911 1393 973 quasi
1432 908 1768 958 ratiocinando
1809 924 1922 958 con-

237 985 445 1049 iectant,
475 974 556 1031 ‘eo
609 983 740 1046 quod
787 984 916 1031 intra
965 997 1180 1031 convexa
1232 982 1354 1031 caeli
1394 989 1527 1032 terra
1567 997 1806 1048 suspensa
1846 983 1924 1047 sit,

239 1058 550 1121 eundemque
582 1056 746 1105 locum
779 1055 993 1105 mundus
1033 1055 1209 1105 habeat
1248 1063 1296 1106 et
1335 1056 1558 1106 infimum
1599 1063 1648 1106 et
1686 1056 1926 1121 medium3

241 1139 290 1180 et
322 1146 382 1180 ex
413 1130 507 1183 hoc
540 1132 806 1195 opinantur
838 1129 1039 1179 alteram
1073 1136 1235 1179 terrae
1268 1137 1473 1196 partem,
1514 1145 1638 1194 quae
1668 1130 1797 1179 infra
1836 1137 1925 1194 est,

239 1204 538 1254 habitatione
584 1203 839 1252 hominum
889 1218 1058 1253 carere
1106 1218 1205 1252 non
1252 1219 1413 1268 posse.
1490 1203 1591 1253 Nec
1639 1202 1925 1269 adtendunt,

243 1280 435 1328 etiamsi
479 1278 634 1342 figura
682 1276 969 1341 conglobata
1017 1283 1065 1326 et
1103 1277 1318 1326 rutunda
1356 1277 1570 1326 mundus
1610 1292 1718 1326 esse
1759 1276 1926 1326 creda-

241 1359 323 1402 tur
363 1354 464 1401 sive
512 1351 670 1415 aliqua
710 1353 901 1400 ratione
940 1357 1269 1417 monstretur,
1319 1366 1418 1399 non
1457 1357 1621 1400 tamen
1661 1366 1770 1400 esse
1811 1365 1924 1399 con-

238 1441 466 1491 sequenS,
505 1431 561 1474 ut
593 1426 739 1473 etiam
771 1439 832 1474 ex
862 1424 942 1473 illa
973 1430 1112 1489 parte
1149 1424 1208 1473 ab
1249 1440 1485 1489 aquarum
1527 1426 1755 1489 congerie
1795 1424 1927 1474 nuda

239 1502 301 1549 sit
340 1506 496 1565 terra3
545 1498 721 1547 deinde
763 1499 954 1548 etiamsi
994 1498 1122 1547 nuda
1164 1499 1249 1564 sit,
1297 1514 1458 1563 neque
1496 1497 1591 1547 hoc
1633 1500 1800 1548 statim
1839 1513 1922 1546 ne-

239 1588 376 1623 cesse
432 1588 571 1638 esse,
625 1579 680 1620 ut
734 1572 959 1620 homines
1013 1571 1201 1620 habeat.
1295 1571 1538 1630 Quoniam
1591 1571 1724 1621 nullo
1779 1572 1925 1620 modo

238 1648 484 1711 scriptura
536 1647 630 1694 ista
697 1647 966 1712 mentitur,
1028 1661 1152 1710 quae
1208 1647 1420 1694 narratis
1473 1647 1755 1710 praeteritis
1810 1646 1926 1694 facit

238 1721 383 1770 fidem
417 1735 490 1786 ec,
531 1719 662 1784 quod
694 1721 802 1768 eius
840 1712 1091 1784 praedicta
1123 1718 1431 1785 conplentur,
1470 1721 1714 1783 nimisque
1755 1718 1925 1768 absur-

238 1795 354 1844 dum
388 1800 477 1859 est,
516 1800 572 1842 ut
604 1792 796 1842 dicatur
836 1793 1025 1857 aliquos
1061 1793 1286 1842 homines
1327 1808 1387 1842 ex
1426 1793 1515 1842 hac
1555 1795 1604 1841 in
1645 1792 1776 1842 illam
1815 1807 1924 1857 par-

238 1876 365 1934 tem,
419 1866 602 1916 Oceani
651 1868 967 1915 inmensitate
1017 1869 1252 1932 traiecta,
1302 1868 1530 1932 navigare
1570 1881 1625 1915 ac
1664 1867 1924 1931 pervenire

238 1943 482 2006 potuisse,
528 1947 585 1990 ut
630 1942 777 1989 etiam
823 1940 922 1989 illic
975 1956 1033 1989 ex
1073 1955 1172 1989 uno
1211 1940 1294 1988 illo
1333 1942 1492 2004 primo
1532 1939 1728 1989 homine
1768 1955 1924 2004 genus

238 2017 587 2064 institueretur
617 2014 901 2062 humanum.
965 2013 1277 2078 Quapropter
1307 2015 1439 2062 inter
1470 2013 1578 2062 illos
1610 2019 1729 2062 tunc
1768 2013 1923 2062 homi·

243 2103 359 2137 num
397 2087 621 2153 popuIOS,
661 2088 745 2151 qui
782 2102 873 2151 per
913 2088 1221 2151 septuaginta
1260 2086 1380 2135 duas
1420 2093 1592 2151 gentes
1633 2092 1681 2135 et
1719 2086 1925 2136 totidem

239 2160 430 2225 linguas
478 2160 777 2224 colliguntur
817 2160 971 2208 fuisse
1011 2159 1175 2225 divisi,
1215 2175 1509 2224 quaeramus
1521 2199 1535 2225 ,
1575 2162 1617 2209 si
1655 2175 1921 2225 possumus

238 2236 489 2299 invenire,
543 2233 674 2282 illam
742 2235 794 2281 in
857 2235 1004 2282 terris
1065 2235 1464 2298 peregrinantem
1519 2235 1766 2283 civitatem
1819 2233 1923 2298 Dei,

239 2322 363 2372 quae
403 2322 562 2371 usque
603 2306 662 2355 ad
702 2306 938 2355 diluvium
963 2321 1252 2371 arcamque
1292 2307 1531 2372 perducta
1571 2313 1646 2356 est
1686 2314 1831 2372 atque
1870 2308 1923 2355 in

240 2381 350 2430 filiis
389 2380 491 2430 Noe
531 2395 621 2445 per
669 2395 840 2428 eorum
887 2379 1257 2429 benedictiones
1297 2395 1641 2445 perseverasse
1681 2386 1922 2429 monstra-

239 2462 343 2520 tur,
383 2456 592 2503 maxime
633 2455 684 2502 in
724 2455 955 2519 maximO,
996 2455 1080 2518 qui
1121 2460 1195 2502 est
1234 2454 1504 2519 appellatus
1546 2453 1684 2520 Sem,
1724 2452 1919 2518 quando

241 2527 440 2592 quidem
470 2526 675 2592 Iapheth
714 2529 781 2576 ita
820 2526 1111 2576 benedictus
1144 2534 1233 2593 est,
1272 2533 1328 2576 ut
1367 2530 1419 2576 in
1459 2529 1580 2593 eiuS,
1620 2527 1789 2577 fratris
1829 2529 1921 2594 sui,

238 2601 464 2651 domibus
502 2599 759 2650 habitaret.

357 2807 410 2845 13
443 2802 624 2846 rutund.
669 2801 753 2844 VR
776 2803 791 2858 ss
816 2805 871 2845 30
905 2800 1110 2847 eiusdem
1141 2815 1166 2846 v
