2054 3152
176 1087 231 1127 10

176 1482 228 1522 15

170 1849 229 1889 20

171 2212 228 2253 25

170 2579 229 2620 30

266 188 337 239 42
938 197 973 230 s,
998 197 1272 232 Aoousmm

267 314 310 361 si
350 314 434 376 qui
473 311 586 360 inde
626 313 722 359 iam
761 311 863 359 nati
903 316 1039 377 sunt,
1081 316 1234 360 testes
1273 311 1380 359 fieri
1419 310 1787 374 permittuntur.
1867 309 1947 360 Sic

268 388 398 434 enim
431 385 522 433 hoc
555 390 689 433 recte
724 384 906 433 factum
945 384 1003 433 ad
1044 385 1121 433 sui
1161 385 1383 432 notitiam
1423 383 1585 432 lucem
1624 385 1808 448 appetit
1848 386 1948 432 ani-

266 473 489 523 morum,
545 465 599 507 ut
654 465 818 506 tamen
873 458 1085 522 refugiat
1139 457 1409 506 oculorum.
1487 456 1626 505 Unde
1681 457 1801 522 hoo,
1854 458 1949 506 nisi

267 533 378 595 quia
427 533 497 580 sic
543 533 734 596 geritur
782 531 913 596 quod
961 531 1131 580 deceat
1179 546 1238 579 ex
1285 537 1482 595 natura,
1537 536 1593 579 ut
1631 532 1778 580 etiam
1817 530 1947 594 quod

266 604 448 669 pudeat
487 607 751 654 comitetur
790 620 850 654 ex
889 602 1083 670 poena?

914 761 1111 815 CAPUT
1151 762 1295 814 XIX.

271 856 417 914 Quod
463 860 640 917 partes
679 858 791 904 irae
831 860 982 916 alque
1031 856 1279 920 lz'be'd2’m‘3‚
1329 869 1461 915 quae
1500 856 1552 903 in
1600 856 1796 903 homine
1844 860 1943 903 tam

323 931 495 978 vitiose
533 934 806 988 moventur,
848 934 903 976 ut
943 943 1029 977 eas
1069 942 1271 977 necesse
1308 929 1375 976 sit
1406 926 1574 988 frenis
1612 929 1894 990 sapientiae

390 993 629 1064 cohiberi,
672 1004 723 1050 in
763 1004 850 1051 illa
890 1007 1008 1050 ante
1041 1006 1310 1064 peccatum
1349 1006 1570 1050 naturae
1608 1004 1827 1051 sanitate

927 1090 1026 1124 non
1061 1074 1290 1136 fuerunt.

409 1177 534 1227 Hinc
575 1184 650 1227 est
689 1178 819 1242 quod
859 1184 908 1227 et
945 1177 1014 1226 illi
1052 1177 1345 1243 philosophi,
1385 1178 1470 1241 qui
1509 1178 1702 1226 veritati
1738 1178 1944 1242 propius

263 1259 602 1316 accesserunt,
648 1253 773 1300 iram
822 1257 968 1315 atque
1021 1250 1275 1299 libidinem
1325 1252 1523 1300 vitiosas
1575 1252 1724 1299 animi
1773 1257 1939 1315 partes

263 1340 371 1374 esse
412 1325 626 1374 confessi
666 1331 795 1390 sunt,
835 1339 893 1373 eo
935 1324 1065 1388 quod
1104 1323 1301 1373 turbide
1341 1330 1487 1388 atque
1527 1324 1803 1373 inordinate
1843 1339 1944 1372 mo-

262 1405 497 1447 verentur
537 1398 595 1447 ad
635 1413 692 1446 ea
731 1400 898 1458 etiam,
940 1412 1063 1462 quae
1105 1399 1343 1462 sapientia
1382 1399 1661 1462 perpetrari
1699 1403 1850 1462 vetat,
1891 1412 1946 1446 ac

261 1486 351 1535 per
404 1471 496 1519 hoc
553 1486 676 1535 opus
722 1470 904 1520 habere
945 1471 1269 1519 moderatrice
1322 1478 1484 1519 mente
1541 1478 1687 1535 atque
1739 1473 1943 1520 ratione.

263 1544 419 1602 Quam
450 1551 643 1609 partem
675 1547 823 1593 animi
847 1546 1043 1593 tertiam
1075 1544 1208 1593 velut
1238 1546 1288 1593 in
1329 1559 1441 1593 arce
1482 1545 1690 1608 quadam
1730 1544 1788 1592 ad
1827 1546 1946 1593 istas

261 1617 500 1682 regendas
548 1617 813 1682 perhibent
863 1617 1187 1683 conlocatam,
1242 1624 1297 1666 ut
1349 1617 1430 1666 illa
1483 1620 1780 1683 imperante,
1834 1618 1944 1666 istis

262 1691 590 1740 servientibus
621 1692 778 1756 possit
808 1693 860 1740 in
890 1691 1087 1740 homine
1121 1692 1308 1739 iustitia
1348 1706 1408 1739 ex
1447 1693 1581 1739 omni
1619 1693 1768 1740 animi
1805 1698 1945 1755 parte

261 1766 460 1813 servari.
537 1764 637 1813 Hae
670 1766 822 1829 igitur
853 1771 1034 1830 parteS,
1073 1778 1195 1828 quas
1229 1770 1278 1812 et
1307 1765 1359 1812 in
1390 1764 1587 1813 homine
1628 1765 1848 1828 sapiente
1889 1778 1944 1812 ao

261 1844 565 1902 temperante
613 1839 830 1887 fatentur
877 1853 985 1887 esse
1042 1839 1262 1901 vitiosaS‚
1317 1843 1371 1886 ut
1419 1852 1500 1886 eas
1549 1836 1607 1886 ab
1656 1837 1734 1886 his
1779 1836 1945 1902 rebuS‚

261 1911 320 1959 ad
361 1926 481 1975 quas
512 1913 693 1960 iniuste
726 1918 1001 1976 moventur,
1042 1925 1181 1960 mens
1213 1910 1556 1974 conpescendo
1590 1917 1639 1960 et
1671 1910 1944 1960 cohibendo

260 1984 480 2032 refrenet
526 1999 581 2032 ao
628 1991 827 2032 revocet
874 1990 1019 2046 atque
1067 1983 1126 2031 ad
1173 1998 1230 2031 ea
1268 1985 1544 2049 permittat,
1586 1998 1710 2047 quae
1751 1985 1942 2048 sapien-

259 2058 354 2104 tiae
394 2056 501 2119 lege
543 2071 775 2104 concessa
813 2062 929 2104 sunt
978 2051 1132 2121 (siout
1168 2057 1292 2103 iram
1332 2055 1390 2103 ad
1430 2055 1725 2105 exerendam
1764 2058 1943 2105 iustam

261 2128 673 2193 cohercitionem,
713 2131 841 2177 sicut
878 2127 1130 2177 libidinem
1170 2128 1229 2176 ad
1267 2128 1607 2192 propagandae
1646 2128 1799 2193 prolis
1839 2129 1942 2178 offi-

261 2196 416 2268 cium)
455 2229 517 2235 —
552 2202 669 2267 hae,
708 2203 934 2266 inquam,
972 2208 1138 2266 partes
1176 2202 1227 2249 in
1266 2201 1491 2265 paradiso
1533 2210 1644 2250 ante
1683 2209 1942 2266 peccatum

262 2276 460 2324 vitiosae
507 2290 606 2323 non
655 2282 808 2324 erant.
884 2274 992 2323 Non
1033 2276 1164 2323 enim
1204 2281 1375 2323 contra
1413 2281 1600 2324 rectam
1639 2275 1942 2325 voluntatem

259 2348 318 2397 ad
366 2348 548 2412 aliquid
595 2348 937 2414 movebantur,
986 2348 1116 2397 unde
1168 2363 1370 2396 necesse
1427 2355 1559 2397 esset
1605 2363 1687 2397 eas
1734 2351 1939 2398 rationis

259 2428 507 2486 tamquam
555 2422 707 2470 frenis
763 2421 1049 2485 regentibus
1105 2420 1367 2470 abstinere.
1443 2421 1565 2470 Nam
1621 2421 1751 2485 quod
1807 2437 1938 2470 nuno

258 2496 325 2544 ita
371 2501 630 2544 moventur
677 2501 726 2544 et
772 2494 830 2543 ab
880 2497 972 2559 εἰς,
1019 2497 1104 2559 qui
1143 2501 1476 2559 temperanter
1516 2502 1566 2544 et
1603 2496 1732 2544 iuste
1773 2501 1822 2543 et
1861 2497 1940 2559 pie

260 2570 454 2633 vivunt,
500 2568 615 2616 alias
663 2568 875 2633 faciliuS‚
915 2568 1031 2616 alias
1071 2568 1334 2633 difficilius,
1373 2576 1536 2618 tamen
1577 2567 1851 2617 cohibendo
1892 2575 1942 2617 et

381 2744 492 2795 7.sq
518 2743 569 2783 ut
600 2739 750 2783 editur
775 2738 819 2782 V
836 2739 951 2792 (nisi
977 2739 1097 2794 quod
1119 2740 1253 2794 pater
1273 2752 1359 2794 pro
1383 2741 1538 2795 partes
1571 2739 1787 2793 exhibet);
1818 2752 1936 2794 quae

260 2797 308 2840 in
320 2797 508 2842 homine
526 2812 607 2843 om.
626 2812 676 2851 v;
701 2802 859 2841 contra
882 2811 923 2840 v.
941 2802 981 2841 9.
1001 2798 1134 2852 vulyo
1165 2798 1467 2841 scribebatur:
1508 2811 1626 2853 quae
1658 2798 1707 2841 in
1737 2797 1821 2840 illa
1843 2801 1858 2852 Η
1886 2802 1939 2840 14

260 2857 391 2899 uetat
405 2870 517 2910 mss‚·
539 2871 633 2901 non
656 2858 825 2901 vetatv
849 2858 865 2912 ΙΙ
887 2861 943 2900 23
969 2856 1246 2910 exerendam
1280 2856 1322 2898 V
1319 2857 1363 2898 A
1386 2858 1488 2909 (mol
1516 2857 1562 2911 I,
1587 2860 1696 2911 237,
1721 2859 1778 2899 14
1802 2869 1891 2911 sqq
1893 2861 1939 2909 ),

261 2915 497 2958 exercend.
530 2930 555 2959 z·
580 2917 595 2971 ss
618 2920 674 2960 27
708 2917 778 2960 est
808 2915 906 2958 AF
