2054 3152
582 133 649 164 DE
673 131 912 166 CIVITATE
936 132 1025 164 DEI
1049 133 1091 164 L.
1116 133 1219 165 XVI.
1243 132 1281 166 c.
1306 134 1360 166 26.
1716 120 1817 172 167

129 247 260 295 mini
301 259 508 295 carnem
541 247 806 307 praeputii
841 248 1008 306 vestri,
1048 251 1098 295 et
1135 249 1235 295 erit
1274 249 1325 295 in
1363 248 1508 308 siano
1540 248 1827 295 testamenti

128 325 273 371 inter
319 333 396 369 me
441 325 492 369 et
533 333 631 368 vos.
718 319 785 367 Et
823 334 958 382 puer
1003 325 1115 369 octo
1163 322 1360 371 dierum
1408 321 1822 379 circumcidetur,

139 400 358 445 vestrum
396 407 540 443 omne
578 395 912 442 masculinum
952 396 1004 442 in
1039 396 1312 456 procenies
1351 399 1558 443 vestras.
1634 393 1821 443 Verna-

140 472 285 520 culus
333 474 383 517 et
418 469 681 530 empticius
721 468 786 516 ab
826 470 963 516 omni
994 470 1101 526 filio
1135 471 1331 528 talienO,
1385 470 1476 528 qui
1511 482 1611 517 non
1651 473 1725 517 est
1762 469 1826 516 de

139 545 327 593 semine
351 547 457 603 tuo,
482 543 873 590 circumcisione
896 544 1296 591 circumcidetur
1320 545 1627 591 vernaculus
1653 544 1826 590 domus
1860 549 1887 589 5

142 624 260 666 tuae
308 616 357 665 et
394 617 667 678 empticius.
745 615 814 663 Et
850 618 952 664 erit
989 621 1335 665 testamentum
1373 630 1534 665 meum
1576 618 1627 664 in
1667 630 1829 664 carne

140 697 310 740 vestra
351 693 402 738 in
442 695 734 739 testamento
774 694 996 738 aeterno.
1059 689 1124 739 Et
1154 692 1244 751 qui
1273 703 1372 738 non
1408 688 1573 751 fuerit
1610 691 1826 738 circum-

142 767 277 815 cisus
316 766 582 823 masculuS,
622 765 712 824 qui
748 777 845 812 non
887 765 1286 813 circumcidetur
1325 778 1533 813 carnem
1567 764 1834 825 praeputii

140 841 224 888 sui
260 843 441 888 octava
481 839 577 898 die,
618 838 845 886 interibit
884 840 1055 886 anima
1095 840 1184 887 illa
1225 839 1287 886 de
1314 852 1507 898 yenere
1546 839 1667 897 eius,
1709 839 1830 897 quia

142 917 489 962 testamentum
535 925 694 960 meum
746 913 1020 973 dissipavit.
1098 912 1164 960 Et
1210 913 1344 960 discit
1381 912 1519 961 Deus
1558 913 1630 959 ad
1665 912 1828 959 Abra·
1864 919 1921 959 10

142 989 283 1036 ham:
322 986 459 1035 Sara
497 1000 633 1034 uxor
673 991 775 1045 tua,
816 999 915 1034 non
955 987 1295 1048 appellabitur
1326 1000 1505 1035 nomen
1545 987 1654 1034 eius
1679 985 1830 1044 Sara,

143 1063 236 1111 sed
273 1061 442 1109 Sarra
482 1062 582 1108 erit
619 1073 796 1108 nomen
837 1061 957 1108 eius,
1036 1060 1346 1108 Benedicam
1386 1065 1553 1108 autem
1601 1061 1736 1108 illam
1784 1064 1834 1108 et

143 1136 275 1184 dabo
324 1135 416 1182 tibi
461 1148 526 1182 ex
573 1148 635 1182 ea
677 1135 860 1197 filium,
915 1138 967 1181 et
1003 1134 1299 1183 benedicam
1339 1136 1498 1192 illum,
1555 1138 1605 1182 et
1641 1135 1742 1182 erit
1780 1135 1830 1180 in

143 1211 395 1266 natione-5,
451 1212 501 1256 et
548 1221 696 1268 reyes
741 1209 966 1267 yentium
1020 1222 1087 1255 ex
1137 1221 1194 1256 eo
1246 1212 1408 1256 erunt.
1496 1208 1563 1255 Et
1605 1207 1834 1268 procidit

142 1283 405 1332 Abraham
451 1295 605 1343 super
647 1279 837 1341 faciem
883 1295 1028 1329 suam
1075 1287 1124 1330 et
1162 1283 1279 1329 risit
1316 1286 1366 1330 et
1404 1283 1538 1330 dixit
1575 1283 1626 1329 in
1667 1282 1833 1328 animo
1868 1287 1923 1327 15

144 1370 235 1406 suo
290 1357 488 1405 dicens:
551 1355 610 1404 Si
660 1356 788 1403 mihi
848 1360 1048 1404 centum
1103 1369 1285 1404 annos‘
1324 1355 1535 1404 habenti
1593 1360 1836 1403 nascetur

135 1426 373 1494 (filius),
426 1435 474 1478 et
511 1431 557 1478 si
593 1429 763 1477 Sarra
802 1443 1053 1478 annorum
1092 1431 1373 1490 nonaqinta
1406 1430 1611 1491 pariet?
1690 1429 1838 1476 Dixit

145 1510 312 1554 autem
335 1504 596 1552 Abraham
635 1504 708 1551 ad
737 1503 921 1552 Deum:
961 1503 1148 1552 Ismael
1183 1504 1266 1552 liic
1305 1506 1442 1551 vivat
1480 1505 1531 1551 in
1564 1508 1835 1564 conspectu

146 1585 244 1627 tuo.
323 1578 472 1626 Dixit
516 1583 682 1626 autem
722 1577 860 1626 Deus
907 1579 979 1626 ad
1015 1578 1300 1626 Abraham:
1357 1577 1461 1638 Ita,
1509 1591 1628 1625 ecce
1666 1576 1835 1624 Sarra

145 1666 282 1701 uxor
322 1657 411 1700 tua
445 1653 620 1712 pariet
658 1652 751 1699 tibi
782 1653 960 1711 filium,
1001 1657 1050 1699 et
1080 1652 1284 1700 vocabis
1316 1665 1494 1700 nomen
1527 1653 1636 1700 eius
1661 1650 1835 1706 Isaac;
1866 1658 1925 1698 20

148 1731 198 1775 et
242 1730 461 1774 statuam
509 1730 859 1773 testamentum
907 1739 1069 1773 meum
1109 1727 1182 1773 ad
1218 1727 1355 1773 illum
1396 1727 1448 1773 in
1488 1729 1835 1773 testamentum

149 1804 434 1860 aeternum,
485 1813 591 1846 esse
637 1800 713 1847 illi
751 1798 888 1846 Deus
934 1804 983 1847 et
1019 1800 1202 1847 semini
1237 1801 1344 1847 eius
1378 1804 1493 1860 post
1531 1801 1680 1846 illum.
1760 1798 1837 1846 De

149 1874 336 1922 Ismael
379 1877 545 1920 autem
592 1886 712 1920 ecce
759 1873 1004 1920 exaudivi
1050 1877 1097 1921 te
1105 1889 1124 1929 ;
1178 1886 1321 1931 eccex
1345 1873 1586 1920 benedixi
1630 1884 1742 1920 eum
1789 1876 1837 1919 et

148 1947 401 2008 ampliabo
454 1948 588 1995 illum
641 1951 690 1995 et
739 1946 1081 2007 multiplicabo
1137 1960 1250 1994 eum
1304 1947 1463 1994 valde.
1558 1946 1836 1994 Duodecim

136 2025 320 2083 „qentes
355 2021 638 2081 qenerabit,
679 2025 728 2068 et
766 2020 897 2068 dabo
936 2021 1074 2068 illum
1115 2022 1167 2068 in
1206 2033 1443 2080 maynam
1477 2025 1691 2080 yentem.
1750 2018 1835 2067 Te·
1869 2026 1925 2066 25

150 2099 449 2143 stamentum
489 2099 656 2142 autem
695 2107 857 2142 meum
896 2098 1116 2142 statuam
1156 2095 1228 2142 ad
1265 2094 1439 2153 Isaac,
1488 2107 1633 2154 quem
1667 2094 1840 2155 pariet

142 2169 245 2217 tibi
283 2168 450 2216 Sarra
491 2170 543 2216 in.
584 2173 804 2230 tempore
843 2169 940 2216 lioc
980 2169 1052 2216 ad
1088 2181 1277 2216 annum
1317 2172 1614 2228 sequentem.

298 2240 389 2290 Hic
429 2242 676 2305 apertiora
714 2242 957 2306 promissa
998 2247 1114 2289 sunt
1153 2241 1213 2289 de
1246 2242 1501 2290 vocatione
1534 2241 1755 2304 gentium
1786 2241 1839 2288 in

150 2315 307 2380 Isaiae,
346 2314 396 2363 id
437 2320 512 2363 est
550 2316 601 2363 in
640 2314 740 2363 filio
778 2315 1145 2381 promissioniS,
1184 2330 1282 2379 quo
1323 2314 1628 2379 significatur
1666 2315 1836 2379 gratia,

147 2403 251 2437 non
289 2395 480 2454 natura,
519 2390 634 2452 quia
672 2388 732 2437 de
773 2403 890 2437 sene
931 2394 980 2437 et
1019 2403 1116 2437 anu
1156 2388 1314 2438 sterili
1344 2389 1652 2453 promittitur
1691 2387 1834 2436 filius.
1867 2395 1924 2434 30

272 2533 346 2587 27)
379 2529 492 2574 Gen.
529 2535 597 2585 17,
633 2535 657 2573 1
690 2544 787 2586 sqq.

276 2695 299 2735 1
333 2691 464 2748 signo
494 2705 583 2736 mss
622 2688 694 2748 (ἐν
726 2692 900 2750 σημείῳ
932 2693 1027 2737 cod.
1060 2691 1237 2747 Alex.)‚·
1282 2691 1465 2748 signum
1494 2704 1520 2743 so
1566 2692 1582 2747 ΙΙ
1628 2695 1657 2733 4
1687 2689 1840 2734 alieno

154 2762 269 2802 mss;
300 2749 564 2806 alienigena
593 2764 618 2794 v
642 2752 658 2808 u
683 2756 707 2795 7
739 2756 792 2795 ut
822 2752 974 2796 editur
1002 2764 1092 2796 mss
1100 2767 1116 2805 ;
1155 2750 1205 2795 in
1234 2751 1570 2794 testamentum
1601 2750 1842 2793 aeternum

155 2821 182 2850 v
228 2809 244 2863 ΙΙ
290 2812 315 2852 9
348 2809 516 2853 octaua
545 2809 644 2853 RF
669 2812 802 2866 (169,
842 2815 897 2863 6‚·
934 2814 1039 2866 17),·
1085 2811 1251 2854 octauo
1292 2809 1405 2853 VAv
1450 2811 1467 2864 ΙΙ
1515 2813 1568 2852 17
1600 2807 1723 2851 filius
1756 2821 1840 2854 om.

166 2865 351 2910 VRAF
376 2867 452 2922 (cf.
485 2871 592 2922 168,
623 2872 708 2922 18,·
740 2873 846 2922 178,
878 2870 1073 2926 1491124
1104 2882 1210 2912 eum
1241 2881 1351 2922 mss,·
1383 2867 1518 2912 illum
1548 2881 1574 2911 v
