2004 3140
131 939 185 979 10

129 1308 183 1347 15

130 1677 185 1716 20

129 2043 184 2083 25

127 2411 186 2450 30

215 141 324 193 610
903 151 939 185 S.
965 151 1238 185 Aucns'rm

216 272 379 314 catum
410 264 564 313 voluit
594 263 818 313 inhibere
860 265 1136 327 mansitque
1175 266 1226 312 in
1267 265 1419 328 stirpe
1461 264 1685 313 damnata
1725 264 1900 316 donata

215 338 513 404 fecundita53
553 353 644 387 nec
678 337 808 386 illam
839 339 936 386 vim
969 336 1240 385 mirabilem
1275 339 1532 404 seminum,
1572 340 1720 386 immo
1754 341 1901 388 etiam

215 411 565 461 mirabiliorem
616 427 710 476 qua
756 412 1042 460 efficiuntur
1088 417 1138 459 et
1186 413 1393 477 semina,
1439 411 1643 461 inditam
1683 415 1901 478 corpori-

216 485 310 535 bus
361 485 587 534 humanis
639 492 688 534 et
740 486 951 549 quodam
1006 484 1149 532 modo
1201 486 1437 533 intextam
1487 487 1677 550 peccati
1726 488 1899 536 vitium

216 562 377 624 potuit
431 560 658 626 auferre,
714 574 811 623 quo
863 558 1005 607 nobis
1055 560 1251 622 inpacta
1309 565 1384 607 est
1435 561 1581 608 etiam
1632 562 1902 610 necessitas

219 635 418 699 mortis3
459 633 544 682 sed
578 639 849 697 utrumque·
881 632 1025 681 simul
1057 634 1214 681 currit
1253 634 1347 680 isto
1390 634 1530 696 quasi
1567 633 1714 682 fluvio
1755 640 1901 700 atque

214 713 436 756 torrente
477 709 673 771 generis
712 707 937 772 humani,
976 705 1155 755 malum
1198 705 1326 770 quod
1369 721 1393 754 a
1434 713 1636 770 parente
1677 707 1902 773 trahitur,

216 788 266 830 et
314 781 500 829 bonum
555 781 685 845 quod
741 796 767 829 a
815 787 1013 829 creante
1061 779 1310 828 tribuitur.
1399 779 1455 828 In
1503 780 1727 844 originali
1777 781 1902 830 malo

217 855 314 903 duo
362 858 502 921 sun‘t,
553 861 811 924 peccatum
860 860 1006 918 atque
1055 853 1372 919 supplicium,
1420 855 1471 902 in
1511 854 1735 919 originali
1774 854 1902 904 bono

219 929 309 977 alia
361 928 487 994 duo,
543 930 828 993 propagatio
881 934 930 976 et
981 928 1318 976 conformatio
1409 927 1505 976 Sed
1557 935 1794 992 quantum
1844 929 1902 977 ad

218 1009 531 1067 praesentem
570 1004 788 1067 pertinet
826 1002 1151 1050 intentionem
1191 1008 1430 1061 nostram,
1483 1001 1542 1050 de
1584 1002 1744 1068 maliS,
1784 1018 1902 1066 quo-

222 1091 334 1125 rum
387 1091 541 1125 unum
598 1076 657 1125 de
713 1083 883 1124 nostra
937 1076 1069 1123 venit
1123 1075 1350 1140 audacia,
1403 1075 1453 1123 id
1504 1082 1579 1124 est
1631 1083 1904 1142 peccatum,

223 1150 431 1199 alterum
472 1150 531 1198 de
571 1150 752 1198 iudicio
794 1149 895 1210 Dei,
936 1149 985 1197 id
1026 1155 1101 1197 est
1140 1148 1451 1214 supplicium,
1491 1151 1588 1197 iam
1627 1151 1744 1198 satis
1784 1150 1902 1199 dixi-

217 1239 340 1287 mus
417 1223 559 1273 Nunc
601 1224 660 1273 de
700 1223 843 1272 bonis
883 1223 994 1288 Dei,
1042 1237 1165 1287 quae
1214 1224 1310 1287 ipsi
1351 1237 1547 1286 quoque
1586 1225 1782 1272 vitiatae
1822 1224 1902 1272 da-

217 1305 508 1361 mnataeque
557 1304 760 1347 naturae
802 1296 1010 1346 contulit
1059 1298 1159 1344 sive
1199 1311 1357 1360 usque
1398 1312 1529 1345 nunc
1570 1298 1785 1363 confert,
1832 1297 1901 1346 di-

217 1386 330 1419 cere
376 1373 582 1420 institui.
658 1370 829 1434 Neque
877 1371 1008 1418 enim
1056 1369 1328 1418 damnando
1379 1375 1462 1418 aut
1502 1376 1659 1419 totum
1700 1370 1901 1420 abstulit

217 1444 348 1509 quod
389 1445 613 1510 dederat,
652 1444 868 1508 alioquin
909 1458 1000 1492 nec
1041 1450 1172 1492 esset
1211 1444 1435 1509 omnino,
1476 1450 1560 1492 aut
1599 1459 1706 1492 eam
1745 1460 1902 1494 remo-

216 1520 284 1567 vit
316 1533 343 1566 a
375 1533 462 1567 sua
493 1524 751 1583 potestate,
794 1518 941 1566 etiam
975 1532 1087 1566 cum
1128 1515 1319 1565 diabolo
1359 1517 1631 1581 poenaliter
1673 1517 1904 1584 subdidit,

217 1607 330 1640 cum
362 1607 454 1641 nec
487 1594 649 1656 ipsum
689 1591 938 1640 diabolum
977 1606 1004 1639 a
1043 1606 1132 1639 suo
1173 1590 1396 1639 alienarit
1434 1592 1664 1657 imperi03
1706 1593 1900 1656 quando

219 1665 431 1732 quidem,
471 1673 527 1714 ut
557 1667 713 1730 ipsius
754 1680 950 1730 quoque
991 1663 1170 1713 diaboli
1209 1670 1383 1713 natura
1425 1664 1677 1730 subsistat,
1715 1665 1795 1714 ille
1836 1667 1902 1715 fa—

218 1742 284 1788 cit
316 1741 401 1803 qui
433 1755 623 1788 summe
658 1746 732 1788 est
772 1746 820 1788 et
860 1740 975 1787 facit
1015 1753 1123 1787 esse
1158 1737 1395 1801 quidquid
1429 1738 1592 1802 aliquo
1629 1739 1772 1788 modo
1814 1747 1902 1789 est.

365 1813 586 1862 Duorum
625 1815 776 1878 igitur
816 1812 1036 1878 illorum,
1077 1827 1200 1876 quae
1241 1811 1453 1860 diximus
1492 1811 1622 1860 bona
1667 1815 1813 1862 etiam
1852 1815 1903 1862 in

217 1893 443 1936 naturam
482 1893 685 1951 peccato
725 1888 941 1935 vitiatam
973 1885 1312 1950 supplicioque
1354 1885 1627 1934 damnatam
1668 1886 1727 1935 de
1767 1886 1904 1935 boni-

217 1962 331 2009 tatis
372 1962 479 2009 eius
520 1961 731 2024 quodam
778 1959 930 2008 veluti
970 1960 1105 2008 fonte
1145 1974 1365 2025 manare,
1412 1962 1813 2024 propagationem
1853 1963 1903 2010 in

217 2036 391 2098 primis
424 2034 595 2082 mundi
627 2033 861 2098 operibus
901 2033 1243 2082 benedictione
1283 2032 1489 2097 largitus
1529 2039 1618 2099 est,
1659 2048 1684 2082 a
1723 2034 1903 2098 quibus

220 2107 455 2171 operibus
505 2108 582 2156 die
632 2110 840 2172 septimo
888 2108 1154 2171 requievit,
1203 2107 1525 2155 conformatio
1574 2122 1690 2155 vero
1730 2109 1782 2156 in
1820 2108 1901 2157 illo

220 2182 327 2229 eius
354 2188 429 2229 est
453 2196 617 2247 opere,
651 2196 748 2244 quo
774 2196 931 2244 usque
957 2195 1090 2228 nunc
1115 2186 1362 2243 operatur.
1426 2180 1690 2229 Efficacem
1722 2183 1902 2247 quippe

217 2255 488 2318 potentiam
521 2269 659 2303 suam
692 2255 733 2302 si
765 2253 915 2302 rebus
957 2253 1226 2318 subtrahat,
1266 2269 1358 2301 nec
1391 2253 1629 2322 progredi
1667 2262 1903 2319 poterunt

220 2333 268 2375 et
314 2329 416 2375 suis
465 2327 701 2375 dimensis
749 2326 966 2375 motibus
1019 2341 1256 2391 peragere
1296 2333 1517 2391 tempora
1566 2342 1658 2376 nec
1697 2343 1902 2392 prorsus

219 2402 269 2448 in
318 2415 375 2449 eo
429 2401 560 2465 quod
609 2407 801 2449 creatae
850 2406 966 2449 sunt
1012 2400 1321 2464 aliquatenus
1370 2401 1743 2464 permanebunt.
1822 2402 1903 2450 Sic

224 2489 341 2538 ergo
391 2476 573 2523 creavit
631 2474 880 2523 hominem
930 2473 1061 2522 Deus
1074 2513 1088 2539 ,
1143 2480 1198 2522 ut
1250 2475 1294 2522 ei
1345 2474 1547 2523 adderet
1601 2475 1901 2524 fertilitatem

223 2547 488 2613 quandam,
537 2563 631 2612 qua
670 2548 894 2596 homines
935 2547 1053 2596 alios
1092 2554 1407 2613 propagaret,
1456 2563 1792 2612 congenerans
1833 2551 1902 2597 eis

222 2623 367 2669 etiam
414 2623 571 2685 ipsam
610 2621 911 2686 propagandi
951 2621 1346 2687 possibilitatem,
1399 2637 1496 2670 non
1537 2624 1901 2671 necessitatem:

338 2748 411 2802 27)
443 2747 507 2792 10.
540 2753 581 2803 5,
616 2753 683 2791 17.

338 2885 390 2923 31
424 2880 495 2923 illi
527 2895 552 2924 v
