2004 3140
229 136 338 188 476
905 144 939 178 S.
964 144 1241 180 AUeUs'rnu

230 265 279 310 et
318 275 405 309 ero
447 262 583 309 testis
614 262 760 309 v'elox
789 274 945 322 super
984 261 1239 318 maleficos
1278 264 1327 307 et
1363 273 1517 321 super
1556 259 1828 319 adulterOS,
1869 265 1919 308 et

230 340 417 400 cetera,
467 332 648 398 quibus
697 332 1403 382 damnabilibus·enumeratis
1455 331 1745 381 criminibus
1785 332 1916 382 addi-

230 407 322 456 dit:
377 408 624 466 Quoniam
671 422 762 468 690
803 408 1043 456 Dominus
1083 407 1219 455 Deus
1267 412 1451 466 vester,
1499 412 1549 456 et
1585 421 1684 456 non
1724 412 1918 465 mutor,-

227 487 477 545 tamquam
509 480 719 531 diceret:
757 479 913 547 „Cum
945 495 1030 528 vos
1063 482 1325 529 mutaverit
1357 486 1406 529 et
1437 482 1488 529 in
1521 480 1741 530 deterius
1775 479 1918 545 culpa

169 564 195 604 5
228 562 391 604 vestra
431 562 479 604 et
518 556 570 604 in
609 554 786 604 melius
826 556 981 619 gratia
1020 569 1143 620 mea,
1183 569 1272 618 ego
1313 568 1412 602 non
1452 550 1661 603 mutor.“
1716 554 1917 603 Testem

229 643 348 677 vero
401 643 452 677 se
501 627 621 678 dicit
669 629 915 695 futurum,
963 629 1077 692 quia
1122 630 1173 676 in
1220 627 1400 676 iudicio
1449 643 1539 676 suo
1591 643 1690 677 non
1729 629 1916 692 indiget

229 701 456 769 testibUS,
496 717 709 767 eumque
750 702 983 767 velocem,
1024 703 1124 750 sive
1166 703 1278 766 quia
1319 709 1521 766 repente
1561 709 1801 751 venturus
1841 708 1918 751 est

229 777 422 840 eritque
462 776 699 825 iudicium
748 778 856 842 ipso
896 778 1147 841 inopinato
1188 777 1296 824 eius
1335 775 1545 825 adventu
1587 775 1915 842 celerrimum,

228 850 360 913 quod
414 850 750 899 tardissimum
805 850 1087 915 videbatur,
1143 852 1242 898 sive
1304 851 1417 914 quia
1470 851 1603 914 ipsas
1658 851 1917 898 convincet

140 933 195 973 10
229 924 334 972 sine
375 923 473 972 ulla
513 926 755 973 sermonis
802 924 1080 989 prolixitate
1129 925 1472 972 conscientias,
1550 924 1612 973 In
1652 926 1913 985 coqitatio-

225 998 373 1046 nibus
413 1000 567 1058 enim,
620 1000 750 1047 sicut
801 1000 1041 1063 scriptum
1081 1005 1178 1064 est,
1226 1001 1369 1060 impii
1414 1001 1748 1059 interroqatio
1789 1000 1915 1056 erit;

227 1077 276 1120 et
308 1071 580 1136 apostolus:
620 1073 1031 1134 Coyitationibu3‚
1064 1074 1240 1138 inquit,
1276 1073 1636 1121 accusantibus
1662 1075 1913 1122 ueletiam

225 1147 589 1214 excusantibus
635 1149 687 1195 in
737 1148 839 1212 die,
888 1161 989 1208 qua
1039 1148 1288 1196 iudicabit
1325 1146 1462 1195 Deus
1512 1149 1712 1195 occulta
1758 1147 1911 1195 homi-

224 1215 364 1280 num,
411 1221 688 1269 secundum
736 1222 1051 1282 evanqetium
1098 1235 1258 1269 meum
1299 1235 1398 1282 per
1438 1220 1602 1269 Iesum
1648 1221 1913 1268 Christum.

138 1301 192 1342 15
225 1291 386 1341 Etiam
434 1295 505 1342 sic
554 1309 671 1359 ergo
712 1293 950 1343 Dominus
998 1294 1197 1343 futurus
1247 1295 1386 1342 testis
1437 1293 1796 1357 intellegendus
1836 1299 1912 1342 est

224 1365 379 1432 velox,
420 1382 533 1416 cum
567 1369 671 1416 sine
705 1383 842 1416 mora
874 1374 1194 1417 revocaturus
1235 1374 1311 1416 est
1349 1369 1400 1416 in
1440 1369 1741 1433 memoriam,
1781 1366 1912 1416 unde

226 1441 483 1489 convincat
521 1443 792 1506 puniatque
834 1443 1199 1490 conscientiam.

834 1613 1032 1668 CAPUT
1063 1585 1287 1668 XXVII.

227 1721 303 1770 De
335 1724 659 1783 separatione
691 1723 934 1772 bonorum
966 1727 1015 1771 et
1044 1725 1305 1782 malorum,
1341 1737 1438 1784 per
1469 1736 1619 1783 quam
1658 1723 1915 1770 novissimi

134 1804 189 1844 20
660 1797 843 1846 iudicii
879 1798 1117 1846 discretio
1159 1798 1470 1845 declaratur.

368 1897 493 1947 Illud
527 1900 688 1964 etiam,
730 1899 861 1963 quod
894 1898 1023 1948 aliud
1057 1914 1206 1963 agens
1246 1901 1297 1948 in
1339 1907 1509 1949 octavo
1551 1899 1740 1948 decimo
1781 1897 1909 1947 libro

222 1986 280 2019 ex
319 1973 415 2021 isto
455 1972 695 2037 propheta
734 1974 902 2039 posui,
941 1972 1001 2022 ad
1040 1973 1278 2022 iudicium
1317 1975 1637 2023 novissimum
1678 1973 1908 2038 pertinet,

219 2043 304 2093 ubi
344 2047 431 2094 ait:
486 2047 654 2095 Erunt
702 2049 845 2112 milii,
901 2049 1026 2096 dicit
1070 2048 1314 2096 Dominus
1354 2050 1680 2110 omnipotenS,
1734 2049 1785 2095 in
1826 2047 1910 2094 die

219 2132 320 2179 qua
360 2133 451 2179 eqo
485 2119 628 2180 facio
669 2122 720 2169 in
761 2122 1170 2182 adquisitionem,
1221 2126 1270 2170 et
1307 2123 1489 2182 eliyam
1529 2135 1612 2170 eos
1649 2123 1784 2170 sicut
1821 2122 1906 2168 eli-

130 2199 185 2240 25
215 2194 294 2252 qit
323 2194 466 2241 homo
494 2195 657 2251 fitium
688 2208 833 2242 suum
864 2196 954 2254 qui
981 2197 1138 2243 servit
1168 2197 1218 2243 ei
1223 2212 1242 2253 ;
1286 2200 1335 2243 et
1373 2201 1645 2244 convertar
1684 2199 1733 2243 et
1770 2195 1903 2242 vide-

220 2266 335 2314 bitis
367 2267 492 2326 quid
520 2269 586 2314 sit
616 2269 748 2315 inter
781 2269 964 2316 iustum
996 2272 1046 2316 et
1077 2270 1317 2333 iniquum,
1357 2274 1406 2317 et
1436 2271 1569 2318 inter
1606 2269 1907 2316 servientem

219 2339 324 2388 Deo
350 2346 398 2388 et
421 2353 533 2388 eum
565 2342 654 2400 qui
682 2354 783 2389 non
814 2343 981 2389 servit.
1068 2342 1199 2399 Quia
1239 2356 1357 2390 ecce
1397 2343 1502 2390 dies
1542 2343 1676 2390 venit
1716 2341 1907 2389 ardens

215 2415 350 2462 sicut
395 2414 626 2462 clibanus
673 2419 722 2463 et
766 2415 1026 2463 comburet
1070 2429 1174 2476 eos,
1231 2421 1279 2464 et
1325 2421 1477 2464 erunt
1519 2429 1689 2464 omnes
1730 2415 1905 2463 alieni-

336 2541 409 2595 11)
442 2538 547 2596 Sap.
584 2545 623 2596 1,
657 2545 696 2584 9.
762 2542 834 2596 14)
866 2542 998 2586 Rom.
1032 2546 1072 2597 2,
1108 2546 1161 2585 15
1196 2557 1261 2598 sq.
1324 2543 1397 2596 21)
1431 2542 1477 2587 O.
1512 2546 1581 2586 35.

336 2705 390 2744 13
422 2701 472 2743 in
504 2701 626 2744 diem
657 2701 818 2746 iudicii
849 2703 1032 2758 quando
1056 2704 1101 2746 A
1125 2706 1140 2758 ΙΙ
1165 2709 1219 2747 23
1252 2704 1302 2747 in
1333 2704 1408 2748 die
1441 2717 1531 2759 qua
1563 2703 1682 2746 RAv
1714 2707 1766 2746 ut
1789 2701 1900 2744 Hie-

214 2772 312 2803 ron.
345 2761 397 2802 in
431 2760 549 2805 Mal.
590 2760 814 2815 (Sabat.);
853 2763 909 2815 ef.
951 2765 1060 2816 310,
1103 2766 1164 2806 16
1209 2764 1224 2819 Η
1270 2767 1325 2806 25
1359 2764 1605 2807 conuertar
1634 2761 1726 2804 ΒΑ
1761 2760 1900 2804 Parr.

206 2819 358 2921 {nge-gb
383 2822 435 2921 νέξ
463 2818 682 2921 ἕί6·νοη.;
725 2820 1058 2864 conuertemini
1099 2835 1154 2877 92)
1201 2823 1216 2877 ΙΙ
1262 2826 1318 2865 27
1352 2821 1496 2866 seruit
1525 2821 1571 2864 R
1601 2834 1682 2866 see.
1717 2819 1873 2863 Graec.
1883 2834 1902 2871 ,-
