2054 3152
235 168 306 221 74
901 177 936 210 s,
960 176 1235 211 Auous'rmi

232 299 284 342 et
315 294 429 341 anni
460 292 596 340 taciti
628 305 727 338 non
767 295 897 354 sunt,
937 291 1022 353 qui
1060 290 1178 338 vixit
1218 290 1475 338 minimum
1514 296 1626 339 ante
1667 290 1920 358 diluvium,

234 366 293 414 ad
326 367 664 429 septingentos
697 364 1051 427 quinquaginta
1082 369 1185 412 tres
1216 364 1510 427 perveniret.
1587 363 1710 412 Nam
1747 364 1917 429 plures

223 444 508 502 nongentos
564 452 717 485 annos
769 438 915 485 etiam
978 438 1310 501 transierunt,
1373 438 1594 500 quamvis
1657 453 1802 486 nemo
1858 439 1917 487 ad

234 511 365 560 mille
397 512 693 575 pervenerit.
771 509 892 567 Quis
924 511 1088 574 itaque
1121 509 1418 558 dubitaverit
1448 525 1537 574 per
1576 512 1724 560 unius
1764 511 1918 560 homi-

171 594 200 633 5
234 587 310 634 nis
350 591 559 633 aetatem
597 590 788 633 tantum
827 583 1141 648 multiplicari
1179 585 1399 648 potuisse
1439 598 1596 647 genus
1636 584 1920 650 humanum,

234 665 290 707 ut
328 665 460 707 esset
492 657 622 706 unde
656 659 1079 706 constituerentur
1118 672 1217 705 non
1256 671 1367 723 una,
1401 657 1487 705 sed
1525 657 1764 721 plurimae
1806 659 1919 707 civi-

234 728 396 781 tates?
473 731 615 789 Quod
656 747 715 779 ex
753 731 847 779 hoc
887 732 1046 779 conici
1086 730 1311 779 facillime
1350 736 1528 797 potest,
1569 733 1683 794 quia
1721 746 1781 779 ex
1820 747 1920 780 uno

234 804 478 853 Abraham
519 820 618 853 non
658 804 811 853 multo
852 803 1060 868 amplius
1101 803 1471 868 quadringentis
1511 806 1651 852 annis
1691 819 1920 853 numero·

235 880 353 927 sitas
407 877 657 927 Hebraeae
709 879 871 942 gentis
925 884 1059 926 tanta
1113 883 1370 940 procreata
1424 883 1499 925 est
1511 916 1525 942 ‚
1579 884 1635 926 ut
1681 879 1731 926 in
1779 880 1914 927 exitu

147 961 203 1001 10
234 952 456 1000 eiusdem
483 952 656 1016 populi
689 966 748 999 ex
779 951 996 1015 Aegypto
1038 957 1262 999 sescenta
1302 949 1555 998 hominum
1595 950 1727 998 milia
1765 951 1918 1000 fuisse

232 1025 514 1073 reserantur
560 1025 761 1073 bellicae
802 1025 1094 1088 iuventutis;
1142 1030 1198 1072 ut
1247 1025 1530 1072 omittamus
1570 1030 1768 1088 gentem
1807 1024 1917 1074 Idu·

232 1113 485 1147 maeorum
518 1113 617 1146 non
648 1099 980 1162 pertinentem
1013 1097 1070 1146 ad
1104 1096 1342 1161 populum
1373 1097 1537 1163 Israel,
1570 1112 1718 1161 quam
1750 1100 1920 1162 genuit

232 1172 386 1220 frater
418 1174 525 1220 eius
558 1171 703 1237 Esau,
743 1186 897 1236 nepos
935 1170 1171 1236 Abrahae,
1211 1177 1261 1218 et
1300 1170 1415 1219 alias
1455 1177 1594 1220 natas
1634 1186 1694 1219 ex
1734 1173 1920 1221 semine

235 1247 391 1309 ipsius
431 1244 650 1294 Abrahae
691 1260 791 1293 non
830 1259 920 1309 per
963 1244 1159 1293 Sarram
1199 1245 1458 1308 coniugem
1497 1251 1772 1309 procreato.

148 1458 204 1499 15
910 1444 1100 1499 CAPUT
1140 1445 1233 1499 IX.

234 1554 312 1603 De
357 1555 506 1614 lonqa
556 1555 659 1601 vita
705 1554 980 1612 hominum,
1028 1568 1159 1613 quae
1192 1552 1296 1614 fuit
1334 1559 1452 1602 ante
1491 1555 1733 1603 diluvium
1772 1559 1822 1603 et
1859 1555 1923 1603 de

502 1629 746 1688 ampliore
783 1627 1118 1675 humanorum
1158 1641 1427 1689 corporum
1462 1626 1646 1689 forma.

385 1728 541 1786 Quam
580 1728 642 1777 ob
674 1743 781 1777 rem
821 1729 985 1778 nullus
1023 1728 1243 1793 prudens
1282 1744 1451 1778 rerum
1492 1731 1795 1780 existimator
1833 1730 1921 1780 du·

234 1800 462 1852 bitaverit
503 1801 619 1851 Cain
666 1817 765 1850 non
813 1801 974 1851 solum
1012 1802 1245 1867 aliquam,
1293 1817 1465 1851 verum
1512 1805 1659 1852 etiam
1697 1818 1921 1869 magnam

144 1886 203 1926 20
234 1877 455 1940 potuisse
503 1875 716 1924 condere
765 1877 1033 1941 civitatem,
1081 1875 1275 1939 quando
1322 1878 1374 1925 in
1420 1882 1520 1925 tam
1558 1876 1760 1941 longum
1798 1884 1922 1926 tem·

232 1965 326 2014 pus
374 1947 763 2013 protendebatur
823 1950 920 1998 vita
967 1949 1269 2014 mortalium3
1325 1950 1420 1998 nisi
1470 1949 1598 1998 sorte
1650 1949 1921 1998 infidelium

234 2024 477 2087 quispiam
531 2037 590 2070 ex
651 2024 755 2086 ipsa
817 2023 1170 2070 numerositate
1230 2037 1472 2070 annorum
1526 2021 1668 2071 nobis
1730 2024 1923 2087 ingerat

235 2097 600 2160 quaestionem,
650 2110 746 2159 qua
795 2096 974 2143 vixisse
1022 2101 1140 2143 tunc
1188 2094 1413 2144 homines
1460 2097 1700 2160 scriptum
1748 2103 1824 2145 est
1869 2098 1922 2145 in

235 2167 610 2217 auctoritatibus
649 2170 832 2217 nostris
845 2207 859 2234 ,
899 2173 948 2216 et
986 2167 1080 2216 hoc
1119 2175 1266 2231 neget
1306 2182 1414 2216 esse
1455 2169 1771 2220 credendum.
1847 2169 1920 2218 Ita

145 2250 202 2289 25
235 2242 416 2305 quippe
464 2256 562 2289 non
611 2240 820 2290 credunt
868 2242 1014 2290 etiam
1060 2240 1421 2305 magnitudines
1473 2257 1739 2307 corporum
1775 2242 1919 2306 longe

235 2313 496 2378 ampliores
535 2322 654 2362 tunc
687 2315 838 2363 fuisse
879 2329 1025 2378 quam
1065 2329 1196 2363 nunc
1245 2321 1374 2364 sunt.
1451 2314 1590 2364 Unde
1631 2323 1680 2365 et
1719 2315 1918 2364 nobilis-

236 2389 389 2437 simus
430 2402 602 2436 eorum
648 2394 794 2452 poeta
831 2386 1075 2451 Vergilius
1114 2387 1174 2436 de
1213 2389 1402 2452 ingenti
1440 2388 1630 2455 lapide,
1683 2404 1830 2454 quem
1866 2389 1920 2437 in

234 2475 467 2525 agrorum
512 2460 665 2510 limite
713 2461 918 2509 infixum
963 2462 1037 2509 vir
1083 2461 1224 2510 sortis
1274 2460 1472 2511 illorum
1510 2469 1791 2527 temporum
1827 2477 1919 2527 pu-

234 2549 389 2598 gnans
430 2541 480 2583 et
517 2536 681 2598 rapuit
720 2540 769 2583 et
808 2535 1030 2583 cucurrit
1069 2540 1119 2583 et
1156 2535 1355 2584 intorsit
1392 2543 1443 2584 et
1481 2537 1638 2584 misit:

354 2663 399 2717 2)
432 2659 542 2705 Gen.
578 2665 619 2716 5,
650 2665 720 2706 31.
786 2661 857 2716 11)
888 2660 1031 2704 Exod.
1067 2664 1135 2714 12,
1169 2665 1237 2705 37.

355 2842 381 2880 6
428 2836 818 2881 constituerentur
862 2849 974 2889 mss;
1037 2835 1395 2880 constitueretur
1440 2851 1466 2881 v
1512 2839 1527 2893 11
1576 2841 1630 2880 14
1675 2837 1920 2892 procreato

245 2893 539 2950 VR¹(.2)AF;
569 2896 835 2951 procreatas
865 2908 891 2939 v
914 2897 930 2952 fl
953 2899 1011 2939 24
1042 2894 1308 2939 auctoribus
1339 2909 1364 2940 v
