2004 3140
555 157 622 189 nn
651 155 890 190 c1v1⁷rATn
914 158 1003 190 Dm
1027 157 1069 189 L.
1094 158 1199 190 xix.
1224 156 1261 190 c.
1287 157 1339 190 13.
1676 145 1783 197 377

102 284 199 334 que
247 269 528 335 consensio,
573 283 667 334 pax
714 270 935 333 corporis
985 277 1033 319 et
1079 273 1267 319 animae
1316 269 1537 318 ordinata
1591 271 1686 318 vita
1734 277 1787 319 et

106 343 237 392 salus
277 343 558 408 animantiS‚
603 357 697 407 pax
746 341 958 392 hominis
1000 344 1217 394 mortalis
1256 351 1306 393 et
1344 343 1434 393 Dei
1472 343 1693 393 ordinata
1731 345 1783 392 in

103 416 198 465 fide
238 415 330 465 sub
369 422 569 464 aeterna
607 415 714 480 lege
755 415 1086 484 oboedientia,
1133 433 1226 482 pax
1266 417 1521 467 hominum
1561 418 1785 467 ordinata

103 489 380 556 concordia,
416 505 510 554 pax
543 490 718 539 domus
750 491 972 540 ordinata
1004 491 1278 556 imperandi
1310 499 1457 556 atque
1490 491 1784 541 oboediendi

102 562 363 613 concordia
403 563 812 631 cohabitantium,
858 580 950 629 pax
998 567 1208 615 civitatis
1247 566 1471 615 ordinata
1509 565 1784 630 imperandi

101 645 247 702 atque
287 635 581 686 oboediendi
621 638 884 687 concordia
924 641 1125 706 civium,
1175 655 1269 704 pax
1309 639 1535 688 caelestis
1575 641 1785 689 civitatis

101 711 462 760 ordinatissima
518 718 567 761 et
620 712 1004 762 concordissima
1065 715 1274 762 societas
1329 713 1525 762 fruendi
1580 712 1681 762 Deo
1737 719 1788 762 et

100 787 311 835 invicem
350 787 400 834 in
440 784 565 852 De0,
615 801 707 850 pax
748 788 967 836 omnium
1007 802 1175 837 rerum
1216 787 1544 851 tranquillitas
1584 786 1786 835 ordiniS.

102 858 235 919 Ordo
291 867 367 908 est
424 860 616 923 parium
667 859 1037 925 dispariumque
1089 876 1257 910 rerum
1312 877 1399 910 sua
1450 863 1629 925 cuique
1679 861 1786 909 loca

103 932 327 982 tribuens
382 932 653 998 dispositio,
730 933 942 983 Proinde
998 936 1193 1002 miseri,
1246 937 1386 1001 quia,
1440 937 1490 984 in
1546 942 1784 999 quantum

103 1008 273 1056 miseri
313 1014 451 1072 sunt,
497 1008 668 1071 utique
709 1009 758 1056 in
798 1023 918 1072 pace
958 1024 1055 1058 non
1097 1016 1236 1075 sunt,
1288 1009 1636 1073 tranquillitate
1680 1011 1784 1073 qui·

103 1080 216 1129 dem
271 1080 457 1128 ordinis
510 1088 705 1148 carent,
767 1081 854 1131 ubi
914 1082 1222 1147 perturbatio
1278 1083 1409 1131 nulla
1465 1090 1560 1149 est3
1614 1098 1786 1132 verum

102 1163 266 1204 tamen
317 1155 430 1218 quia
482 1156 658 1204 merito
704 1157 931 1220 iusteque
980 1163 1098 1206 sunt
1143 1158 1338 1223 miseri,
1387 1158 1437 1206 in
1486 1172 1541 1205 ea
1590 1171 1786 1220 quoque

103 1230 209 1293 ipsa
248 1229 445 1277 miseria
492 1243 580 1277 sua
628 1236 826 1293 praeter
865 1229 1089 1279 ordinem
1130 1246 1238 1279 esse
1279 1246 1378 1279 non
1417 1237 1648 1296 possunt,
1687 1245 1787 1278 non

101 1301 299 1367 quidem
351 1303 602 1350 coniuncti
650 1301 832 1369 beatiS,
883 1304 967 1352 sed
1017 1303 1076 1352 ab
1125 1306 1195 1353 eis
1242 1312 1404 1354 tamen
1453 1304 1640 1353 ordinis
1678 1304 1786 1369 lege

102 1377 327 1425 seiuncti.
391 1375 486 1434 Qui
518 1390 632 1424 cum
665 1378 770 1426 sine
802 1376 1174 1442 perturbatione
1215 1385 1347 1444 sunt,
1386 1377 1551 1445 rebuS,
1589 1380 1639 1427 in
1682 1380 1787 1442 qui·

101 1449 195 1499 bus
249 1456 390 1516 sunt,
437 1457 832 1515 quantacumque
881 1454 1204 1516 congruentia
1244 1459 1557 1518 coaptantur3
1605 1467 1659 1501 ac
1698 1467 1789 1517 per

102 1523 196 1573 hoc
246 1525 376 1572 inest
430 1525 501 1572 eis
552 1524 739 1573 ordinis
793 1525 1027 1575 nonnulla
1078 1526 1406 1590 tranquillitas
1418 1566 1433 1593 ,
1487 1528 1617 1575 inest
1670 1541 1787 1590 ergo

102 1596 334 1646 nonnulla
374 1612 480 1662 pax.
558 1596 739 1646 Verum
779 1599 890 1648 ideo
929 1601 1099 1649 miseri
1139 1608 1270 1666 sunt,
1310 1602 1438 1667 quia,
1478 1602 1571 1649 etsi
1610 1602 1662 1649 in
1702 1600 1785 1648 ali-

103 1686 199 1736 qua
238 1673 502 1720 securitate
550 1686 650 1720 non
697 1671 889 1738 dolent,
940 1689 1039 1722 non
1079 1680 1244 1723 tamen
1283 1674 1351 1723 ibi
1391 1682 1533 1739 sunt,
1588 1673 1673 1723 ubi
1714 1689 1787 1723 se·

104 1746 212 1794 curi
263 1760 372 1795 esse
425 1760 480 1794 ac
531 1743 698 1794 dolere
746 1762 845 1795 non
898 1746 1130 1813 debeant3
1181 1749 1465 1796 miseriores
1506 1754 1696 1813 autem,
1748 1748 1790 1795 si

102 1834 196 1884 pax
248 1820 319 1868 eis
366 1834 479 1867 cum
528 1819 634 1883 ipsa
681 1817 789 1883 lege
838 1835 935 1869 non
983 1828 1081 1887 est,
1133 1836 1230 1885 qua
1268 1821 1504 1870 naturalis
1545 1821 1665 1870 ordo
1708 1821 1787 1870 ad-

104 1894 427 1941 ministratur.
506 1891 628 1940 Cum
682 1900 847 1942 autem
901 1893 1094 1961 dolent,
1148 1910 1207 1943 ex
1263 1910 1357 1959 qua
1412 1902 1551 1960 parte
1607 1894 1789 1961 dolent,

105 1967 239 2032 pacis
288 1964 596 2031 perturbatio
648 1966 774 2016 sacta
826 1975 922 2034 est3
973 1970 1022 2017 in
1071 1967 1151 2017 illa
1199 1983 1315 2017 vero
1368 1968 1527 2017 adhuc
1566 1983 1659 2034 pax
1700 1976 1790 2034 est,

105 2042 155 2088 in
190 2055 283 2104 qua
318 2055 408 2088 nec
441 2038 580 2088 dolor
619 2041 721 2088 urit
759 2056 851 2090 nec
891 2057 1125 2107 compago
1166 2043 1270 2107 ipsa
1310 2042 1607 2092 dissolvitur.
1686 2041 1787 2090 Sic-

107 2121 162 2162 ut
201 2128 318 2178 ergo
368 2121 443 2162 est
482 2112 719 2177 quaedam
767 2116 863 2163 vita
915 2117 1019 2164 sine
1061 2115 1253 2183 dolore,
1300 2115 1439 2165 dolor
1479 2123 1642 2166 autem
1684 2117 1789 2165 sine

106 2186 266 2251 aliqua
315 2188 412 2236 vita
464 2202 572 2236 esse
624 2202 723 2236 non
770 2197 955 2253 potest:
1008 2191 1079 2238 sic
1132 2197 1207 2239 est
1253 2191 1492 2254 quaedam
1538 2205 1632 2255 pax
1684 2191 1790 2239 sine

107 2259 205 2309 ullo
245 2260 396 2328 bello,
434 2259 618 2310 bellum
656 2277 772 2310 vero
812 2278 922 2312 esse
962 2265 1067 2312 sine
1109 2263 1268 2328 aliqua
1307 2279 1426 2328 pace
1467 2279 1566 2312 non
1605 2271 1790 2328 potest3

107 2349 206 2383 non
256 2334 529 2383 secundum
581 2335 657 2401 id,
711 2336 842 2400 quod
888 2336 1072 2386 bellum
1120 2344 1221 2403 est,
1276 2337 1362 2386 sed
1415 2337 1687 2386 secundum
1725 2337 1790 2403 id,

107 2407 238 2472 quod
278 2407 337 2456 ab
370 2410 441 2458 eis
473 2408 549 2457 vel
580 2410 631 2457 in
663 2410 735 2458 eis
767 2412 972 2477 geritur,
1012 2426 1136 2475 quae
1177 2410 1366 2475 aliquae
1407 2418 1610 2460 naturae
1650 2419 1789 2476 sunt3

107 2481 239 2544 quod
286 2481 420 2530 nullo
466 2482 612 2530 modo
661 2490 849 2545 essent,
897 2486 939 2533 si
990 2499 1087 2533 non
1128 2484 1473 2549 qualicumque
1514 2499 1633 2549 pace
1674 2482 1788 2533 sub-

108 2554 355 2603 sisterent.

220 2627 567 2693 ·Quapropter
599 2637 674 2679 est
706 2637 895 2697 natura,
933 2632 983 2679 in
1017 2646 1112 2694 qua
1152 2631 1340 2680 nullum
1379 2630 1561 2680 malum
1601 2637 1676 2680 est
1714 2630 1789 2679 vel

110 2701 254 2749 etiam
295 2702 343 2749 in
385 2716 478 2765 qua
517 2703 705 2752 nullum
753 2719 861 2754 esse
902 2704 1082 2753 malum
1121 2712 1306 2771 potest,
1354 2719 1462 2754 esse
1503 2711 1667 2753 autem
1706 2719 1790 2752 na·

231 2891 282 2930 15
317 2887 567 2945 coniuncti]
601 2903 705 2933 cum
736 2889 803 2934 R¹
839 2892 854 2946 ΙΙ
888 2895 940 2934 16
975 2889 1330 2935 conturbatione
1362 2890 1428 2934 R¹
1451 2892 1467 2946 ss
1493 2894 1546 2935 18
1579 2891 1651 2934 est
1681 2889 1730 2933 in
1761 2903 1791 2933 v

1820 944 1878 983 10

1822 1313 1880 1352 15

1821 1682 1882 1722 20

1823 2050 1882 2090 25

1822 2419 1883 2459 30
