<?xml version="1.0" encoding="UTF-8"?>
<!DOCTYPE html PUBLIC "-//W3C//DTD XHTML 1.0 Transitional//EN"
    "http://www.w3.org/TR/xhtml1/DTD/xhtml1-transitional.dtd">
<html xmlns="http://www.w3.org/1999/xhtml" xml:lang="en" lang="en">
 <head>
  <title>
</title>
<meta http-equiv="Content-Type" content="text/html;charset=utf-8" />
  <meta name='ocr-system' content='tesseract 3.04.00' />
  <meta name='ocr-capabilities' content='ocr_page ocr_carea ocr_par ocr_line ocrx_word'/>
</head>
<body>
  <div class='ocr_page' id='page_1' title='image "./decivitatedeilib02auguuoft_0061.png"; bbox 0 0 2054 3152; ppageno 0'>
   <div class='ocr_carea' id='block_1_1' title="bbox 445 145 1813 197">
    <p class='ocr_par' dir='ltr' id='par_1_1' title="bbox 445 145 1813 197">
     <span class='ocr_line' id='line_1_1' title="bbox 445 145 1813 197; baseline 0.001 -11"><span class='ocrx_word' id='word_1_1' title='bbox 445 155 512 187; x_wconf 85' lang='lat' dir='ltr'>DE</span> <span class='ocrx_word' id='word_1_2' title='bbox 537 155 775 189; x_wconf 76' lang='lat' dir='ltr'>CIVITATE</span> <span class='ocrx_word' id='word_1_3' title='bbox 798 155 887 187; x_wconf 78' lang='lat' dir='ltr'>Dm</span> <span class='ocrx_word' id='word_1_4' title='bbox 910 156 952 187; x_wconf 80' lang='lat' dir='ltr'>L.</span> <span class='ocrx_word' id='word_1_5' title='bbox 977 156 1079 188; x_wconf 67' lang='grc' dir='ltr'>ΧΠ.</span> <span class='ocrx_word' id='word_1_6' title='bbox 1104 155 1141 188; x_wconf 81' lang='grc' dir='ltr'>ο.</span> <span class='ocrx_word' id='word_1_7' title='bbox 1167 156 1221 188; x_wconf 81' lang='lat'>28.</span> <span class='ocrx_word' id='word_1_8' title='bbox 1246 156 1288 188; x_wconf 80' lang='lat' dir='ltr'>L.</span> <span class='ocrx_word' id='word_1_9' title='bbox 1312 156 1393 189; x_wconf 85' lang='lat' dir='ltr'>xv.</span> <span class='ocrx_word' id='word_1_10' title='bbox 1419 156 1454 189; x_wconf 79' lang='lat' dir='ltr'>c,</span> <span class='ocrx_word' id='word_1_11' title='bbox 1480 158 1511 188; x_wconf 88' lang='lat'>1.</span> <span class='ocrx_word' id='word_1_12' title='bbox 1745 145 1813 197; x_wconf 78' lang='lat'>57</span> 
     </span>
    </p>
   </div>
   <div class='ocr_carea' id='block_1_2' title="bbox 131 267 1819 554">
    <p class='ocr_par' dir='ltr' id='par_1_2' title="bbox 131 267 1819 554">
     <span class='ocr_line' id='line_1_2' title="bbox 132 267 1817 333; baseline 0 -15"><span class='ocrx_word' id='word_1_13' title='bbox 132 268 414 318; x_wconf 89' lang='lat' dir='ltr'>dominandi</span> <span class='ocrx_word' id='word_1_14' title='bbox 459 267 611 317; x_wconf 92' lang='lat' dir='ltr'>libido</span> <span class='ocrx_word' id='word_1_15' title='bbox 652 268 961 333; x_wconf 13' lang='lat' dir='ltr'>*dominatum</span> <span class='ocrx_word' id='word_1_16' title='bbox 1016 270 1067 316; x_wconf 90' lang='lat' dir='ltr'>in</span> <span class='ocrx_word' id='word_1_17' title='bbox 1114 268 1204 317; x_wconf 91' lang='lat' dir='ltr'>hac</span> <span class='ocrx_word' id='word_1_18' title='bbox 1256 270 1479 317; x_wconf 88' lang='lat' dir='ltr'>serviunt</span> <span class='ocrx_word' id='word_1_19' title='bbox 1516 270 1728 318; x_wconf 86' lang='lat' dir='ltr'>invicem</span> <span class='ocrx_word' id='word_1_20' title='bbox 1765 271 1817 318; x_wconf 91' lang='lat' dir='ltr'>in</span> 
     </span>
     <span class='ocr_line' id='line_1_3' title="bbox 134 341 1816 407; baseline -0.001 -15"><span class='ocrx_word' id='word_1_21' title='bbox 134 344 348 403; x_wconf 72' lang='lat' dir='ltr'>caritate¹</span> <span class='ocrx_word' id='word_1_22' title='bbox 377 348 426 390; x_wconf 92' lang='lat' dir='ltr'>et</span> <span class='ocrx_word' id='word_1_23' title='bbox 456 344 723 407; x_wconf 83' lang='lat' dir='ltr'>praepositi</span> <span class='ocrx_word' id='word_1_24' title='bbox 764 341 1065 390; x_wconf 86' lang='lat' dir='ltr'>consulendo</span> <span class='ocrx_word' id='word_1_25' title='bbox 1107 349 1156 391; x_wconf 93' lang='lat' dir='ltr'>et</span> <span class='ocrx_word' id='word_1_26' title='bbox 1194 341 1378 391; x_wconf 89' lang='lat' dir='ltr'>subditi</span> <span class='ocrx_word' id='word_1_27' title='bbox 1417 341 1816 407; x_wconf 88' lang='lat' dir='ltr'>obtemperando.</span> 
     </span>
     <span class='ocr_line' id='line_1_4' title="bbox 131 411 1819 482; baseline 0.001 -18"><span class='ocrx_word' id='word_1_28' title='bbox 131 416 220 465; x_wconf 91' lang='lat' dir='ltr'>Illa</span> <span class='ocrx_word' id='word_1_29' title='bbox 253 417 317 466; x_wconf 71' lang='lat' dir='ltr'>‚in</span> <span class='ocrx_word' id='word_1_30' title='bbox 365 417 468 464; x_wconf 88' lang='lat' dir='ltr'>suis</span> <span class='ocrx_word' id='word_1_31' title='bbox 515 415 801 480; x_wconf 88' lang='lat' dir='ltr'>potentibus</span> <span class='ocrx_word' id='word_1_32' title='bbox 850 415 1008 480; x_wconf 84' lang='lat' dir='ltr'>diligit</span> <span class='ocrx_word' id='word_1_33' title='bbox 1053 417 1291 465; x_wconf 83' lang='lat' dir='ltr'>virtutem</span> <span class='ocrx_word' id='word_1_34' title='bbox 1331 430 1491 482; x_wconf 87' lang='lat' dir='ltr'>suam;</span> <span class='ocrx_word' id='word_1_35' title='bbox 1538 415 1659 465; x_wconf 90' lang='lat' dir='ltr'>haec</span> <span class='ocrx_word' id='word_1_36' title='bbox 1699 411 1819 465; x_wconf 76' lang='lat' dir='ltr'>dicit</span> 
     </span>
     <span class='ocr_line' id='line_1_5' title="bbox 131 489 1818 554; baseline 0 -16"><span class='ocrx_word' id='word_1_37' title='bbox 131 489 233 539; x_wconf 90' lang='lat' dir='ltr'>Deo</span> <span class='ocrx_word' id='word_1_38' title='bbox 274 504 390 538; x_wconf 87' lang='lat' dir='ltr'>suo:</span> <span class='ocrx_word' id='word_1_39' title='bbox 442 490 664 551; x_wconf 73' lang='lat' dir='ltr'>Diliyam</span> <span class='ocrx_word' id='word_1_40' title='bbox 705 496 776 550; x_wconf 84' lang='lat' dir='ltr'>te,</span> <span class='ocrx_word' id='word_1_41' title='bbox 823 490 1060 551; x_wconf 75' lang='lat' dir='ltr'>Domine,</span> <span class='ocrx_word' id='word_1_42' title='bbox 1112 493 1273 538; x_wconf 78' lang='lat' dir='ltr'>virtus</span> <span class='ocrx_word' id='word_1_43' title='bbox 1311 504 1436 539; x_wconf 86' lang='lat' dir='ltr'>mea.</span> <span class='ocrx_word' id='word_1_44' title='bbox 1513 489 1727 554; x_wconf 83' lang='lat' dir='ltr'>Ideoque</span> <span class='ocrx_word' id='word_1_45' title='bbox 1766 491 1818 538; x_wconf 90' lang='lat' dir='ltr'>in</span> 
     </span>
    </p>
   </div>
   <div class='ocr_carea' id='block_1_3' title="bbox 60 562 1877 628">
    <p class='ocr_par' dir='ltr' id='par_1_3' title="bbox 60 562 1877 628">
     <span class='ocr_line' id='line_1_6' title="bbox 60 562 1877 628; baseline 0.002 -19"><span class='ocrx_word' id='word_1_46' title='bbox 60 606 63 608; x_wconf 89' lang='lat'>.</span> <span class='ocrx_word' id='word_1_47' title='bbox 130 563 211 612; x_wconf 91' lang='lat' dir='ltr'>illa</span> <span class='ocrx_word' id='word_1_48' title='bbox 259 564 506 628; x_wconf 87' lang='lat' dir='ltr'>sapientes</span> <span class='ocrx_word' id='word_1_49' title='bbox 554 565 660 613; x_wconf 88' lang='lat' dir='ltr'>eius</span> <span class='ocrx_word' id='word_1_50' title='bbox 710 562 983 612; x_wconf 89' lang='lat' dir='ltr'>secundum</span> <span class='ocrx_word' id='word_1_51' title='bbox 1027 562 1278 612; x_wconf 90' lang='lat' dir='ltr'>hominem</span> <span class='ocrx_word' id='word_1_52' title='bbox 1329 564 1549 612; x_wconf 86' lang='lat' dir='ltr'>viventes</span> <span class='ocrx_word' id='word_1_53' title='bbox 1588 570 1673 612; x_wconf 90' lang='lat' dir='ltr'>aut</span> <span class='ocrx_word' id='word_1_54' title='bbox 1711 578 1817 612; x_wconf 86' lang='lat' dir='ltr'>cor·</span> <span class='ocrx_word' id='word_1_55' title='bbox 1851 573 1877 612; x_wconf 87' lang='lat'>5</span> 
     </span>
    </p>
   </div>
   <div class='ocr_carea' id='block_1_4' title="bbox 129 636 1916 1792">
    <p class='ocr_par' dir='ltr' id='par_1_4' title="bbox 130 636 1823 920">
     <span class='ocr_line' id='line_1_7' title="bbox 134 636 1821 702; baseline 0.001 -17"><span class='ocrx_word' id='word_1_56' title='bbox 134 638 270 701; x_wconf 89' lang='lat' dir='ltr'>poris</span> <span class='ocrx_word' id='word_1_57' title='bbox 311 643 394 685; x_wconf 86' lang='lat' dir='ltr'>aut</span> <span class='ocrx_word' id='word_1_58' title='bbox 434 638 584 686; x_wconf 90' lang='lat' dir='ltr'>animi</span> <span class='ocrx_word' id='word_1_59' title='bbox 624 639 701 686; x_wconf 87' lang='lat' dir='ltr'>sui</span> <span class='ocrx_word' id='word_1_60' title='bbox 746 636 875 686; x_wconf 88' lang='lat' dir='ltr'>hona</span> <span class='ocrx_word' id='word_1_61' title='bbox 915 644 999 685; x_wconf 89' lang='lat' dir='ltr'>aut</span> <span class='ocrx_word' id='word_1_62' title='bbox 1038 638 1299 700; x_wconf 87' lang='lat' dir='ltr'>utriusque</span> <span class='ocrx_word' id='word_1_63' title='bbox 1340 639 1514 685; x_wconf 89' lang='lat' dir='ltr'>sectati</span> <span class='ocrx_word' id='word_1_64' title='bbox 1554 644 1690 702; x_wconf 86' lang='lat' dir='ltr'>sunt,</span> <span class='ocrx_word' id='word_1_65' title='bbox 1738 643 1821 686; x_wconf 86' lang='lat' dir='ltr'>aut</span> 
     </span>
     <span class='ocr_line' id='line_1_8' title="bbox 134 709 1819 776; baseline 0.001 -18"><span class='ocrx_word' id='word_1_66' title='bbox 134 712 219 774; x_wconf 88' lang='lat' dir='ltr'>qui</span> <span class='ocrx_word' id='word_1_67' title='bbox 263 716 538 775; x_wconf 87' lang='lat' dir='ltr'>potuerunt</span> <span class='ocrx_word' id='word_1_68' title='bbox 584 726 882 776; x_wconf 82' lang='lat' dir='ltr'>cognoscere</span> <span class='ocrx_word' id='word_1_69' title='bbox 931 709 1110 776; x_wconf 85' lang='lat' dir='ltr'>Deum,</span> <span class='ocrx_word' id='word_1_70' title='bbox 1156 725 1254 760; x_wconf 79' lang='lat' dir='ltr'>non</span> <span class='ocrx_word' id='word_1_71' title='bbox 1301 716 1359 759; x_wconf 83' lang='lat' dir='ltr'>ut</span> <span class='ocrx_word' id='word_1_72' title='bbox 1395 711 1556 760; x_wconf 85' lang='lat' dir='ltr'>Deum</span> <span class='ocrx_word' id='word_1_73' title='bbox 1602 711 1819 760; x_wconf 79' lang='lat' dir='ltr'>honora-</span> 
     </span>
     <span class='ocr_line' id='line_1_9' title="bbox 134 787 1819 846; baseline 0 -14"><span class='ocrx_word' id='word_1_74' title='bbox 134 790 318 834; x_wconf 79' lang='lat' dir='ltr'>verunt</span> <span class='ocrx_word' id='word_1_75' title='bbox 355 789 447 833; x_wconf 83' lang='lat' dir='ltr'>aut</span> <span class='ocrx_word' id='word_1_76' title='bbox 473 788 677 845; x_wconf 70' lang='lat' dir='ltr'>qratias</span> <span class='ocrx_word' id='word_1_77' title='bbox 716 790 942 846; x_wconf 61' lang='lat' dir='ltr'>efferunt,</span> <span class='ocrx_word' id='word_1_78' title='bbox 982 787 1074 833; x_wconf 79' lang='lat' dir='ltr'>secl</span> <span class='ocrx_word' id='word_1_79' title='bbox 1110 790 1429 834; x_wconf 77' lang='lat' dir='ltr'>evanuerunt</span> <span class='ocrx_word' id='word_1_80' title='bbox 1467 787 1516 832; x_wconf 77' lang='lat' dir='ltr'>in</span> <span class='ocrx_word' id='word_1_81' title='bbox 1559 787 1819 845; x_wconf 59' lang='lat' dir='ltr'>cogitatio-</span> 
     </span>
     <span class='ocr_line' id='line_1_10' title="bbox 130 859 1823 920; baseline -0.001 -12"><span class='ocrx_word' id='word_1_82' title='bbox 130 859 278 908; x_wconf 76' lang='lat' dir='ltr'>nibus</span> <span class='ocrx_word' id='word_1_83' title='bbox 301 860 419 918; x_wconf 73' lang='lat' dir='ltr'>suiS,</span> <span class='ocrx_word' id='word_1_84' title='bbox 453 863 503 907; x_wconf 83' lang='lat' dir='ltr'>et</span> <span class='ocrx_word' id='word_1_85' title='bbox 525 860 850 908; x_wconf 80' lang='lat' dir='ltr'>obscuratum</span> <span class='ocrx_word' id='word_1_86' title='bbox 875 864 950 907; x_wconf 85' lang='lat' dir='ltr'>est</span> <span class='ocrx_word' id='word_1_87' title='bbox 972 860 1212 920; x_wconf 76' lang='lat' dir='ltr'>insipiens</span> <span class='ocrx_word' id='word_1_88' title='bbox 1244 873 1335 907; x_wconf 87' lang='lat' dir='ltr'>eor</span> <span class='ocrx_word' id='word_1_89' title='bbox 1366 872 1539 907; x_wconf 87' lang='lat' dir='ltr'>eorum</span> <span class='ocrx_word' id='word_1_90' title='bbox 1548 875 1567 915; x_wconf 90' lang='lat'><em>;</em></span> <span class='ocrx_word' id='word_1_91' title='bbox 1599 860 1823 907; x_wconf 73' lang='lat' dir='ltr'>dieentes</span> 
     </span>
    </p>

    <p class='ocr_par' dir='ltr' id='par_1_5' title="bbox 129 926 1916 1792">
     <span class='ocr_line' id='line_1_11' title="bbox 130 926 1910 998; baseline 0.001 -18"><span class='ocrx_word' id='word_1_92' title='bbox 130 947 183 980; x_wconf 85' lang='lat' dir='ltr'>se</span> <span class='ocrx_word' id='word_1_93' title='bbox 231 946 337 980; x_wconf 82' lang='lat' dir='ltr'>esse</span> <span class='ocrx_word' id='word_1_94' title='bbox 386 934 637 994; x_wconf 78' lang='lat' dir='ltr'>sapientes</span> <span class='ocrx_word' id='word_1_95' title='bbox 687 926 760 998; x_wconf 84' lang='lat' dir='ltr'>(id</span> <span class='ocrx_word' id='word_1_96' title='bbox 802 938 878 980; x_wconf 91' lang='lat' dir='ltr'>est</span> <span class='ocrx_word' id='word_1_97' title='bbox 917 931 1198 980; x_wconf 84' lang='lat' dir='ltr'>dominante</span> <span class='ocrx_word' id='word_1_98' title='bbox 1239 930 1332 980; x_wconf 90' lang='lat' dir='ltr'>sihi</span> <span class='ocrx_word' id='word_1_99' title='bbox 1372 930 1604 996; x_wconf 88' lang='lat' dir='ltr'>superbia</span> <span class='ocrx_word' id='word_1_100' title='bbox 1641 933 1694 979; x_wconf 91' lang='lat' dir='ltr'>in</span> <span class='ocrx_word' id='word_1_101' title='bbox 1733 946 1821 980; x_wconf 91' lang='lat' dir='ltr'>sua</span> <span class='ocrx_word' id='word_1_102' title='bbox 1855 942 1910 982; x_wconf 88' lang='lat'>10</span> 
     </span>
     <span class='ocr_line' id='line_1_12' title="bbox 132 1000 1820 1072; baseline 0.001 -19"><span class='ocrx_word' id='word_1_103' title='bbox 132 1006 369 1069; x_wconf 88' lang='lat' dir='ltr'>sapientia</span> <span class='ocrx_word' id='word_1_104' title='bbox 418 1020 528 1054; x_wconf 88' lang='lat' dir='ltr'>sese</span> <span class='ocrx_word' id='word_1_105' title='bbox 579 1000 895 1072; x_wconf 83' lang='lat' dir='ltr'>extollentes)</span> <span class='ocrx_word' id='word_1_106' title='bbox 950 1007 1091 1072; x_wconf 75' lang='lat' dir='ltr'>stulti</span> <span class='ocrx_word' id='word_1_107' title='bbox 1123 1004 1258 1067; x_wconf 74' lang='lat' dir='ltr'>facti</span> <span class='ocrx_word' id='word_1_108' title='bbox 1293 1011 1411 1055; x_wconf 81' lang='lat' dir='ltr'>suut</span> <span class='ocrx_word' id='word_1_109' title='bbox 1460 1011 1509 1054; x_wconf 81' lang='lat' dir='ltr'>et</span> <span class='ocrx_word' id='word_1_110' title='bbox 1548 1008 1820 1054; x_wconf 75' lang='lat' dir='ltr'>inmutave-</span> 
     </span>
     <span class='ocr_line' id='line_1_13' title="bbox 133 1080 1824 1142; baseline 0 -15"><span class='ocrx_word' id='word_1_111' title='bbox 133 1086 255 1127; x_wconf 75' lang='lat' dir='ltr'>runt</span> <span class='ocrx_word' id='word_1_112' title='bbox 275 1081 495 1140; x_wconf 71' lang='lat' dir='ltr'>qloriam</span> <span class='ocrx_word' id='word_1_113' title='bbox 520 1080 922 1142; x_wconf 75' lang='lat' dir='ltr'>incorruptibilis</span> <span class='ocrx_word' id='word_1_114' title='bbox 954 1080 1052 1128; x_wconf 82' lang='lat' dir='ltr'>Dei</span> <span class='ocrx_word' id='word_1_115' title='bbox 1081 1081 1133 1127; x_wconf 76' lang='lat' dir='ltr'>iu</span> <span class='ocrx_word' id='word_1_116' title='bbox 1171 1081 1547 1128; x_wconf 74' lang='lat' dir='ltr'>similitudinem</span> <span class='ocrx_word' id='word_1_117' title='bbox 1586 1081 1824 1140; x_wconf 72' lang='lat' dir='ltr'>imaqim‘s</span> 
     </span>
     <span class='ocr_line' id='line_1_14' title="bbox 133 1153 1822 1215; baseline -0.001 -13"><span class='ocrx_word' id='word_1_118' title='bbox 133 1153 479 1214; x_wconf 73' lang='lat' dir='ltr'>corruptibilis</span> <span class='ocrx_word' id='word_1_119' title='bbox 511 1154 725 1201; x_wconf 78' lang='lat' dir='ltr'>hominis</span> <span class='ocrx_word' id='word_1_120' title='bbox 757 1159 806 1202; x_wconf 87' lang='lat' dir='ltr'>et</span> <span class='ocrx_word' id='word_1_121' title='bbox 834 1156 1095 1202; x_wconf 86' lang='lat' dir='ltr'>voluerum</span> <span class='ocrx_word' id='word_1_122' title='bbox 1127 1158 1176 1201; x_wconf 83' lang='lat' dir='ltr'>et</span> <span class='ocrx_word' id='word_1_123' title='bbox 1205 1154 1593 1215; x_wconf 82' lang='lat' dir='ltr'><strong><em>quadrupedum</em></strong></span> <span class='ocrx_word' id='word_1_124' title='bbox 1632 1158 1681 1201; x_wconf 84' lang='lat' dir='ltr'>et</span> <span class='ocrx_word' id='word_1_125' title='bbox 1716 1167 1822 1201; x_wconf 86' lang='lat' dir='ltr'>ser-</span> 
     </span>
     <span class='ocr_line' id='line_1_15' title="bbox 129 1221 1823 1292; baseline -0.001 -17"><span class='ocrx_word' id='word_1_126' title='bbox 129 1229 355 1288; x_wconf 74' lang='lat' dir='ltr'>pentium</span> <span class='ocrx_word' id='word_1_127' title='bbox 404 1221 489 1292; x_wconf 83' lang='lat' dir='ltr'>(ad</span> <span class='ocrx_word' id='word_1_128' title='bbox 536 1226 743 1275; x_wconf 89' lang='lat' dir='ltr'>huiusce</span> <span class='ocrx_word' id='word_1_129' title='bbox 791 1225 923 1275; x_wconf 91' lang='lat' dir='ltr'>modi</span> <span class='ocrx_word' id='word_1_130' title='bbox 970 1227 1102 1274; x_wconf 90' lang='lat' dir='ltr'>enim</span> <span class='ocrx_word' id='word_1_131' title='bbox 1151 1225 1411 1275; x_wconf 87' lang='lat' dir='ltr'>simulacra</span> <span class='ocrx_word' id='word_1_132' title='bbox 1463 1225 1709 1274; x_wconf 90' lang='lat' dir='ltr'>adoranda</span> <span class='ocrx_word' id='word_1_133' title='bbox 1747 1225 1823 1274; x_wconf 90' lang='lat' dir='ltr'>vel</span> 
     </span>
     <span class='ocr_line' id='line_1_16' title="bbox 136 1291 1912 1367; baseline 0 -19"><span class='ocrx_word' id='word_1_134' title='bbox 136 1300 288 1349; x_wconf 90' lang='lat' dir='ltr'>duces</span> <span class='ocrx_word' id='word_1_135' title='bbox 341 1291 640 1364; x_wconf 74' lang='lat' dir='ltr'>populorum</span> <span class='ocrx_word' id='word_1_136' title='bbox 695 1299 771 1348; x_wconf 89' lang='lat' dir='ltr'>vel</span> <span class='ocrx_word' id='word_1_137' title='bbox 826 1306 1097 1349; x_wconf 82' lang='lat' dir='ltr'>sectatores</span> <span class='ocrx_word' id='word_1_138' title='bbox 1152 1294 1404 1367; x_wconf 79' lang='lat' dir='ltr'>fuerunt),</span> <span class='ocrx_word' id='word_1_139' title='bbox 1458 1306 1507 1348; x_wconf 84' lang='lat' dir='ltr'>et</span> <span class='ocrx_word' id='word_1_140' title='bbox 1558 1301 1826 1349; x_wconf 81' lang='lat' dir='ltr'>coluerunt</span> <span class='ocrx_word' id='word_1_141' title='bbox 1857 1308 1912 1349; x_wconf 78' lang='lat'>15</span> 
     </span>
     <span class='ocr_line' id='line_1_17' title="bbox 135 1374 1829 1436; baseline 0 -14"><span class='ocrx_word' id='word_1_142' title='bbox 135 1379 287 1435; x_wconf 81' lang='lat' dir='ltr'>atque</span> <span class='ocrx_word' id='word_1_143' title='bbox 335 1377 625 1423; x_wconf 73' lang='lat' dir='ltr'>servierunt</span> <span class='ocrx_word' id='word_1_144' title='bbox 673 1380 950 1424; x_wconf 78' lang='lat' dir='ltr'>creaturae</span> <span class='ocrx_word' id='word_1_145' title='bbox 994 1376 1164 1436; x_wconf 79' lang='lat' dir='ltr'>potius</span> <span class='ocrx_word' id='word_1_146' title='bbox 1218 1388 1368 1435; x_wconf 79' lang='lat' dir='ltr'>quam</span> <span class='ocrx_word' id='word_1_147' title='bbox 1429 1374 1683 1435; x_wconf 79' lang='lat' dir='ltr'>Creatori,</span> <span class='ocrx_word' id='word_1_148' title='bbox 1739 1375 1829 1434; x_wconf 81' lang='lat' dir='ltr'>qui</span> 
     </span>
     <span class='ocr_line' id='line_1_18' title="bbox 136 1446 1823 1506; baseline -0.001 -10"><span class='ocrx_word' id='word_1_149' title='bbox 136 1454 210 1496; x_wconf 80' lang='lat' dir='ltr'>est</span> <span class='ocrx_word' id='word_1_150' title='bbox 248 1448 540 1497; x_wconf 76' lang='lat' dir='ltr'>benedictus</span> <span class='ocrx_word' id='word_1_151' title='bbox 580 1451 632 1496; x_wconf 76' lang='lat' dir='ltr'>in</span> <span class='ocrx_word' id='word_1_152' title='bbox 671 1450 878 1497; x_wconf 80' lang='lat' dir='ltr'>saecula</span> <span class='ocrx_word' id='word_1_153' title='bbox 888 1466 907 1506; x_wconf 92' lang='lat'><em>;</em></span> <span class='ocrx_word' id='word_1_154' title='bbox 958 1449 1009 1496; x_wconf 92' lang='lat' dir='ltr'>in</span> <span class='ocrx_word' id='word_1_155' title='bbox 1048 1447 1139 1496; x_wconf 89' lang='lat' dir='ltr'>hac</span> <span class='ocrx_word' id='word_1_156' title='bbox 1179 1454 1343 1496; x_wconf 87' lang='lat' dir='ltr'>autem</span> <span class='ocrx_word' id='word_1_157' title='bbox 1383 1446 1516 1496; x_wconf 93' lang='lat' dir='ltr'>nulla</span> <span class='ocrx_word' id='word_1_158' title='bbox 1555 1453 1631 1495; x_wconf 91' lang='lat' dir='ltr'>est</span> <span class='ocrx_word' id='word_1_159' title='bbox 1668 1446 1823 1495; x_wconf 89' lang='lat' dir='ltr'>homi-</span> 
     </span>
     <span class='ocr_line' id='line_1_19' title="bbox 135 1519 1820 1588; baseline -0.001 -19"><span class='ocrx_word' id='word_1_160' title='bbox 135 1522 214 1569; x_wconf 87' lang='lat' dir='ltr'>nis</span> <span class='ocrx_word' id='word_1_161' title='bbox 253 1522 493 1585; x_wconf 83' lang='lat' dir='ltr'>sapientia</span> <span class='ocrx_word' id='word_1_162' title='bbox 531 1522 627 1570; x_wconf 90' lang='lat' dir='ltr'>nisi</span> <span class='ocrx_word' id='word_1_163' title='bbox 665 1524 839 1588; x_wconf 81' lang='lat' dir='ltr'>pietaS,</span> <span class='ocrx_word' id='word_1_164' title='bbox 878 1537 973 1585; x_wconf 92' lang='lat' dir='ltr'>qua</span> <span class='ocrx_word' id='word_1_165' title='bbox 1011 1528 1148 1571; x_wconf 89' lang='lat' dir='ltr'>recte</span> <span class='ocrx_word' id='word_1_166' title='bbox 1188 1521 1366 1570; x_wconf 88' lang='lat' dir='ltr'>colitur</span> <span class='ocrx_word' id='word_1_167' title='bbox 1404 1536 1552 1570; x_wconf 86' lang='lat' dir='ltr'>verus</span> <span class='ocrx_word' id='word_1_168' title='bbox 1584 1519 1732 1587; x_wconf 78' lang='lat' dir='ltr'>DeUS,</span> <span class='ocrx_word' id='word_1_169' title='bbox 1769 1519 1820 1569; x_wconf 90' lang='lat' dir='ltr'>id</span> 
     </span>
     <span class='ocr_line' id='line_1_20' title="bbox 139 1593 1827 1660; baseline 0 -17"><span class='ocrx_word' id='word_1_170' title='bbox 139 1602 405 1659; x_wconf 85' lang='lat' dir='ltr'>expectans</span> <span class='ocrx_word' id='word_1_171' title='bbox 454 1597 732 1660; x_wconf 88' lang='lat' dir='ltr'>praemium</span> <span class='ocrx_word' id='word_1_172' title='bbox 781 1597 832 1643; x_wconf 93' lang='lat' dir='ltr'>in</span> <span class='ocrx_word' id='word_1_173' title='bbox 886 1596 1121 1644; x_wconf 87' lang='lat' dir='ltr'>societate</span> <span class='ocrx_word' id='word_1_174' title='bbox 1177 1602 1462 1644; x_wconf 85' lang='lat' dir='ltr'>sanctorum</span> <span class='ocrx_word' id='word_1_175' title='bbox 1516 1609 1615 1643; x_wconf 91' lang='lat' dir='ltr'>non</span> <span class='ocrx_word' id='word_1_176' title='bbox 1667 1593 1827 1643; x_wconf 89' lang='lat' dir='ltr'>solum</span> 
     </span>
     <span class='ocr_line' id='line_1_21' title="bbox 135 1667 1916 1736; baseline 0.001 -20"><span class='ocrx_word' id='word_1_177' title='bbox 135 1667 408 1735; x_wconf 78' lang='lat' dir='ltr'>hominum,</span> <span class='ocrx_word' id='word_1_178' title='bbox 445 1684 619 1718; x_wconf 88' lang='lat' dir='ltr'>verum</span> <span class='ocrx_word' id='word_1_179' title='bbox 659 1671 805 1718; x_wconf 86' lang='lat' dir='ltr'>etiam</span> <span class='ocrx_word' id='word_1_180' title='bbox 845 1668 1157 1736; x_wconf 79' lang='lat' dir='ltr'>angelorum,</span> <span class='ocrx_word' id='word_1_181' title='bbox 1195 1675 1253 1719; x_wconf 85' lang='lat' dir='ltr'>ut</span> <span class='ocrx_word' id='word_1_182' title='bbox 1289 1672 1355 1719; x_wconf 81' lang='lat' dir='ltr'>sit</span> <span class='ocrx_word' id='word_1_183' title='bbox 1392 1670 1530 1718; x_wconf 81' lang='lat' dir='ltr'>Deus</span> <span class='ocrx_word' id='word_1_184' title='bbox 1568 1671 1736 1718; x_wconf 75' lang='lat' dir='ltr'>omnia</span> <span class='ocrx_word' id='word_1_185' title='bbox 1775 1670 1827 1717; x_wconf 79' lang='lat' dir='ltr'>in</span> <span class='ocrx_word' id='word_1_186' title='bbox 1860 1677 1916 1718; x_wconf 86' lang='lat'>20</span> 
     </span>
     <span class='ocr_line' id='line_1_22' title="bbox 135 1743 375 1792; baseline 0 -1"><span class='ocrx_word' id='word_1_187' title='bbox 135 1743 375 1792; x_wconf 57' lang='lat' dir='ltr'>omnibu&amp;</span> 
     </span>
    </p>
   </div>
   <div class='ocr_carea' id='block_1_5' title="bbox 729 1987 1231 2042">
    <p class='ocr_par' dir='ltr' id='par_1_6' title="bbox 729 1987 1231 2042">
     <span class='ocr_line' id='line_1_23' title="bbox 729 1987 1231 2042; baseline 0.004 -2"><span class='ocrx_word' id='word_1_188' title='bbox 729 1987 1039 2042; x_wconf 85' lang='lat' dir='ltr'>LIBER</span> <span class='ocrx_word' id='word_1_189' title='bbox 1099 1987 1231 2042; x_wconf 91' lang='lat' dir='ltr'>XV.</span> 
     </span>
    </p>
   </div>
   <div class='ocr_carea' id='block_1_6' title="bbox 843 2179 1912 2234">
    <p class='ocr_par' dir='ltr' id='par_1_7' title="bbox 843 2179 1912 2234">
     <span class='ocr_line' id='line_1_24' title="bbox 843 2179 1912 2234; baseline -0.002 0"><span class='ocrx_word' id='word_1_190' title='bbox 843 2179 1035 2234; x_wconf 77' lang='lat' dir='ltr'>CAPUT</span> <span class='ocrx_word' id='word_1_191' title='bbox 1076 2181 1116 2233; x_wconf 91' lang='lat' dir='ltr'>I.</span> <span class='ocrx_word' id='word_1_192' title='bbox 1856 2191 1912 2232; x_wconf 84' lang='lat'>25</span> 
     </span>
    </p>
   </div>
   <div class='ocr_carea' id='block_1_7' title="bbox 139 2286 1828 2424">
    <p class='ocr_par' dir='ltr' id='par_1_8' title="bbox 139 2286 1828 2424">
     <span class='ocr_line' id='line_1_25' title="bbox 139 2286 1828 2349; baseline 0.001 -15"><span class='ocrx_word' id='word_1_193' title='bbox 139 2287 216 2335; x_wconf 84' lang='lat' dir='ltr'>De</span> <span class='ocrx_word' id='word_1_194' title='bbox 263 2286 456 2335; x_wconf 79' lang='lat' dir='ltr'>duobus</span> <span class='ocrx_word' id='word_1_195' title='bbox 504 2287 768 2335; x_wconf 76' lang='lat' dir='ltr'>ordinibus</span> <span class='ocrx_word' id='word_1_196' title='bbox 811 2290 1160 2349; x_wconf 71' lang='lat' dir='ltr'>qeneratz&#39;om&#39;s</span> <span class='ocrx_word' id='word_1_197' title='bbox 1205 2288 1459 2336; x_wconf 79' lang='lat' dir='ltr'>humanae</span> <span class='ocrx_word' id='word_1_198' title='bbox 1504 2289 1556 2335; x_wconf 72' lang='lat'>2⁹72</span> <span class='ocrx_word' id='word_1_199' title='bbox 1605 2288 1828 2336; x_wconf 73' lang='lat' dir='ltr'>diversos</span> 
     </span>
     <span class='ocr_line' id='line_1_26' title="bbox 566 2362 1388 2424; baseline 0.001 -16"><span class='ocrx_word' id='word_1_200' title='bbox 566 2362 695 2419; x_wconf 78' lang='lat' dir='ltr'>fines</span> <span class='ocrx_word' id='word_1_201' title='bbox 735 2362 798 2410; x_wconf 83' lang='lat' dir='ltr'>ab</span> <span class='ocrx_word' id='word_1_202' title='bbox 840 2363 982 2411; x_wconf 74' lang='lat' dir='ltr'>initio</span> <span class='ocrx_word' id='word_1_203' title='bbox 1015 2363 1388 2424; x_wconf 77' lang='lat' dir='ltr'>procurrentis.</span> 
     </span>
    </p>
   </div>
   <div class='ocr_carea' id='block_1_8' title="bbox 143 2461 1917 2676">
    <p class='ocr_par' dir='ltr' id='par_1_9' title="bbox 143 2461 1917 2676">
     <span class='ocr_line' id='line_1_27' title="bbox 293 2461 1830 2528; baseline -0.001 -18"><span class='ocrx_word' id='word_1_204' title='bbox 293 2462 362 2511; x_wconf 93' lang='lat' dir='ltr'>De</span> <span class='ocrx_word' id='word_1_205' title='bbox 395 2461 627 2512; x_wconf 82' lang='lat' dir='ltr'>felicitate</span> <span class='ocrx_word' id='word_1_206' title='bbox 665 2462 879 2528; x_wconf 88' lang='lat' dir='ltr'>paradisi</span> <span class='ocrx_word' id='word_1_207' title='bbox 917 2462 994 2511; x_wconf 91' lang='lat' dir='ltr'>vel</span> <span class='ocrx_word' id='word_1_208' title='bbox 1033 2462 1093 2512; x_wconf 93' lang='lat' dir='ltr'>de</span> <span class='ocrx_word' id='word_1_209' title='bbox 1131 2465 1239 2528; x_wconf 88' lang='lat' dir='ltr'>ipso</span> <span class='ocrx_word' id='word_1_210' title='bbox 1277 2463 1503 2527; x_wconf 91' lang='lat' dir='ltr'>paradiso</span> <span class='ocrx_word' id='word_1_211' title='bbox 1544 2469 1593 2511; x_wconf 86' lang='lat' dir='ltr'>et</span> <span class='ocrx_word' id='word_1_212' title='bbox 1633 2461 1692 2510; x_wconf 90' lang='lat' dir='ltr'>de</span> <span class='ocrx_word' id='word_1_213' title='bbox 1731 2463 1830 2510; x_wconf 87' lang='lat' dir='ltr'>vita</span> 
     </span>
     <span class='ocr_line' id='line_1_28' title="bbox 145 2534 1828 2601; baseline -0.001 -17"><span class='ocrx_word' id='word_1_214' title='bbox 145 2536 213 2585; x_wconf 87' lang='lat' dir='ltr'>ibi</span> <span class='ocrx_word' id='word_1_215' title='bbox 253 2538 528 2600; x_wconf 89' lang='lat' dir='ltr'>primorum</span> <span class='ocrx_word' id='word_1_216' title='bbox 559 2535 814 2587; x_wconf 89' lang='lat' dir='ltr'>hominum</span> <span class='ocrx_word' id='word_1_217' title='bbox 847 2551 1118 2601; x_wconf 87' lang='lat' dir='ltr'>eorumque</span> <span class='ocrx_word' id='word_1_218' title='bbox 1158 2542 1361 2601; x_wconf 88' lang='lat' dir='ltr'>peccato</span> <span class='ocrx_word' id='word_1_219' title='bbox 1402 2543 1547 2600; x_wconf 88' lang='lat' dir='ltr'>atque</span> <span class='ocrx_word' id='word_1_220' title='bbox 1588 2534 1828 2600; x_wconf 90' lang='lat' dir='ltr'>supplicio</span> 
     </span>
     <span class='ocr_line' id='line_1_29' title="bbox 143 2609 1917 2676; baseline 0 -19"><span class='ocrx_word' id='word_1_221' title='bbox 143 2609 286 2658; x_wconf 86' lang='lat' dir='ltr'>multi</span> <span class='ocrx_word' id='word_1_222' title='bbox 318 2609 472 2658; x_wconf 87' lang='lat' dir='ltr'>multa</span> <span class='ocrx_word' id='word_1_223' title='bbox 505 2617 785 2676; x_wconf 85' lang='lat' dir='ltr'>senserunt,</span> <span class='ocrx_word' id='word_1_224' title='bbox 824 2610 978 2659; x_wconf 83' lang='lat' dir='ltr'>multa</span> <span class='ocrx_word' id='word_1_225' title='bbox 1009 2609 1255 2676; x_wconf 86' lang='lat' dir='ltr'>dixerunt,</span> <span class='ocrx_word' id='word_1_226' title='bbox 1294 2609 1447 2659; x_wconf 87' lang='lat' dir='ltr'>multa</span> <span class='ocrx_word' id='word_1_227' title='bbox 1477 2609 1655 2658; x_wconf 85' lang='lat' dir='ltr'>litteris</span> <span class='ocrx_word' id='word_1_228' title='bbox 1695 2622 1827 2656; x_wconf 88' lang='lat' dir='ltr'>man·</span> <span class='ocrx_word' id='word_1_229' title='bbox 1860 2617 1917 2657; x_wconf 89' lang='lat'>30</span> 
     </span>
    </p>
   </div>
   <div class='ocr_carea' id='block_1_9' title="bbox 263 2720 1736 2778">
    <p class='ocr_par' dir='ltr' id='par_1_10' title="bbox 263 2720 1736 2778">
     <span class='ocr_line' id='line_1_30' title="bbox 263 2720 1736 2778; baseline -0.001 -14"><span class='ocrx_word' id='word_1_230' title='bbox 263 2723 307 2777; x_wconf 84' lang='lat'>4)</span> <span class='ocrx_word' id='word_1_231' title='bbox 339 2722 412 2767; x_wconf 88' lang='lat' dir='ltr'>Ps.</span> <span class='ocrx_word' id='word_1_232' title='bbox 449 2725 518 2778; x_wconf 84' lang='lat'>17,</span> <span class='ocrx_word' id='word_1_233' title='bbox 551 2726 591 2766; x_wconf 81' lang='lat'>2.</span> <span class='ocrx_word' id='word_1_234' title='bbox 657 2723 729 2776; x_wconf 84' lang='lat'>17)</span> <span class='ocrx_word' id='word_1_235' title='bbox 761 2721 892 2765; x_wconf 89' lang='lat' dir='ltr'>Rom.</span> <span class='ocrx_word' id='word_1_236' title='bbox 928 2728 967 2777; x_wconf 84' lang='lat'>1,</span> <span class='ocrx_word' id='word_1_237' title='bbox 1000 2726 1053 2764; x_wconf 79' lang='lat'>21</span> <span class='ocrx_word' id='word_1_238' title='bbox 1089 2736 1186 2776; x_wconf 86' lang='lat' dir='ltr'>sqq.</span> <span class='ocrx_word' id='word_1_239' title='bbox 1252 2723 1323 2777; x_wconf 78' lang='lat'>21)</span> <span class='ocrx_word' id='word_1_240' title='bbox 1358 2726 1398 2764; x_wconf 92' lang='lat'>1.</span> <span class='ocrx_word' id='word_1_241' title='bbox 1431 2720 1530 2765; x_wconf 85' lang='lat' dir='ltr'>Cor.</span> <span class='ocrx_word' id='word_1_242' title='bbox 1566 2725 1635 2776; x_wconf 87' lang='lat'>15,</span> <span class='ocrx_word' id='word_1_243' title='bbox 1667 2724 1736 2764; x_wconf 83' lang='lat'>28.</span> 
     </span>
    </p>
   </div>
   <div class='ocr_carea' id='block_1_10' title="bbox 262 2884 452 2928">
    <p class='ocr_par' dir='ltr' id='par_1_11' title="bbox 262 2884 452 2928">
     <span class='ocr_line' id='line_1_31' title="bbox 262 2884 452 2928; baseline 0.005 -2"><span class='ocrx_word' id='word_1_244' title='bbox 262 2884 452 2928; x_wconf 78' lang='lat' dir='ltr'>Svelv</span> 
     </span>
    </p>
   </div>
  </div>
 </body>
</html>
