2044 3146
226 139 329 193 188
903 150 939 184 S.
962 148 1236 185 Aneus'rm

224 266 357 331 ficio,
406 263 651 328 coniugali
696 264 804 312 iure
852 270 1067 330 servam,
1117 269 1169 312 ut
1207 278 1369 328 neque
1415 263 1510 312 hoc
1560 262 1767 330 faceret,
1814 263 1910 313 nisi

223 353 404 387 uxores
452 339 559 387 eius
606 337 655 386 id
702 337 810 385 fieri
856 335 1180 404 flagitassent,
1235 351 1359 402 quae
1416 338 1639 402 corporis
1693 337 1786 384 viri
1833 337 1911 388 sui

224 411 469 461 habebant
522 411 790 475 legitimam
842 417 1151 476 potestatem.
1243 409 1424 460 Genuit
1478 425 1596 475 ergo
1651 408 1913 459 duodecim

226 484 351 534 filios
393 493 442 534 et
480 499 628 534 unam
669 484 818 533 filiam
857 500 916 533 ex
957 491 1190 549 quattuor
1229 483 1534 534 mulieribus,
1612 482 1798 533 Deinde
1837 485 1910 532 in-

167 570 191 608 5
229 559 429 623 gressus
482 566 557 608 est
606 560 656 606 in
704 558 974 623 Aegyptum
1027 574 1117 623 per
1167 558 1320 607 filium
1373 573 1518 607 suum
1570 556 1771 624 Ioseph,
1825 557 1913 621 qui

227 633 454 682 venditus
495 631 554 681 ab
594 631 927 681 invidentibus
967 631 1202 681 fratribus
1243 647 1300 681 eo
1333 631 1604 696 perductus
1637 631 1730 680 fuit
1761 638 1913 695 atque

225 705 407 755 ibidem
450 705 753 755 sublimatus.

834 877 1028 932 CAPUT
1066 877 1312 932 XXXIX.

239 989 378 1046 Quae
418 990 552 1036 ratio
580 985 783 1047 fecerit,
824 991 881 1035 ut
904 986 1059 1036 Iacob
1085 988 1235 1036 etiam
1262 986 1431 1035 Israel
1451 988 1916 1047 coquominaretur.

149 1102 203 1140 10
384 1089 529 1139 Iacob
561 1096 725 1138 autem
759 1090 905 1138 etiam
928 1089 1095 1151 Israel,
1136 1091 1263 1139 sicut
1293 1088 1437 1154 paulo
1470 1095 1582 1138 ante
1623 1089 1738 1155 dixi,
1778 1104 1917 1138 voca—

230 1164 390 1230 batur,
431 1163 562 1228 quod
602 1178 782 1212 nomen
828 1165 982 1227 magis
1027 1163 1241 1228 populus
1282 1178 1341 1211 ex
1379 1163 1462 1211 illo
1502 1171 1791 1228 procreatus
1831 1163 1915 1212 ob-

230 1239 392 1287 tinuit.
478 1236 583 1286 Hoc
631 1244 795 1286 autem
842 1251 1024 1286 nomen
1070 1237 1140 1286 illi
1185 1235 1244 1286 ab
1293 1236 1464 1301 angelo
1509 1238 1779 1301 inpositum
1827 1244 1922 1304 est,

232 1314 316 1376 qui
363 1326 475 1360 cum
524 1311 606 1359 illo
655 1312 816 1359 suerat
862 1313 912 1359 in
962 1312 1138 1359 itinere
1187 1310 1246 1359 de
1285 1309 1635 1374 Mesopotamia
1674 1310 1915 1360 redeunte

231 1386 469 1450 luctatUS,
515 1392 686 1449 typum
726 1383 910 1433 Christi
949 1383 1312 1440 evidentissime
1352 1399 1544 1448 gerens,
1620 1383 1741 1432 Nam
1783 1383 1916 1448 quod

144 1468 198 1509 15
233 1461 278 1508 ei
309 1458 580 1524 praevaluit
604 1456 764 1524 Iacob,
802 1459 975 1522 utique
1007 1457 1205 1524 volenti,
1243 1465 1298 1506 ut
1337 1459 1627 1522 mysterium
1667 1458 1921 1525 figuraret,

235 1532 476 1597 significat
521 1533 802 1597 passionem
850 1530 1054 1598 Christi,
1109 1529 1195 1581 ubi
1241 1532 1331 1579 visi
1380 1538 1496 1580 sunt
1544 1533 1589 1580 ei
1634 1530 1917 1596 praevalere

234 1606 414 1656 Iudaei.
490 1604 554 1655 Et
591 1613 755 1655 tamen
792 1604 1189 1655 benedictionem
1229 1604 1288 1654 ab
1330 1605 1503 1654 eodem
1542 1605 1731 1672 angeIO,
1770 1619 1919 1669 quem

236 1687 574 1745 superaverat,
630 1681 929 1745 impetravit3
984 1695 1039 1728 ac
1094 1681 1166 1727 sic
1219 1679 1369 1747 huius
1423 1680 1636 1728 nominis
1686 1679 1920 1743 inpositio

237 1753 516 1802 benedictio
556 1754 663 1802 suit.
718 1752 1081 1818 Interpretatur
1120 1760 1283 1802 autem
1316 1751 1468 1802 Israel
1490 1751 1692 1820 „videns
1716 1747 1924 1819 Deum“,

147 1836 203 1876 2ο
238 1827 369 1892 quod
417 1829 512 1876 erit
558 1829 608 1875 in
656 1827 751 1876 fine
791 1828 1066 1892 praemium
1106 1834 1389 1876 sanctorum
1429 1828 1662 1894 omnium.
1739 1825 1922 1890 Tetigit

238 1915 387 1965 porro
434 1900 503 1949 illi
551 1900 680 1950 idem
729 1900 931 1964 angelus
978 1900 1112 1950 velut
1156 1899 1455 1966 praevalenti
1501 1898 1810 1950 latitudinem
1851 1900 1919 1948 se-

241 1976 389 2023 moris
436 1989 649 2038 eumque
696 1975 792 2023 isto
831 1974 976 2023 modo
1017 1973 1247 2024 claudum
1291 1973 1521 2023 reddidit.
1598 1973 1716 2022 Erat
1754 1975 1923 2036 itaque

239 2063 368 2096 unus
418 2055 563 2111 atque
610 2047 740 2096 idem
787 2045 932 2096 Jacob
979 2055 1028 2096 et
1072 2047 1364 2098 benedictus
1405 2054 1453 2096 et
1492 2046 1717 2112 claudus3
1771 2046 1920 2095 bene-

242 2121 402 2170 dictus
441 2122 492 2169 in
532 2122 626 2187 eiS,
665 2122 751 2185 qui
788 2122 839 2169 in
879 2119 1130 2172 Christum
1169 2136 1229 2170 ex
1268 2119 1441 2170 eodem
1480 2119 1661 2184 populo
1701 2119 1925 2168 credide·

150 2204 204 2243 25
239 2201 381 2260 runt,
420 2201 566 2258 atque
606 2195 657 2242 in
696 2193 976 2243 infidelibus
1017 2193 1234 2244 claudus
1311 2193 1434 2242 Nam
1474 2194 1676 2242 femoris
1714 2192 1925 2243 latitudo

237 2269 434 2332 generis
481 2267 745 2316 multitudo
794 2275 882 2316 est.
959 2266 1135 2317 Plures
1183 2269 1364 2332 quippe
1414 2275 1529 2316 sunt
1566 2269 1618 2315 in
1658 2282 1714 2316 ea
1754 2269 1926 2333 stirpe,

237 2341 296 2390 de
339 2339 518 2405 quibus
557 2340 849 2406 prophetice
888 2340 1195 2405 praedictum
1237 2348 1334 2390 est:
1390 2341 1456 2390 Et
1502 2342 1923 2391 claudicaverunt

237 2430 270 2465 a
308 2417 494 2464 semitis
531 2416 649 2464 suis.

356 2542 431 2597 22)
465 2540 576 2585 Gen.
611 2546 681 2596 32,
715 2546 784 2584 25.
849 2543 921 2598 28)
954 2541 1025 2584 Ps.
1062 2546 1131 2597 17,
1164 2547 1234 2586 46.

358 2737 385 2776 9
416 2731 582 2776 fecerit
612 2731 680 2785 F,·
715 2732 857 2776 fuerit
886 2745 910 2776 v
935 2733 950 2788 ΙΙ
977 2735 1030 2775 18
1062 2732 1199 2777 huius
1229 2745 1310 2776 om.
1343 2731 1395 2775 R.
