2004 3140
140 938 194 977 10

142 1307 195 1346 15

141 1675 197 1715 20

141 2043 197 2083 25

146 2409 202 2449 30

224 141 332 194 580
903 150 938 183 s.
962 148 1236 183 Auens'rmr

225 272 274 315 et
306 279 612 329 quac-umque
646 262 782 312 ibant
816 260 1167 311 convertebant
1205 263 1256 310 in
1297 277 1348 311 se
1389 263 1598 312 civitatis
1639 268 1906 327 aspectum.

224 338 471 404 Nonnulli,
510 339 595 401 qui
627 352 711 386 eos
744 335 858 385 alibi
891 335 1112 384 viderant
1143 350 1438 400 causamque
1471 338 1703 385 tremoris
1736 351 1910 385 eorum

225 420 487 477 noverant,
535 411 664 476 aliis,
705 417 758 459 ut
797 411 976 474 cuique
1014 415 1268 475 poterant,
1307 409 1600 460 indicabant.
1677 408 1821 458 Venit
1861 416 1910 458 et

224 485 426 552 Pascha,
465 491 610 550 atque
643 486 751 549 ipso
785 484 862 532 die
904 483 1147 532 dominico
1189 498 1346 549 mane,
1386 499 1499 532 cum
1536 486 1633 532 iam
1673 484 1908 548 frequens

225 559 437 625 populus
476 574 711 624 praesens
751 564 882 607 esset
929 564 978 606 et
1016 557 1111 605 loci
1151 559 1307 606 sancti
1347 557 1611 623 cancellos,
1658 557 1744 606 ubi
1783 572 1908 606 mar-

225 635 407 698 tyrium
448 639 566 698 erat,
605 631 737 680 idem
775 633 966 680 iuvenis
1007 646 1153 679 orans
1193 637 1408 698 teneret,
1448 637 1653 696 repente
1692 638 1909 696 prostra-

224 714 305 756 tus
338 713 414 756 est
445 713 494 755 et
526 707 790 755 dormienti
821 705 1096 754 simillimus
1128 706 1293 771 iacuit,
1332 720 1431 753 non
1470 711 1635 754 tamen
1675 711 1909 770 tremenS,

227 783 355 830 sicut
406 782 552 829 etiam
598 795 688 844 per
735 794 962 828 somnum
1009 777 1244 828 solebant.
1323 777 1649 843 Stupentibus
1697 780 1783 843 qui
1829 777 1909 827 ad-

226 861 368 904 erant
417 860 563 918 atque
616 853 721 902 aliis
772 852 1063 917 paventibus
1076 893 1089 919 ,
1137 853 1242 901 aliis
1290 851 1591 918 dolentibus,
1642 868 1755 901 cum
1795 866 1910 901 eum

228 927 425 993 quidam
471 927 650 976 vellent
696 929 909 992 erigere,
957 926 1178 975 nonnulli
1225 926 1588 991 prohibuerunt
1639 933 1687 975 et
1741 928 1907 990 potius

228 1003 413 1051 exitum
453 1001 813 1066 expectandum
853 1015 960 1049 esse
1002 1001 1247 1056 dixerunt.
1323 999 1386 1049 Et
1425 1015 1539 1049 ecce
1581 1002 1821 1066 surrexit,
1862 1007 1912 1049 et

228 1091 327 1124 non
366 1074 629 1141 tremebat,
668 1076 898 1139 quoniam
939 1080 1138 1123 sanatus
1180 1080 1309 1140 erat,
1350 1081 1399 1123 et
1438 1073 1596 1123 stabat
1633 1073 1911 1138 incolumiS,

226 1151 425 1199 intuens
471 1150 736 1198 intuentes
814 1148 935 1206 Quis
984 1163 1100 1213 ergo
1149 1163 1202 1196 se
1252 1150 1412 1197 tenuit
1451 1163 1478 1196 a
1516 1146 1742 1196 laudibus
1782 1143 1911 1196 Dei?

228 1222 552 1272 Clamantium
584 1221 1033 1287 gratulantiumque
1066 1221 1267 1271 vocibus
1308 1221 1516 1270 ecclesia
1555 1235 1911 1286 usquequaque

229 1296 470 1362 completa
525 1303 615 1344 est.
690 1295 808 1344 Inde
865 1295 923 1344 ad
974 1311 1052 1343 me
1101 1297 1346 1361 curritur,
1399 1294 1486 1344 ubi
1537 1294 1766 1344 sedebam
1817 1295 1913 1343 iam

227 1385 577 1435 processurus3
617 1371 770 1418 inruit
803 1369 926 1418 alter
966 1371 1175 1433 quisque
1214 1375 1327 1433 post
1366 1368 1589 1434 alterum,
1630 1369 1789 1417 omnis
1829 1383 1915 1432 po-

229 1445 409 1493 sterior
442 1444 582 1507 quasi
615 1458 809 1509 novum,
849 1442 981 1506 quod
1021 1442 1145 1491 alius
1183 1444 1321 1507 prior
1361 1442 1566 1509 dixerat,
1605 1444 1913 1507 nuntiantes;

228 1532 405 1582 meque
446 1516 689 1581 gaudente
738 1523 785 1565 et
832 1515 960 1581 apud
1008 1531 1085 1564 me
1125 1515 1226 1565 Deo
1266 1518 1446 1580 gratias
1486 1523 1660 1580 agente
1699 1514 1912 1580 ingredi-

228 1598 311 1640 tur
358 1592 504 1640 etiam
550 1591 655 1654 ipse
705 1605 818 1638 cum
863 1589 1112 1654 pluribUS,
1162 1589 1428 1639 inclinatur
1475 1589 1534 1638 ad
1581 1605 1740 1654 genua
1791 1603 1913 1654 mea,

230 1665 437 1729 erigitur
492 1664 551 1712 ad
612 1663 838 1712 osculum
899 1678 1079 1712 meum.
1157 1663 1479 1713 Procedimus
1541 1663 1599 1711 ad
1660 1662 1913 1728 populum,

227 1738 372 1804 plena
418 1745 523 1786 erat
571 1735 806 1802 ecclesia,
853 1736 1148 1802 personabat
1193 1736 1397 1786 vocibus
1444 1736 1757 1802 gaudiorum:
1811 1735 1913 1785 Deo

228 1813 431 1877 gratias,
470 1810 571 1859 Deo
611 1809 802 1859 laudes!
852 1812 1047 1859 nemine
1088 1817 1281 1860 tacente
1320 1810 1435 1859 hinc
1476 1817 1621 1875 atque
1661 1810 1775 1859 inde
1817 1809 1909 1858 cla-

228 1888 482 1935 mantium.
562 1884 776 1933 Salutavi
807 1884 1059 1951 populum,
1100 1891 1149 1933 et
1187 1899 1363 1934 rursus
1403 1884 1574 1933 eadem
1613 1884 1911 1933 ferventiore

229 1974 348 2008 voce
397 1957 682 2007 clamabant.
758 1957 906 2007 Facto
958 1958 1156 2007 tandem
1197 1957 1390 2007 silentio
1447 1959 1805 2023 scripturarum
1844 1956 1914 2005 di-

230 2034 454 2095 yinarum
495 2038 612 2080 sunt
650 2031 775 2080 lecta
815 2031 1083 2080 sollemnia.
1160 2030 1254 2080 Ubi
1297 2038 1460 2080 autem
1501 2038 1700 2080 ventum
1741 2037 1816 2079 est
1855 2030 1914 2079 ad

230 2108 328 2154 mei
360 2106 602 2154 sermonis
633 2104 811 2171 locum,
851 2105 950 2153 dixi
980 2120 1135 2169 pauca
1173 2120 1264 2169 pro
1303 2112 1526 2170 tempore
1567 2111 1617 2154 et
1654 2119 1744 2169 pro
1784 2103 1915 2152 illius

230 2178 534 2228 iucunditate
596 2178 822 2227 laetitiae.
899 2178 1051 2242 Magis
1107 2180 1238 2227 enim
1301 2194 1384 2227 eos
1439 2181 1489 2227 in
1544 2193 1693 2243 opere
1749 2177 1912 2226 divino

232 2251 474 2316 quandam
529 2250 618 2299 Dei
673 2251 1003 2315 eloquentiam
1058 2266 1157 2299 non
1213 2251 1409 2317 audire,
1463 2251 1550 2300 sed
1601 2250 1913 2300 considerare

231 2326 448 2390 permisi.
540 2323 808 2373 Nobiscum
869 2324 1014 2372 homo
1076 2324 1274 2389 prandit
1336 2331 1385 2373 et
1446 2324 1707 2389 diligenter
1773 2323 1915 2373 nobis

235 2414 430 2447 omnem
470 2413 586 2446 suae
639 2398 982 2462 fraternaeque
1023 2413 1078 2446 ac
1118 2404 1367 2447 maternae
1407 2397 1694 2447 calamitatis
1733 2398 1914 2447 indica-

235 2474 302 2521 vit
347 2471 616 2520 historiam.
696 2470 934 2536 Sequenti
979 2473 1143 2535 itaque
1192 2471 1270 2520 die
1316 2478 1429 2536 post
1475 2486 1754 2520 sermonem
1805 2471 1914 2519 red-

235 2545 391 2594 ditum
430 2546 726 2594 narrationis
767 2546 873 2594 eius
912 2544 1132 2594 libellum
1171 2547 1222 2593 in
1262 2547 1532 2594 crastinum
1570 2544 1751 2609 populo
1792 2540 1914 2593 reci·
1963 2556 1965 2558 ·

234 2619 437 2667 tandum
486 2620 704 2682 promisi.
791 2618 929 2676 Quod
987 2634 1100 2667 cum
1156 2634 1214 2667 ex
1269 2619 1512 2668 dominico
1566 2617 1780 2667 Paschae
1836 2617 1913 2666 die

354 2764 380 2802 8
413 2760 643 2804 somnium
672 2759 787 2803 R¹A
824 2761 840 2816 ΙΙ
875 2759 1086 2804 solebant
1116 2759 1186 2812 R‚·
1226 2759 1407 2804 solebat
1436 2759 1509 2803 Av
1547 2761 1563 2817 ΙΙ
1601 2764 1657 2804 26
1688 2772 1838 2817 pauca
1867 2759 1917 2802 in

234 2818 338 2862 loco
371 2818 416 2861 R
439 2820 454 2873 fl
479 2823 534 2861 30
566 2822 618 2862 ut
648 2819 798 2862 editur
828 2819 874 2862 A
883 2835 900 2871 ;
939 2818 1246 2863 fraternitatis
1279 2832 1333 2863 ac
1363 2820 1600 2863 maternae
1632 2817 1703 2871 Β,-
1734 2831 1787 2862 ac
1819 2831 1915 2861 ma.-

234 2878 395 2921 ternae
426 2876 747 2932 fraternaeque
778 2890 803 2921 v
