2004 3140
230 155 336 207 606
903 163 937 196 s.
961 163 1236 197 AUGUSTINI

228 278 522 343 bestiarum,
574 293 600 326 a
638 278 855 326 ferarum
896 276 971 326 vel
1010 277 1347 325 tantummodo
1389 276 1609 326 molestis
1647 277 1731 326 vel*
1763 279 1909 328 etiam

231 353 497 401 mortiferis
552 350 799 400 morsibus
811 390 825 416 ‚
881 366 906 399 a
960 350 1095 399 rabie
1151 365 1274 415 quae
1331 352 1571 414 contingit
1625 366 1685 399 ex
1738 351 1908 401 rabido

229 441 370 492 eane,
417 433 472 474 ut
517 427 662 474 etiam
709 424 885 474 blanda
931 433 980 474 et
1031 426 1183 474 amica
1223 439 1313 473 suo
1353 425 1551 473 domino
1591 423 1749 474 hestia
1787 441 1907 475 non·

228 515 497 564 numquam
536 499 875 548 vehementius
915 506 964 548 et
1003 500 1216 547 amarius
1257 513 1403 562 quam
1442 498 1610 547 leones
1650 498 1910 548 dracones·

170 584 195 622 5
230 588 324 636 que
373 580 622 622 metuatur
673 574 914 637 faciatque
962 572 1235 637 hominem,
1283 587 1428 636 quem
1481 572 1606 621 forte
1647 572 1911 622 adtamina-

229 649 375 713 verit‚
427 648 716 711 contagione
757 647 992 711 pestifera
1030 648 1097 695 ita
1142 645 1414 711 rabiosum,
1462 652 1518 694 ut
1557 661 1583 694 a
1621 646 1911 710 parentibus

229 723 436 785 coniuge
485 721 596 769 filiis
642 722 783 785 peius
839 722 973 769 omni
1023 719 1179 769 bestia
1235 718 1550 768 formidetur!
1615 720 1750 777 Quae
1788 720 1912 769 mala

227 796 482 863 patiuntur
544 793 846 858 navigantes!
918 809 1042 858 quae
1113 801 1310 843 terrena
1371 795 1549 842 itinera
1611 793 1911 858 gradientes!

229 868 350 926 Quis
383 867 597 917 ambulat
628 867 928 932 ubicumque
962 883 1060 916 non
1091 869 1356 932 inopinatis
1390 867 1650 916 subiacens
1683 865 1957 930 casihuffl,

142 953 193 991 10
227 942 295 990 De
336 943 443 990 foro
491 941 689 1006 quidam
736 942 933 991 rediens
986 942 1185 991 domum
1225 942 1356 990 sanis
1395 940 1605 1006 pedibus
1645 943 1747 991 suis
1786 943 1911 990 ceci-

228 1015 323 1082 dit,
370 1017 547 1080 pedem
595 1016 741 1080 fregit
789 1023 838 1064 et
886 1032 943 1064 ex
991 1015 1073 1064 illo
1122 1015 1324 1065 vulnere
1376 1015 1531 1064 finivit
1577 1015 1702 1064 hanc
1750 1017 1912 1065 vitam.

228 1089 356 1147 Quid
397 1090 589 1139 videtur
623 1090 825 1139 sedente
867 1087 1127 1139 securius?
1189 1088 1258 1137 De
1299 1088 1431 1155 sella,
1470 1090 1521 1137 in
1562 1104 1657 1153 qua
1697 1088 1912 1156 sedebat,

228 1163 405 1212 cecidit
454 1163 563 1212 Heli
614 1164 843 1212 sacerdos
893 1171 941 1212 et
990 1170 1217 1213 mortuus
1266 1170 1354 1212 est.
1431 1161 1712 1229 Agricolae,
1762 1164 1911 1211 immo

230 1253 342 1285 vero
391 1253 561 1286 omnes
609 1237 855 1304 homineS‚
903 1245 1023 1302 quot
1070 1245 1119 1286 et
1167 1243 1376 1302 quantos
1428 1252 1454 1285 a
1502 1236 1635 1285 caelo
1683 1243 1733 1285 et
1778 1243 1912 1286 terra

141 1320 193 1359 15
229 1310 302 1358 vel
342 1326 367 1358 a
407 1313 700 1375 perniciosis
747 1311 1038 1360 animalibus
1089 1326 1232 1360 casus
1272 1317 1501 1359 metuunt
1540 1325 1786 1374 agrorum
1810 1310 1911 1358 fru-

227 1383 411 1433 ctibus!
477 1384 646 1433 Solent
697 1392 860 1433 tamen
911 1385 971 1433 de
1024 1386 1284 1434 frumentis
1340 1383 1537 1432 tandem
1589 1383 1807 1432 collectis
1863 1391 1911 1432 et

226 1457 494 1506 reconditis
546 1473 654 1506 esse
711 1460 887 1507 securi.
975 1458 1070 1507 Sed
1124 1457 1442 1523 quibusdam,
1491 1457 1621 1521 quod
1671 1459 1911 1523 novimuS,

224 1538 519 1595 proventum
567 1533 806 1595 optimum
857 1533 1220 1581 frumentorum
1274 1531 1453 1580 fluvius
1502 1532 1781 1595 inprovisus
1834 1531 1905 1580 fu-

226 1604 474 1668 gientibus
507 1604 789 1654 hominibus
823 1605 882 1654 de
916 1606 1110 1654 horreis
1144 1607 1289 1654 eiecit
1321 1612 1467 1668 atque
1510 1603 1722 1653 abstulit.
1787 1603 1910 1653 Con-

138 1688 192 1726 20
225 1685 301 1726 tra
350 1678 668 1727 milleformes
719 1679 1014 1728 daemonum
1060 1681 1292 1740 incursus
1341 1680 1450 1742 quis
1502 1679 1783 1727 innocentia
1823 1693 1911 1727 sua

226 1749 365 1800 fidit?
398 1752 592 1816 quando
618 1753 831 1818 quidem,
864 1769 925 1802 ne
960 1755 1069 1817 quis
1102 1753 1291 1817 fideret,
1325 1753 1471 1800 etiam
1501 1751 1730 1816 parvulos
1755 1750 1909 1816 bapti-

225 1832 382 1891 zatOS,
435 1825 614 1890 quibus
667 1835 801 1875 certe
851 1826 971 1875 1111111
1019 1835 1094 1875 est
1141 1827 1482 1891 innocentum,
1531 1825 1788 1889 aliquando
1838 1827 1908 1874 sic

224 1906 425 1965 vexant,
481 1906 535 1948 ut
587 1901 639 1948 in
687 1902 758 1949 eis
804 1902 1013 1949 maxime
1065 1900 1166 1949 Deo
1217 1902 1309 1949 ista
1361 1900 1554 1947 sinente
1607 1906 1910 1948 monstretur

226 1972 373 2021 huius
414 1974 538 2021 vitae
579 1972 739 2022 flenda
779 1974 1025 2022 calamitas
1067 1981 1115 2022 et
1154 1974 1357 2023 alterius
1398 1971 1719 2020 desideranda
1759 1971 1908 2020 felici—

139 2055 193 2094 25
228 2053 316 2095 tas.
394 2046 493 2094 Iam
545 2062 661 2094 vero
714 2047 772 2095 de
825 2049 932 2112 ipso
985 2063 1191 2111 corpore
1240 2054 1313 2095 tot
1360 2047 1576 2094 existunt
1622 2045 1909 2094 morbo-rum

226 2119 372 2184 mala,
422 2126 475 2168 ut
515 2135 605 2168 nec
646 2120 784 2169 libris
824 2121 1130 2170 medicorum
1176 2127 1353 2170 cuncta
1404 2118 1743 2183 conprehensa
1790 2121 1909 2185 sint3

225 2194 274 2239 in
325 2207 536 2255 quorum
586 2193 812 2256 pluribus
860 2210 914 2243 30
961 2209 1116 2258 paene
1164 2193 1392 2242 omnibus
1445 2195 1590 2241 etiam
1629 2194 1735 2256 ipsa
1774 2191 1906 2240 adiu·

226 2272 389 2313 menta
430 2273 479 2313 et
518 2265 872 2315 medicamenta
911 2274 1155 2316 tormenta
1195 2274 1331 2327 sunt,
1372 2273 1427 2314 ut
1466 2265 1688 2314 homines
1729 2280 1755 2313 a
1792 2281 1906 2330 poe-

219 2354 421 2387 narum·
455 2340 603 2387 exitio
658 2340 852 2404 poenali
906 2348 1143 2389 eruantur
1198 2341 1389 2389 auxilio.
1473 2339 1645 2387 Nonne
1702 2338 1761 2387 ad
1814 2338 1907 2387 1100

137 2422 191 2461 30
224 2412 456 2476 perduxit
489 2414 712 2462 sitientes
744 2413 968 2462 homines
1012 2414 1158 2462 ardor
1197 2416 1421 2479 inmaniS‚
1461 2418 1517 2462 ut
1554 2413 1747 2461 urinam
1788 2427 1904 2476 quo-

225 2501 319 2548 que
368 2486 628 2534 humanam
677 2487 749 2535 vel
798 2489 944 2536 etiam
992 2503 1129 2536 suam
1180 2484 1444 2536 biberent?
1491 2501 1653 2534 nonne
1703 2485 1761 2533 ad
1812 2485 1905 2534 hoc

223 2560 398 2624 fameS‚
449 2566 503 2607 ut
543 2575 568 2607 a
609 2560 838 2609 carnibus
886 2561 1138 2610 hominum
1187 2577 1238 2609 se
1279 2561 1526 2609 abstinere
1567 2556 1665 2607 non'
1703 2566 1906 2623 possent

223 2647 314 2680 nec
355 2634 579 2680 inventos
619 2634 841 2683 homines
882 2641 1127 2700 mortuos,
1168 2635 1252 2683 sed
1291 2640 1495 2699 propter
1535 2632 1627 2680 hoc
1667 2647 1692 2680 a
1733 2647 1784 2680 se
1825 2647 1903 2680 oc-

223 2707 365 2771 01505,
406 2721 496 2754 1100
531 2707 774 2770 quoslibet
814 2708 1013 2774 alienos7
1052 2723 1222 2757 verum
1264 2710 1410 2757 etiam
1448 2706 1572 2755 filios
1612 2711 1793 2754 matres
1832 2707 1903 2753 in-

341 2897 365 2935 2
402 2893 474 2949 ex]
510 2907 537 2936 a
568 2892 613 2936 R
638 2894 651 2948 ΙΙ
677 2898 731 2935 23
765 2892 955 2950 sinente,
987 2893 1078 2936 ista
1109 2907 1133 2936 v
