<?xml version="1.0" encoding="UTF-8"?>
<!DOCTYPE html PUBLIC "-//W3C//DTD XHTML 1.0 Transitional//EN"
    "http://www.w3.org/TR/xhtml1/DTD/xhtml1-transitional.dtd">
<html xmlns="http://www.w3.org/1999/xhtml" xml:lang="en" lang="en">
 <head>
  <title>
</title>
<meta http-equiv="Content-Type" content="text/html;charset=utf-8" />
  <meta name='ocr-system' content='tesseract 3.04.00' />
  <meta name='ocr-capabilities' content='ocr_page ocr_carea ocr_par ocr_line ocrx_word'/>
</head>
<body>
  <div class='ocr_page' id='page_1' title='image "./decivitatedeilib02auguuoft_0601.png"; bbox 0 0 2004 3140; ppageno 0'>
   <div class='ocr_carea' id='block_1_1' title="bbox 537 161 1817 214">
    <p class='ocr_par' dir='ltr' id='par_1_1' title="bbox 537 161 1817 214">
     <span class='ocr_line' id='line_1_1' title="bbox 537 161 1817 214; baseline 0.006 -9"><span class='ocrx_word' id='word_1_1' title='bbox 537 173 604 205; x_wconf 84' lang='lat' dir='ltr'>DE</span> <span class='ocrx_word' id='word_1_2' title='bbox 629 171 868 206; x_wconf 69' lang='lat' dir='ltr'>cnu&#39;rA&#39;rE</span> <span class='ocrx_word' id='word_1_3' title='bbox 892 173 980 205; x_wconf 83' lang='lat' dir='ltr'>DEI</span> <span class='ocrx_word' id='word_1_4' title='bbox 1003 174 1046 206; x_wconf 82' lang='lat' dir='ltr'>L.</span> <span class='ocrx_word' id='word_1_5' title='bbox 1070 174 1192 205; x_wconf 80' lang='lat' dir='ltr'>xxu.</span> <span class='ocrx_word' id='word_1_6' title='bbox 1218 173 1254 206; x_wconf 86' lang='lat' dir='ltr'>c.</span> <span class='ocrx_word' id='word_1_7' title='bbox 1281 174 1332 206; x_wconf 90' lang='lat'>18.</span> <span class='ocrx_word' id='word_1_8' title='bbox 1358 174 1412 206; x_wconf 82' lang='lat'>19.</span> <span class='ocrx_word' id='word_1_9' title='bbox 1712 161 1817 214; x_wconf 80' lang='lat'>597</span> 
     </span>
    </p>
   </div>
   <div class='ocr_carea' id='block_1_2' title="bbox 132 285 1819 575">
    <p class='ocr_par' dir='ltr' id='par_1_2' title="bbox 132 285 1819 575">
     <span class='ocr_line' id='line_1_2' title="bbox 132 285 1819 352; baseline -0.002 -15"><span class='ocrx_word' id='word_1_10' title='bbox 132 288 391 352; x_wconf 78' lang='lat' dir='ltr'><em>plenitudo</em></span> <span class='ocrx_word' id='word_1_11' title='bbox 438 288 567 352; x_wconf 66' lang='grc' dir='ltr'><strong><em>εἰπε,</em></strong></span> <span class='ocrx_word' id='word_1_12' title='bbox 616 288 705 347; x_wconf 79' lang='lat' dir='ltr'>qm·</span> <span class='ocrx_word' id='word_1_13' title='bbox 749 288 916 336; x_wconf 79' lang='lat' dir='ltr'>omnia</span> <span class='ocrx_word' id='word_1_14' title='bbox 957 289 1008 335; x_wconf 76' lang='lat' dir='ltr'>in</span> <span class='ocrx_word' id='word_1_15' title='bbox 1048 287 1275 336; x_wconf 77' lang='lat' dir='ltr'>omnibus</span> <span class='ocrx_word' id='word_1_16' title='bbox 1316 289 1560 348; x_wconf 78' lang='lat' dir='ltr'>impletur.</span> <span class='ocrx_word' id='word_1_17' title='bbox 1638 285 1819 334; x_wconf 90' lang='lat' dir='ltr'>Verum</span> 
     </span>
     <span class='ocr_line' id='line_1_3' title="bbox 138 360 1818 425; baseline -0.002 -14"><span class='ocrx_word' id='word_1_18' title='bbox 138 364 179 411; x_wconf 91' lang='lat' dir='ltr'>si</span> <span class='ocrx_word' id='word_1_19' title='bbox 225 361 317 410; x_wconf 90' lang='lat' dir='ltr'>hoc</span> <span class='ocrx_word' id='word_1_20' title='bbox 365 361 424 409; x_wconf 89' lang='lat' dir='ltr'>ad</span> <span class='ocrx_word' id='word_1_21' title='bbox 470 361 852 409; x_wconf 87' lang='lat' dir='ltr'>resurrectionis</span> <span class='ocrx_word' id='word_1_22' title='bbox 892 360 1120 422; x_wconf 87' lang='lat' dir='ltr'>formam,</span> <span class='ocrx_word' id='word_1_23' title='bbox 1174 362 1224 409; x_wconf 93' lang='lat' dir='ltr'>in</span> <span class='ocrx_word' id='word_1_24' title='bbox 1273 375 1369 425; x_wconf 86' lang='lat' dir='ltr'>qua</span> <span class='ocrx_word' id='word_1_25' title='bbox 1415 362 1510 409; x_wconf 88' lang='lat' dir='ltr'>erit</span> <span class='ocrx_word' id='word_1_26' title='bbox 1555 361 1818 424; x_wconf 91' lang='lat' dir='ltr'>unusquis-</span> 
     </span>
     <span class='ocr_line' id='line_1_4' title="bbox 138 433 1819 501; baseline -0.002 -17"><span class='ocrx_word' id='word_1_27' title='bbox 138 451 248 501; x_wconf 90' lang='lat' dir='ltr'>que,</span> <span class='ocrx_word' id='word_1_28' title='bbox 287 433 604 483; x_wconf 86' lang='lat' dir='ltr'>referendum</span> <span class='ocrx_word' id='word_1_29' title='bbox 646 442 798 500; x_wconf 86' lang='lat' dir='ltr'>esset,</span> <span class='ocrx_word' id='word_1_30' title='bbox 839 434 956 498; x_wconf 90' lang='lat' dir='ltr'>quid</span> <span class='ocrx_word' id='word_1_31' title='bbox 997 450 1087 483; x_wconf 94' lang='lat' dir='ltr'>nos</span> <span class='ocrx_word' id='word_1_32' title='bbox 1126 434 1386 499; x_wconf 87' lang='lat' dir='ltr'>impediret</span> <span class='ocrx_word' id='word_1_33' title='bbox 1427 435 1674 483; x_wconf 90' lang='lat' dir='ltr'>nominato</span> <span class='ocrx_word' id='word_1_34' title='bbox 1715 435 1819 482; x_wconf 87' lang='lat' dir='ltr'>viro</span> 
     </span>
     <span class='ocr_line' id='line_1_5' title="bbox 135 508 1819 575; baseline -0.002 -17"><span class='ocrx_word' id='word_1_35' title='bbox 135 508 419 573; x_wconf 80' lang='lat' dir='ltr'>intellegere</span> <span class='ocrx_word' id='word_1_36' title='bbox 462 514 511 557; x_wconf 89' lang='lat' dir='ltr'>et</span> <span class='ocrx_word' id='word_1_37' title='bbox 544 508 787 575; x_wconf 85' lang='lat' dir='ltr'>seminam,</span> <span class='ocrx_word' id='word_1_38' title='bbox 828 515 883 557; x_wconf 86' lang='lat' dir='ltr'>ut</span> <span class='ocrx_word' id='word_1_39' title='bbox 922 510 1081 557; x_wconf 91' lang='lat' dir='ltr'>virum</span> <span class='ocrx_word' id='word_1_40' title='bbox 1120 524 1210 573; x_wconf 93' lang='lat' dir='ltr'>pro</span> <span class='ocrx_word' id='word_1_41' title='bbox 1254 508 1448 556; x_wconf 85' lang='lat' dir='ltr'>homine</span> <span class='ocrx_word' id='word_1_42' title='bbox 1488 509 1704 572; x_wconf 87' lang='lat' dir='ltr'>positum</span> <span class='ocrx_word' id='word_1_43' title='bbox 1744 523 1819 556; x_wconf 85' lang='lat' dir='ltr'>ac-</span> 
     </span>
    </p>
   </div>
   <div class='ocr_carea' id='block_1_3' title="bbox 138 578 1825 648">
    <p class='ocr_par' dir='ltr' id='par_1_3' title="bbox 138 578 1825 648">
     <span class='ocr_line' id='line_1_6' title="bbox 138 578 1825 648; baseline -0.001 -17"><span class='ocrx_word' id='word_1_44' title='bbox 138 578 453 648; x_wconf 77' lang='lat' dir='ltr'>ciperemus?</span> <span class='ocrx_word' id='word_1_45' title='bbox 493 583 621 631; x_wconf 89' lang='lat' dir='ltr'>sicut</span> <span class='ocrx_word' id='word_1_46' title='bbox 658 584 709 631; x_wconf 94' lang='lat' dir='ltr'>in</span> <span class='ocrx_word' id='word_1_47' title='bbox 750 598 807 631; x_wconf 89' lang='lat' dir='ltr'>eo</span> <span class='ocrx_word' id='word_1_48' title='bbox 848 582 979 647; x_wconf 90' lang='lat' dir='ltr'>quod</span> <span class='ocrx_word' id='word_1_49' title='bbox 1019 582 1205 632; x_wconf 88' lang='lat' dir='ltr'>dictum</span> <span class='ocrx_word' id='word_1_50' title='bbox 1245 589 1345 631; x_wconf 88' lang='lat' dir='ltr'>est:</span> <span class='ocrx_word' id='word_1_51' title='bbox 1393 582 1580 631; x_wconf 82' lang='lat' dir='ltr'>Beatus</span> <span class='ocrx_word' id='word_1_52' title='bbox 1619 585 1697 631; x_wconf 75' lang='lat' dir='ltr'>vir</span> <span class='ocrx_word' id='word_1_53' title='bbox 1736 583 1825 642; x_wconf 73' lang='lat' dir='ltr'>qul</span> 
     </span>
    </p>
   </div>
   <div class='ocr_carea' id='block_1_4' title="bbox 137 655 1822 779">
    <p class='ocr_par' dir='ltr' id='par_1_4' title="bbox 137 655 1822 779">
     <span class='ocr_line' id='line_1_7' title="bbox 138 655 1822 722; baseline -0.001 -17"><span class='ocrx_word' id='word_1_54' title='bbox 138 660 275 706; x_wconf 76' lang='lat' dir='ltr'>timet</span> <span class='ocrx_word' id='word_1_55' title='bbox 312 657 599 717; x_wconf 78' lang='lat' dir='ltr'>Dominum,</span> <span class='ocrx_word' id='word_1_56' title='bbox 639 658 810 720; x_wconf 91' lang='lat' dir='ltr'>utique</span> <span class='ocrx_word' id='word_1_57' title='bbox 850 655 920 705; x_wconf 90' lang='lat' dir='ltr'>ibi</span> <span class='ocrx_word' id='word_1_58' title='bbox 960 663 1077 706; x_wconf 92' lang='lat' dir='ltr'>sunt</span> <span class='ocrx_word' id='word_1_59' title='bbox 1116 663 1165 705; x_wconf 89' lang='lat' dir='ltr'>et</span> <span class='ocrx_word' id='word_1_60' title='bbox 1204 656 1440 722; x_wconf 87' lang='lat' dir='ltr'>feminae,</span> <span class='ocrx_word' id='word_1_61' title='bbox 1482 671 1604 719; x_wconf 88' lang='lat' dir='ltr'>quae</span> <span class='ocrx_word' id='word_1_62' title='bbox 1645 657 1822 704; x_wconf 90' lang='lat' dir='ltr'>timent</span> 
     </span>
     <span class='ocr_line' id='line_1_8' title="bbox 137 729 413 779; baseline 0.004 -1"><span class='ocrx_word' id='word_1_63' title='bbox 137 729 413 779; x_wconf 90' lang='lat' dir='ltr'>Dominum.</span> 
     </span>
    </p>
   </div>
   <div class='ocr_carea' id='block_1_5' title="bbox 742 873 1158 928">
    <p class='ocr_par' dir='ltr' id='par_1_5' title="bbox 742 873 1158 928">
     <span class='ocr_line' id='line_1_9' title="bbox 742 873 1158 928; baseline -0.002 0"><span class='ocrx_word' id='word_1_64' title='bbox 742 914 746 920; x_wconf 81' lang='lat'>·</span> <span class='ocrx_word' id='word_1_65' title='bbox 786 873 983 928; x_wconf 81' lang='lat' dir='ltr'><strong>CAPUT</strong></span> <span class='ocrx_word' id='word_1_66' title='bbox 1015 875 1158 928; x_wconf 90' lang='lat' dir='ltr'>XIX.</span> 
     </span>
    </p>
   </div>
   <div class='ocr_carea' id='block_1_6' title="bbox 139 982 1824 1265">
    <p class='ocr_par' dir='ltr' id='par_1_6' title="bbox 147 982 1823 1047">
     <span class='ocr_line' id='line_1_10' title="bbox 147 982 1823 1047; baseline -0.001 -16"><span class='ocrx_word' id='word_1_67' title='bbox 147 983 293 1042; x_wconf 78' lang='lat' dir='ltr'>Quod</span> <span class='ocrx_word' id='word_1_68' title='bbox 340 985 506 1031; x_wconf 75' lang='lat' dir='ltr'>omnia</span> <span class='ocrx_word' id='word_1_69' title='bbox 557 985 787 1044; x_wconf 77' lang='lat' dir='ltr'>corporis</span> <span class='ocrx_word' id='word_1_70' title='bbox 840 985 987 1047; x_wconf 72' lang='lat' dir='ltr'>vitia,</span> <span class='ocrx_word' id='word_1_71' title='bbox 1034 998 1164 1044; x_wconf 80' lang='lat' dir='ltr'>quae</span> <span class='ocrx_word' id='word_1_72' title='bbox 1213 985 1263 1031; x_wconf 74' lang='lat' dir='ltr'>in</span> <span class='ocrx_word' id='word_1_73' title='bbox 1310 984 1409 1031; x_wconf 76' lang='lat' dir='ltr'>hac</span> <span class='ocrx_word' id='word_1_74' title='bbox 1457 984 1559 1030; x_wconf 73' lang='lat' dir='ltr'>vita</span> <span class='ocrx_word' id='word_1_75' title='bbox 1605 982 1823 1030; x_wconf 79' lang='lat' dir='ltr'>humano</span> 
     </span>
    </p>

    <p class='ocr_par' dir='ltr' id='par_1_7' title="bbox 139 1055 1822 1118">
     <span class='ocr_line' id='line_1_11' title="bbox 139 1055 1822 1118; baseline -0.002 -12"><span class='ocrx_word' id='word_1_76' title='bbox 139 1059 406 1106; x_wconf 77' lang='lat' dir='ltr'>contraria</span> <span class='ocrx_word' id='word_1_77' title='bbox 445 1062 563 1105; x_wconf 74' lang='lat' dir='ltr'>sunt</span> <span class='ocrx_word' id='word_1_78' title='bbox 601 1059 796 1118; x_wconf 76' lang='lat' dir='ltr'>decori,</span> <span class='ocrx_word' id='word_1_79' title='bbox 846 1059 896 1105; x_wconf 75' lang='lat' dir='ltr'>in</span> <span class='ocrx_word' id='word_1_80' title='bbox 938 1059 1314 1106; x_wconf 70' lang='lat' dir='ltr'>resurrectione</span> <span class='ocrx_word' id='word_1_81' title='bbox 1353 1070 1452 1105; x_wconf 77' lang='lat' dir='ltr'>non</span> <span class='ocrx_word' id='word_1_82' title='bbox 1491 1058 1594 1104; x_wconf 74' lang='lat' dir='ltr'>sint</span> <span class='ocrx_word' id='word_1_83' title='bbox 1625 1055 1822 1117; x_wconf 82' lang='lat' dir='ltr'>futura,</span> 
     </span>
    </p>

    <p class='ocr_par' dir='ltr' id='par_1_8' title="bbox 139 1130 1824 1265">
     <span class='ocr_line' id='line_1_12' title="bbox 139 1130 1824 1191; baseline -0.001 -12"><span class='ocrx_word' id='word_1_84' title='bbox 139 1131 229 1179; x_wconf 79' lang='lat' dir='ltr'>ubi</span> <span class='ocrx_word' id='word_1_85' title='bbox 266 1136 498 1179; x_wconf 77' lang='lat' dir='ltr'>manente</span> <span class='ocrx_word' id='word_1_86' title='bbox 529 1133 759 1179; x_wconf 79' lang='lat' dir='ltr'>naturali</span> <span class='ocrx_word' id='word_1_87' title='bbox 787 1131 1071 1179; x_wconf 76' lang='lat' dir='ltr'>substantia</span> <span class='ocrx_word' id='word_1_88' title='bbox 1113 1133 1163 1179; x_wconf 74' lang='lat' dir='ltr'>in</span> <span class='ocrx_word' id='word_1_89' title='bbox 1203 1145 1356 1179; x_wconf 79' lang='lat' dir='ltr'>unam</span> <span class='ocrx_word' id='word_1_90' title='bbox 1388 1130 1824 1191; x_wconf 73' lang='lat' dir='ltr'>pulchritudinem</span> 
     </span>
     <span class='ocr_line' id='line_1_13' title="bbox 474 1207 1489 1265; baseline -0.001 -12"><span class='ocrx_word' id='word_1_91' title='bbox 474 1210 522 1253; x_wconf 84' lang='lat' dir='ltr'>et</span> <span class='ocrx_word' id='word_1_92' title='bbox 560 1207 780 1265; x_wconf 76' lang='lat' dir='ltr'>qualitas</span> <span class='ocrx_word' id='word_1_93' title='bbox 820 1211 1095 1254; x_wconf 79' lang='lat' dir='ltr'><em>concurret</em></span> <span class='ocrx_word' id='word_1_94' title='bbox 1133 1210 1182 1254; x_wconf 83' lang='lat' dir='ltr'>et</span> <span class='ocrx_word' id='word_1_95' title='bbox 1219 1207 1489 1265; x_wconf 74' lang='lat' dir='ltr'><em>quantitas,</em></span> 
     </span>
    </p>
   </div>
   <div class='ocr_carea' id='block_1_7' title="bbox 137 1302 1826 2551">
    <p class='ocr_par' dir='ltr' id='par_1_9' title="bbox 137 1302 1826 2551">
     <span class='ocr_line' id='line_1_14' title="bbox 288 1302 1824 1372; baseline -0.001 -17"><span class='ocrx_word' id='word_1_96' title='bbox 288 1306 415 1364; x_wconf 87' lang='lat' dir='ltr'>Quid</span> <span class='ocrx_word' id='word_1_97' title='bbox 467 1309 563 1356; x_wconf 89' lang='lat' dir='ltr'>iam</span> <span class='ocrx_word' id='word_1_98' title='bbox 614 1307 938 1372; x_wconf 81' lang='lat' dir='ltr'>respondeam</span> <span class='ocrx_word' id='word_1_99' title='bbox 990 1307 1048 1356; x_wconf 90' lang='lat' dir='ltr'>de</span> <span class='ocrx_word' id='word_1_100' title='bbox 1101 1307 1288 1372; x_wconf 82' lang='lat' dir='ltr'>capillis</span> <span class='ocrx_word' id='word_1_101' title='bbox 1339 1314 1486 1371; x_wconf 90' lang='lat' dir='ltr'>atque</span> <span class='ocrx_word' id='word_1_102' title='bbox 1538 1302 1824 1371; x_wconf 82' lang='lat' dir='ltr'>unguibus?</span> 
     </span>
     <span class='ocr_line' id='line_1_15' title="bbox 141 1379 1822 1446; baseline -0.001 -16"><span class='ocrx_word' id='word_1_103' title='bbox 141 1381 303 1430; x_wconf 90' lang='lat' dir='ltr'>Semel</span> <span class='ocrx_word' id='word_1_104' title='bbox 350 1382 531 1446; x_wconf 89' lang='lat' dir='ltr'>quippe</span> <span class='ocrx_word' id='word_1_105' title='bbox 578 1381 830 1430; x_wconf 87' lang='lat' dir='ltr'>intellecto</span> <span class='ocrx_word' id='word_1_106' title='bbox 880 1383 947 1430; x_wconf 90' lang='lat' dir='ltr'>ita</span> <span class='ocrx_word' id='word_1_107' title='bbox 986 1381 1107 1430; x_wconf 88' lang='lat' dir='ltr'>nihil</span> <span class='ocrx_word' id='word_1_108' title='bbox 1146 1383 1425 1446; x_wconf 87' lang='lat' dir='ltr'>periturum</span> <span class='ocrx_word' id='word_1_109' title='bbox 1466 1395 1574 1430; x_wconf 86' lang='lat' dir='ltr'>esse</span> <span class='ocrx_word' id='word_1_110' title='bbox 1615 1379 1674 1428; x_wconf 92' lang='lat' dir='ltr'>de</span> <span class='ocrx_word' id='word_1_111' title='bbox 1716 1394 1822 1428; x_wconf 85' lang='lat' dir='ltr'>cor·</span> 
     </span>
     <span class='ocr_line' id='line_1_16' title="bbox 137 1453 1822 1521; baseline -0.001 -18"><span class='ocrx_word' id='word_1_112' title='bbox 137 1470 282 1521; x_wconf 91' lang='lat' dir='ltr'>pore,</span> <span class='ocrx_word' id='word_1_113' title='bbox 333 1462 388 1504; x_wconf 86' lang='lat' dir='ltr'>ut</span> <span class='ocrx_word' id='word_1_114' title='bbox 435 1454 654 1504; x_wconf 84' lang='lat' dir='ltr'>deforme</span> <span class='ocrx_word' id='word_1_115' title='bbox 696 1455 817 1504; x_wconf 90' lang='lat' dir='ltr'>nihil</span> <span class='ocrx_word' id='word_1_116' title='bbox 857 1457 920 1504; x_wconf 89' lang='lat' dir='ltr'>sit</span> <span class='ocrx_word' id='word_1_117' title='bbox 958 1457 1009 1504; x_wconf 92' lang='lat' dir='ltr'>in</span> <span class='ocrx_word' id='word_1_118' title='bbox 1049 1470 1284 1521; x_wconf 85' lang='lat' dir='ltr'>corpore,</span> <span class='ocrx_word' id='word_1_119' title='bbox 1336 1454 1481 1504; x_wconf 90' lang='lat' dir='ltr'>simul</span> <span class='ocrx_word' id='word_1_120' title='bbox 1520 1453 1822 1518; x_wconf 88' lang='lat' dir='ltr'>intellegitur</span> 
     </span>
     <span class='ocr_line' id='line_1_17' title="bbox 141 1528 1823 1595; baseline -0.001 -18"><span class='ocrx_word' id='word_1_121' title='bbox 141 1544 218 1595; x_wconf 86' lang='lat' dir='ltr'>ea,</span> <span class='ocrx_word' id='word_1_122' title='bbox 268 1544 391 1593; x_wconf 90' lang='lat' dir='ltr'>quae</span> <span class='ocrx_word' id='word_1_123' title='bbox 439 1528 710 1578; x_wconf 84' lang='lat' dir='ltr'>deformem</span> <span class='ocrx_word' id='word_1_124' title='bbox 760 1530 949 1579; x_wconf 86' lang='lat' dir='ltr'>factura</span> <span class='ocrx_word' id='word_1_125' title='bbox 989 1529 1186 1578; x_wconf 85' lang='lat' dir='ltr'>fuerant</span> <span class='ocrx_word' id='word_1_126' title='bbox 1226 1531 1596 1594; x_wconf 81' lang='lat' dir='ltr'>enormitatem,</span> <span class='ocrx_word' id='word_1_127' title='bbox 1635 1542 1823 1576; x_wconf 86' lang='lat' dir='ltr'>massae</span> 
     </span>
     <span class='ocr_line' id='line_1_18' title="bbox 139 1601 1823 1669; baseline -0.001 -19"><span class='ocrx_word' id='word_1_128' title='bbox 139 1604 234 1667; x_wconf 92' lang='lat' dir='ltr'>ipsi</span> <span class='ocrx_word' id='word_1_129' title='bbox 273 1617 532 1651; x_wconf 82' lang='lat' dir='ltr'>accessura</span> <span class='ocrx_word' id='word_1_130' title='bbox 571 1618 703 1669; x_wconf 89' lang='lat' dir='ltr'>esse,</span> <span class='ocrx_word' id='word_1_131' title='bbox 742 1618 841 1651; x_wconf 92' lang='lat' dir='ltr'>non</span> <span class='ocrx_word' id='word_1_132' title='bbox 881 1603 1000 1652; x_wconf 91' lang='lat' dir='ltr'>locis</span> <span class='ocrx_word' id='word_1_133' title='bbox 1040 1605 1091 1652; x_wconf 94' lang='lat' dir='ltr'>in</span> <span class='ocrx_word' id='word_1_134' title='bbox 1131 1603 1311 1668; x_wconf 87' lang='lat' dir='ltr'>quibus</span> <span class='ocrx_word' id='word_1_135' title='bbox 1351 1602 1688 1651; x_wconf 89' lang='lat' dir='ltr'>membrorum</span> <span class='ocrx_word' id='word_1_136' title='bbox 1726 1601 1823 1649; x_wconf 84' lang='lat' dir='ltr'>for-</span> 
     </span>
     <span class='ocr_line' id='line_1_19' title="bbox 140 1675 1824 1741; baseline -0.002 -16"><span class='ocrx_word' id='word_1_137' title='bbox 140 1691 216 1725; x_wconf 87' lang='lat' dir='ltr'>ma</span> <span class='ocrx_word' id='word_1_138' title='bbox 263 1683 508 1741; x_wconf 84' lang='lat' dir='ltr'>turpetur.</span> <span class='ocrx_word' id='word_1_139' title='bbox 584 1675 727 1726; x_wconf 88' lang='lat' dir='ltr'>Velut</span> <span class='ocrx_word' id='word_1_140' title='bbox 777 1679 819 1725; x_wconf 90' lang='lat' dir='ltr'>si</span> <span class='ocrx_word' id='word_1_141' title='bbox 865 1677 924 1726; x_wconf 93' lang='lat' dir='ltr'>de</span> <span class='ocrx_word' id='word_1_142' title='bbox 970 1676 1086 1725; x_wconf 92' lang='lat' dir='ltr'>limo</span> <span class='ocrx_word' id='word_1_143' title='bbox 1134 1691 1216 1725; x_wconf 90' lang='lat' dir='ltr'>vas</span> <span class='ocrx_word' id='word_1_144' title='bbox 1266 1677 1429 1737; x_wconf 88' lang='lat' dir='ltr'>fieret,</span> <span class='ocrx_word' id='word_1_145' title='bbox 1478 1675 1609 1740; x_wconf 89' lang='lat' dir='ltr'>quod</span> <span class='ocrx_word' id='word_1_146' title='bbox 1648 1689 1824 1724; x_wconf 89' lang='lat' dir='ltr'>rursus</span> 
     </span>
     <span class='ocr_line' id='line_1_20' title="bbox 140 1749 1824 1813; baseline -0.001 -15"><span class='ocrx_word' id='word_1_147' title='bbox 140 1751 190 1798; x_wconf 90' lang='lat' dir='ltr'>in</span> <span class='ocrx_word' id='word_1_148' title='bbox 232 1749 443 1799; x_wconf 90' lang='lat' dir='ltr'>eundem</span> <span class='ocrx_word' id='word_1_149' title='bbox 490 1750 661 1799; x_wconf 88' lang='lat' dir='ltr'>limum</span> <span class='ocrx_word' id='word_1_150' title='bbox 712 1750 966 1800; x_wconf 84' lang='lat' dir='ltr'>redactum</span> <span class='ocrx_word' id='word_1_151' title='bbox 1005 1757 1163 1800; x_wconf 89' lang='lat' dir='ltr'>totum</span> <span class='ocrx_word' id='word_1_152' title='bbox 1204 1750 1263 1799; x_wconf 90' lang='lat' dir='ltr'>de</span> <span class='ocrx_word' id='word_1_153' title='bbox 1303 1757 1407 1799; x_wconf 89' lang='lat' dir='ltr'>toto</span> <span class='ocrx_word' id='word_1_154' title='bbox 1447 1751 1629 1799; x_wconf 88' lang='lat' dir='ltr'>iterum</span> <span class='ocrx_word' id='word_1_155' title='bbox 1667 1749 1824 1813; x_wconf 86' lang='lat' dir='ltr'>fieret,</span> 
     </span>
     <span class='ocr_line' id='line_1_21' title="bbox 141 1823 1823 1889; baseline -0.001 -17"><span class='ocrx_word' id='word_1_156' title='bbox 141 1839 239 1872; x_wconf 90' lang='lat' dir='ltr'>non</span> <span class='ocrx_word' id='word_1_157' title='bbox 280 1831 411 1873; x_wconf 87' lang='lat' dir='ltr'>esset</span> <span class='ocrx_word' id='word_1_158' title='bbox 448 1839 654 1873; x_wconf 89' lang='lat' dir='ltr'>necesse</span> <span class='ocrx_word' id='word_1_159' title='bbox 693 1832 748 1874; x_wconf 90' lang='lat' dir='ltr'>ut</span> <span class='ocrx_word' id='word_1_160' title='bbox 786 1824 867 1874; x_wconf 89' lang='lat' dir='ltr'>illa</span> <span class='ocrx_word' id='word_1_161' title='bbox 914 1839 1027 1889; x_wconf 87' lang='lat' dir='ltr'>pars</span> <span class='ocrx_word' id='word_1_162' title='bbox 1066 1824 1190 1885; x_wconf 84' lang='lat' dir='ltr'>limi,</span> <span class='ocrx_word' id='word_1_163' title='bbox 1238 1839 1363 1888; x_wconf 89' lang='lat' dir='ltr'>quae</span> <span class='ocrx_word' id='word_1_164' title='bbox 1403 1825 1454 1872; x_wconf 94' lang='lat' dir='ltr'>in</span> <span class='ocrx_word' id='word_1_165' title='bbox 1494 1838 1608 1872; x_wconf 86' lang='lat' dir='ltr'>ansa</span> <span class='ocrx_word' id='word_1_166' title='bbox 1650 1823 1823 1887; x_wconf 88' lang='lat' dir='ltr'>suerat,</span> 
     </span>
     <span class='ocr_line' id='line_1_22' title="bbox 142 1897 1824 1964; baseline -0.001 -19"><span class='ocrx_word' id='word_1_167' title='bbox 142 1897 201 1946; x_wconf 88' lang='lat' dir='ltr'>ad</span> <span class='ocrx_word' id='word_1_168' title='bbox 241 1912 408 1946; x_wconf 88' lang='lat' dir='ltr'>ansam</span> <span class='ocrx_word' id='word_1_169' title='bbox 447 1897 654 1964; x_wconf 81' lang='lat' dir='ltr'>rediret,</span> <span class='ocrx_word' id='word_1_170' title='bbox 702 1905 786 1948; x_wconf 87' lang='lat' dir='ltr'>aut</span> <span class='ocrx_word' id='word_1_171' title='bbox 833 1913 958 1962; x_wconf 86' lang='lat' dir='ltr'>quae</span> <span class='ocrx_word' id='word_1_172' title='bbox 998 1898 1205 1948; x_wconf 83' lang='lat' dir='ltr'>fundum</span> <span class='ocrx_word' id='word_1_173' title='bbox 1246 1898 1452 1964; x_wconf 83' lang='lat' dir='ltr'>fecerat,</span> <span class='ocrx_word' id='word_1_174' title='bbox 1503 1899 1607 1962; x_wconf 89' lang='lat' dir='ltr'>ipsa</span> <span class='ocrx_word' id='word_1_175' title='bbox 1648 1911 1824 1946; x_wconf 88' lang='lat' dir='ltr'>rursus</span> 
     </span>
     <span class='ocr_line' id='line_1_23' title="bbox 142 1971 1824 2038; baseline -0.001 -19"><span class='ocrx_word' id='word_1_176' title='bbox 142 1971 327 2020; x_wconf 85' lang='lat' dir='ltr'>faceret</span> <span class='ocrx_word' id='word_1_177' title='bbox 366 1971 587 2038; x_wconf 86' lang='lat' dir='ltr'>fundum,</span> <span class='ocrx_word' id='word_1_178' title='bbox 627 1972 745 2022; x_wconf 88' lang='lat' dir='ltr'>dum</span> <span class='ocrx_word' id='word_1_179' title='bbox 784 1979 948 2021; x_wconf 88' lang='lat' dir='ltr'>tamen</span> <span class='ocrx_word' id='word_1_180' title='bbox 987 1978 1147 2021; x_wconf 90' lang='lat' dir='ltr'>totum</span> <span class='ocrx_word' id='word_1_181' title='bbox 1186 1978 1524 2021; x_wconf 84' lang='lat' dir='ltr'>reverteretur</span> <span class='ocrx_word' id='word_1_182' title='bbox 1561 1972 1612 2019; x_wconf 93' lang='lat' dir='ltr'>in</span> <span class='ocrx_word' id='word_1_183' title='bbox 1653 1977 1824 2035; x_wconf 89' lang='lat' dir='ltr'>totum,</span> 
     </span>
     <span class='ocr_line' id='line_1_24' title="bbox 141 2042 1826 2110; baseline -0.001 -18"><span class='ocrx_word' id='word_1_184' title='bbox 141 2043 190 2092; x_wconf 95' lang='lat' dir='ltr'>id</span> <span class='ocrx_word' id='word_1_185' title='bbox 246 2051 349 2110; x_wconf 89' lang='lat' dir='ltr'>est,</span> <span class='ocrx_word' id='word_1_186' title='bbox 404 2050 536 2094; x_wconf 82' lang='lat' dir='ltr'>totus</span> <span class='ocrx_word' id='word_1_187' title='bbox 586 2045 666 2094; x_wconf 91' lang='lat' dir='ltr'>ille</span> <span class='ocrx_word' id='word_1_188' title='bbox 714 2046 861 2095; x_wconf 87' lang='lat' dir='ltr'>limus</span> <span class='ocrx_word' id='word_1_189' title='bbox 907 2047 958 2094; x_wconf 93' lang='lat' dir='ltr'>in</span> <span class='ocrx_word' id='word_1_190' title='bbox 1005 2051 1165 2094; x_wconf 89' lang='lat' dir='ltr'>totum</span> <span class='ocrx_word' id='word_1_191' title='bbox 1215 2061 1297 2093; x_wconf 87' lang='lat' dir='ltr'>vas</span> <span class='ocrx_word' id='word_1_192' title='bbox 1346 2044 1477 2094; x_wconf 87' lang='lat' dir='ltr'>nulla</span> <span class='ocrx_word' id='word_1_193' title='bbox 1518 2046 1595 2094; x_wconf 88' lang='lat' dir='ltr'>sui</span> <span class='ocrx_word' id='word_1_194' title='bbox 1633 2042 1826 2108; x_wconf 90' lang='lat' dir='ltr'>perdita</span> 
     </span>
     <span class='ocr_line' id='line_1_25' title="bbox 142 2118 1823 2184; baseline -0.001 -18"><span class='ocrx_word' id='word_1_195' title='bbox 142 2125 282 2182; x_wconf 91' lang='lat' dir='ltr'>parte</span> <span class='ocrx_word' id='word_1_196' title='bbox 330 2125 589 2168; x_wconf 88' lang='lat' dir='ltr'>remearet.</span> <span class='ocrx_word' id='word_1_197' title='bbox 667 2119 978 2184; x_wconf 88' lang='lat' dir='ltr'>Quapropter</span> <span class='ocrx_word' id='word_1_198' title='bbox 1029 2121 1071 2167; x_wconf 89' lang='lat' dir='ltr'>si</span> <span class='ocrx_word' id='word_1_199' title='bbox 1122 2118 1284 2184; x_wconf 88' lang='lat' dir='ltr'>capilli</span> <span class='ocrx_word' id='word_1_200' title='bbox 1328 2120 1509 2167; x_wconf 89' lang='lat' dir='ltr'>totiens</span> <span class='ocrx_word' id='word_1_201' title='bbox 1556 2119 1687 2166; x_wconf 89' lang='lat' dir='ltr'>tonsi</span> <span class='ocrx_word' id='word_1_202' title='bbox 1736 2131 1823 2166; x_wconf 92' lang='lat' dir='ltr'>un-</span> 
     </span>
     <span class='ocr_line' id='line_1_26' title="bbox 142 2189 1823 2259; baseline -0.001 -19"><span class='ocrx_word' id='word_1_203' title='bbox 142 2206 322 2255; x_wconf 88' lang='lat' dir='ltr'>guesve</span> <span class='ocrx_word' id='word_1_204' title='bbox 363 2192 549 2240; x_wconf 86' lang='lat' dir='ltr'>desecti</span> <span class='ocrx_word' id='word_1_205' title='bbox 589 2193 646 2242; x_wconf 88' lang='lat' dir='ltr'>ad</span> <span class='ocrx_word' id='word_1_206' title='bbox 687 2208 773 2243; x_wconf 86' lang='lat' dir='ltr'>sua</span> <span class='ocrx_word' id='word_1_207' title='bbox 812 2192 918 2242; x_wconf 90' lang='lat' dir='ltr'>loca</span> <span class='ocrx_word' id='word_1_208' title='bbox 957 2192 1247 2242; x_wconf 89' lang='lat' dir='ltr'>deformiter</span> <span class='ocrx_word' id='word_1_209' title='bbox 1286 2192 1518 2259; x_wconf 87' lang='lat' dir='ltr'>redeunt,</span> <span class='ocrx_word' id='word_1_210' title='bbox 1558 2206 1657 2240; x_wconf 92' lang='lat' dir='ltr'>non</span> <span class='ocrx_word' id='word_1_211' title='bbox 1695 2189 1823 2240; x_wconf 88' lang='lat' dir='ltr'>redi-</span> 
     </span>
     <span class='ocr_line' id='line_1_27' title="bbox 141 2264 1824 2332; baseline -0.001 -19"><span class='ocrx_word' id='word_1_212' title='bbox 141 2264 285 2330; x_wconf 83' lang='lat' dir='ltr'>bunt3</span> <span class='ocrx_word' id='word_1_213' title='bbox 343 2280 434 2314; x_wconf 87' lang='lat' dir='ltr'>nec</span> <span class='ocrx_word' id='word_1_214' title='bbox 486 2272 650 2315; x_wconf 90' lang='lat' dir='ltr'>tamen</span> <span class='ocrx_word' id='word_1_215' title='bbox 705 2269 883 2331; x_wconf 90' lang='lat' dir='ltr'>cuique</span> <span class='ocrx_word' id='word_1_216' title='bbox 946 2269 1228 2331; x_wconf 87' lang='lat' dir='ltr'>resurgenti</span> <span class='ocrx_word' id='word_1_217' title='bbox 1289 2265 1551 2332; x_wconf 84' lang='lat' dir='ltr'>peribunt,</span> <span class='ocrx_word' id='word_1_218' title='bbox 1606 2267 1720 2330; x_wconf 88' lang='lat' dir='ltr'>quia</span> <span class='ocrx_word' id='word_1_219' title='bbox 1773 2266 1824 2313; x_wconf 93' lang='lat' dir='ltr'>in</span> 
     </span>
     <span class='ocr_line' id='line_1_28' title="bbox 142 2338 1824 2405; baseline 0.001 -19"><span class='ocrx_word' id='word_1_220' title='bbox 142 2338 347 2387; x_wconf 89' lang='lat' dir='ltr'>eandem</span> <span class='ocrx_word' id='word_1_221' title='bbox 379 2354 591 2405; x_wconf 90' lang='lat' dir='ltr'>carnem,</span> <span class='ocrx_word' id='word_1_222' title='bbox 631 2347 686 2389; x_wconf 92' lang='lat' dir='ltr'>ut</span> <span class='ocrx_word' id='word_1_223' title='bbox 718 2355 1078 2404; x_wconf 89' lang='lat' dir='ltr'>quemcumque</span> <span class='ocrx_word' id='word_1_224' title='bbox 1119 2340 1188 2389; x_wconf 90' lang='lat' dir='ltr'>ihi</span> <span class='ocrx_word' id='word_1_225' title='bbox 1224 2340 1388 2389; x_wconf 90' lang='lat' dir='ltr'>locum</span> <span class='ocrx_word' id='word_1_226' title='bbox 1428 2341 1651 2404; x_wconf 90' lang='lat' dir='ltr'>corporis</span> <span class='ocrx_word' id='word_1_227' title='bbox 1690 2347 1824 2388; x_wconf 91' lang='lat' dir='ltr'>tene-</span> 
     </span>
     <span class='ocr_line' id='line_1_29' title="bbox 143 2412 1824 2478; baseline 0 -19"><span class='ocrx_word' id='word_1_228' title='bbox 143 2418 254 2477; x_wconf 88' lang='lat' dir='ltr'>ant,</span> <span class='ocrx_word' id='word_1_229' title='bbox 310 2419 499 2461; x_wconf 88' lang='lat' dir='ltr'>servata</span> <span class='ocrx_word' id='word_1_230' title='bbox 552 2416 767 2478; x_wconf 85' lang='lat' dir='ltr'>partium</span> <span class='ocrx_word' id='word_1_231' title='bbox 830 2416 1151 2478; x_wconf 85' lang='lat' dir='ltr'>congruentia</span> <span class='ocrx_word' id='word_1_232' title='bbox 1214 2415 1445 2463; x_wconf 87' lang='lat' dir='ltr'>materiae</span> <span class='ocrx_word' id='word_1_233' title='bbox 1502 2412 1824 2462; x_wconf 85' lang='lat' dir='ltr'>mutabilitate</span> 
     </span>
     <span class='ocr_line' id='line_1_30' title="bbox 142 2485 1825 2551; baseline 0.001 -19"><span class='ocrx_word' id='word_1_234' title='bbox 142 2491 411 2534; x_wconf 90' lang='lat' dir='ltr'>vertentur.</span> <span class='ocrx_word' id='word_1_235' title='bbox 490 2485 720 2543; x_wconf 85' lang='lat' dir='ltr'>Quamvis</span> <span class='ocrx_word' id='word_1_236' title='bbox 768 2487 899 2551; x_wconf 91' lang='lat' dir='ltr'>quod</span> <span class='ocrx_word' id='word_1_237' title='bbox 947 2489 1013 2536; x_wconf 90' lang='lat' dir='ltr'>ait</span> <span class='ocrx_word' id='word_1_238' title='bbox 1064 2486 1323 2535; x_wconf 87' lang='lat' dir='ltr'>Dominus:</span> <span class='ocrx_word' id='word_1_239' title='bbox 1376 2488 1595 2548; x_wconf 77' lang='lat' dir='ltr'>Capillus</span> <span class='ocrx_word' id='word_1_240' title='bbox 1641 2487 1825 2547; x_wconf 75' lang='lat' dir='ltr'>capitis</span> 
     </span>
    </p>
   </div>
   <div class='ocr_carea' id='block_1_8' title="bbox 1854 590 1879 630">
    <p class='ocr_par' dir='ltr' id='par_1_10' title="bbox 1854 590 1879 630">
     <span class='ocr_line' id='line_1_31' title="bbox 1854 590 1879 630; baseline 0 0"><span class='ocrx_word' id='word_1_241' title='bbox 1854 590 1879 630; x_wconf 89' lang='lat'>5</span> 
     </span>
    </p>
   </div>
   <div class='ocr_carea' id='block_1_9' title="bbox 1858 1063 1912 1102">
    <p class='ocr_par' dir='ltr' id='par_1_11' title="bbox 1858 1063 1912 1102">
     <span class='ocr_line' id='line_1_32' title="bbox 1858 1063 1912 1102; baseline 0.019 -1"><span class='ocrx_word' id='word_1_242' title='bbox 1858 1063 1912 1102; x_wconf 89' lang='lat'>10</span> 
     </span>
    </p>
   </div>
   <div class='ocr_carea' id='block_1_10' title="bbox 1858 1461 1911 1501">
    <p class='ocr_par' dir='ltr' id='par_1_12' title="bbox 1858 1461 1911 1501">
     <span class='ocr_line' id='line_1_33' title="bbox 1858 1461 1911 1501; baseline 0.019 -1"><span class='ocrx_word' id='word_1_243' title='bbox 1858 1461 1911 1501; x_wconf 84' lang='lat'>15</span> 
     </span>
    </p>
   </div>
   <div class='ocr_carea' id='block_1_11' title="bbox 1858 1831 1913 1871">
    <p class='ocr_par' dir='ltr' id='par_1_13' title="bbox 1858 1831 1913 1871">
     <span class='ocr_line' id='line_1_34' title="bbox 1858 1831 1913 1871; baseline 0.018 -1"><span class='ocrx_word' id='word_1_244' title='bbox 1858 1831 1913 1871; x_wconf 78' lang='lat'>20</span> 
     </span>
    </p>
   </div>
   <div class='ocr_carea' id='block_1_12' title="bbox 1857 2201 1912 2240">
    <p class='ocr_par' dir='ltr' id='par_1_14' title="bbox 1857 2201 1912 2240">
     <span class='ocr_line' id='line_1_35' title="bbox 1857 2201 1912 2240; baseline 0 0"><span class='ocrx_word' id='word_1_245' title='bbox 1857 2201 1912 2240; x_wconf 80' lang='lat'>25</span> 
     </span>
    </p>
   </div>
   <div class='ocr_carea' id='block_1_13' title="bbox 144 2558 1912 2624">
    <p class='ocr_par' dir='ltr' id='par_1_15' title="bbox 144 2558 1912 2624">
     <span class='ocr_line' id='line_1_36' title="bbox 144 2558 1912 2624; baseline 0.001 -18"><span class='ocrx_word' id='word_1_246' title='bbox 144 2561 298 2607; x_wconf 75' lang='lat' dir='ltr'>vestri</span> <span class='ocrx_word' id='word_1_247' title='bbox 341 2572 440 2607; x_wconf 78' lang='lat' dir='ltr'>non</span> <span class='ocrx_word' id='word_1_248' title='bbox 485 2562 699 2620; x_wconf 70' lang='lat' dir='ltr'>peribit,</span> <span class='ocrx_word' id='word_1_249' title='bbox 748 2576 846 2609; x_wconf 90' lang='lat' dir='ltr'>non</span> <span class='ocrx_word' id='word_1_250' title='bbox 894 2560 953 2608; x_wconf 88' lang='lat' dir='ltr'>de</span> <span class='ocrx_word' id='word_1_251' title='bbox 1000 2560 1331 2624; x_wconf 84' lang='lat' dir='ltr'>longitudine,</span> <span class='ocrx_word' id='word_1_252' title='bbox 1383 2559 1468 2607; x_wconf 89' lang='lat' dir='ltr'>sed</span> <span class='ocrx_word' id='word_1_253' title='bbox 1517 2558 1577 2607; x_wconf 90' lang='lat' dir='ltr'>de</span> <span class='ocrx_word' id='word_1_254' title='bbox 1616 2573 1823 2608; x_wconf 89' lang='lat' dir='ltr'>numero</span> <span class='ocrx_word' id='word_1_255' title='bbox 1856 2569 1912 2608; x_wconf 88' lang='lat'>30</span> 
     </span>
    </p>
   </div>
   <div class='ocr_carea' id='block_1_14' title="bbox 145 2631 1825 2698">
    <p class='ocr_par' dir='ltr' id='par_1_16' title="bbox 145 2631 1825 2698">
     <span class='ocr_line' id='line_1_37' title="bbox 145 2631 1825 2698; baseline 0.001 -19"><span class='ocrx_word' id='word_1_256' title='bbox 145 2631 431 2695; x_wconf 90' lang='lat' dir='ltr'>capillorum</span> <span class='ocrx_word' id='word_1_257' title='bbox 479 2631 665 2682; x_wconf 89' lang='lat' dir='ltr'>dictum</span> <span class='ocrx_word' id='word_1_258' title='bbox 714 2633 867 2682; x_wconf 90' lang='lat' dir='ltr'>multo</span> <span class='ocrx_word' id='word_1_259' title='bbox 915 2635 1075 2697; x_wconf 81' lang='lat' dir='ltr'>aptius</span> <span class='ocrx_word' id='word_1_260' title='bbox 1121 2635 1278 2697; x_wconf 85' lang='lat' dir='ltr'>possit</span> <span class='ocrx_word' id='word_1_261' title='bbox 1323 2632 1562 2698; x_wconf 79' lang='lat' dir='ltr'>intellegi3</span> <span class='ocrx_word' id='word_1_262' title='bbox 1602 2631 1732 2681; x_wconf 89' lang='lat' dir='ltr'>unde</span> <span class='ocrx_word' id='word_1_263' title='bbox 1774 2638 1825 2681; x_wconf 87' lang='lat' dir='ltr'>et</span> 
     </span>
    </p>
   </div>
   <div class='ocr_carea' id='block_1_15' title="bbox 263 2742 1590 2801">
    <p class='ocr_par' dir='ltr' id='par_1_17' title="bbox 263 2742 1590 2801">
     <span class='ocr_line' id='line_1_38' title="bbox 263 2742 1590 2801; baseline 0.002 -15"><span class='ocrx_word' id='word_1_264' title='bbox 263 2745 305 2798; x_wconf 92' lang='lat'>1)</span> <span class='ocrx_word' id='word_1_265' title='bbox 338 2742 455 2800; x_wconf 83' lang='lat' dir='ltr'>Eph.</span> <span class='ocrx_word' id='word_1_266' title='bbox 491 2749 529 2800; x_wconf 89' lang='lat'>1,</span> <span class='ocrx_word' id='word_1_267' title='bbox 561 2748 616 2787; x_wconf 76' lang='lat'>22</span> <span class='ocrx_word' id='word_1_268' title='bbox 650 2759 715 2800; x_wconf 79' lang='lat' dir='ltr'>sq.</span> <span class='ocrx_word' id='word_1_269' title='bbox 780 2747 823 2800; x_wconf 84' lang='lat'>6)</span> <span class='ocrx_word' id='word_1_270' title='bbox 855 2744 928 2789; x_wconf 80' lang='lat' dir='ltr'>Ps.</span> <span class='ocrx_word' id='word_1_271' title='bbox 965 2749 1063 2800; x_wconf 81' lang='lat'>111,</span> <span class='ocrx_word' id='word_1_272' title='bbox 1098 2749 1135 2787; x_wconf 88' lang='lat'>1.</span> <span class='ocrx_word' id='word_1_273' title='bbox 1200 2746 1272 2801; x_wconf 89' lang='lat'>30)</span> <span class='ocrx_word' id='word_1_274' title='bbox 1306 2743 1381 2788; x_wconf 84' lang='lat' dir='ltr'>Lo.</span> <span class='ocrx_word' id='word_1_275' title='bbox 1417 2749 1487 2800; x_wconf 82' lang='lat'>21,</span> <span class='ocrx_word' id='word_1_276' title='bbox 1522 2748 1590 2789; x_wconf 88' lang='lat'>18.</span> 
     </span>
    </p>
   </div>
   <div class='ocr_carea' id='block_1_16' title="bbox 261 2906 620 2950">
    <p class='ocr_par' dir='ltr' id='par_1_18' title="bbox 261 2906 620 2950">
     <span class='ocr_line' id='line_1_39' title="bbox 261 2906 620 2950; baseline 0 -1"><span class='ocrx_word' id='word_1_277' title='bbox 261 2910 315 2950; x_wconf 83' lang='lat'>25</span> <span class='ocrx_word' id='word_1_278' title='bbox 347 2906 452 2950; x_wconf 80' lang='lat' dir='ltr'>loca,</span> <span class='ocrx_word' id='word_1_279' title='bbox 483 2919 565 2949; x_wconf 82' lang='lat' dir='ltr'>sua</span> <span class='ocrx_word' id='word_1_280' title='bbox 595 2919 620 2949; x_wconf 89' lang='lat' dir='ltr'><em>v</em></span> 
     </span>
    </p>
   </div>
  </div>
 </body>
</html>
