2044 3146
554 152 620 184 DE
646 150 884 184 οΙνΙΤΑΤΕ
907 151 996 183 DEI
1019 152 1061 183 L.
1086 152 1212 184 xvn.
1236 152 1274 184 c.
1298 154 1329 184 4.
1678 140 1783 192 211

99 273 156 317 ut
210 266 327 316 dicit
380 263 656 330 apostoluS,
711 266 812 313 nisi
865 267 954 325 qui
1011 271 1060 314 et
1106 267 1365 314 descendit
1412 267 1463 315 z‘n
1519 264 1789 326 inferiores

92 347 268 405 partes
319 340 525 388 terrae?
593 339 693 397 Qua·
736 339 1015 398 descendit,
1065 341 1169 400 ipse
1216 345 1289 388 est
1335 344 1383 389 et
1433 341 1522 400 qui
1559 341 1791 389 aseendit

98 429 252 478 super
300 426 467 462 omnes
519 414 711 472 caelos,
767 419 823 461 ut
872 415 1176 474 adimpleret
1224 415 1406 462 omnia.
1483 412 1579 461 Per
1632 411 1788 462 nubes

98 503 215 551 ergo
265 501 379 535 suas
430 487 617 552 tonuit,
678 501 799 549 quas
857 493 1025 535 sancto
1079 486 1267 551 Spiritu
1319 502 1433 535 cum
1484 486 1789 536 ascendisset

95 559 326 625 implevit.
404 559 472 608 De
508 559 687 623 quibus
720 558 922 609 ancillae
956 559 1278 626 Hierusalem,
1318 560 1413 609 hoc
1454 568 1529 610 cst
1567 562 1785 625 ingratae
1818 569 1844 610 5

93 636 287 699 vineae,
338 635 662 683 comminatus
704 641 780 683 est
819 633 946 698 apud
988 633 1182 683 Esaiam
1220 634 1535 702 prophetam,
1575 650 1636 683 ne
1676 634 1784 699 plu-

95 717 178 758 ant
218 723 368 772 super
408 722 514 756 eam
554 706 778 756 imbrem.
857 707 938 757 Sic
978 715 1142 757 autem
1183 707 1370 757 dictum
1409 715 1507 758 est:
1556 709 1671 770 Ipse
1711 710 1783 757 iu-

95 784 287 833 dicabit
325 787 555 832 extrema
596 787 790 843 terrae,
831 797 886 830 ac
927 784 967 831 si
1007 782 1278 832 diceretur:
1328 781 1527 849 „Etiam
1568 789 1785 831 extrema

95 850 304 906 te1·rae.“
378 855 487 904 Non
527 857 657 904 enim
699 855 815 905 alias
855 863 1021 921 partes
1061 872 1159 905 non
1200 855 1450 923 iudicabit,
1489 858 1576 921 qui
1613 871 1785 905 omnes

93 930 317 979 homines
357 929 531 994 procul
563 929 713 978 dubio
746 929 994 979 iudicabit.
1075 930 1171 979 Sed
1212 930 1387 980 melius
1426 930 1783 994 intelleguntur
1817 940 1872 980 10

94 1011 318 1054 extrema
358 1010 518 1052 terrae
558 1011 778 1052 extrema
817 1003 1049 1070 hominis3
1090 1006 1321 1069 quoniam
1360 1019 1459 1053 non
1498 1003 1784 1053 iudicabun-

93 1085 201 1145 tur,
248 1092 373 1142 quae
413 1079 465 1127 in
505 1077 682 1126 melius
721 1077 796 1127 vel
835 1079 886 1127 in
926 1078 1146 1128 deterius
1187 1078 1347 1127 medio
1387 1085 1611 1143 tempore
1652 1093 1783 1127 com-

93 1160 374 1217 mutantur,
429 1151 515 1201 sed
569 1153 620 1200 in
675 1151 856 1216 quibus
905 1154 1137 1202 extremis
1193 1154 1424 1202 inventus
1475 1153 1648 1217 fuerit,
1699 1154 1785 1216 qui

92 1225 402 1276 iudicabitur.
478 1225 688 1290 Propter
721 1225 852 1290 quod
884 1225 1070 1275 dictum
1103 1234 1199 1276 est:
1248 1228 1347 1285 Qui
1378 1229 1787 1288 perseveraverit

27 1299 30 1302 ’
92 1316 249 1362 usque
290 1302 340 1349 in
374 1303 551 1360 finem,
592 1302 675 1349 hic
714 1303 884 1350 salvus
923 1303 1034 1350 erit.
1113 1299 1208 1358 Qui
1248 1315 1365 1365 ergo
1404 1308 1782 1364 perseveranter
1817 1307 1870 1348 15

95 1375 212 1423 facit
258 1373 495 1423 iudicium
546 1380 594 1423 et
642 1375 878 1424 iustitiam
918 1376 968 1423 in
1009 1374 1171 1423 medio
1211 1381 1398 1440 terrae,
1449 1387 1548 1423 non
1588 1373 1782 1422 damna-

92 1447 248 1514 bitur,
295 1463 407 1497 cum
458 1446 809 1498 iudicabuntur
849 1455 1067 1497 extrema
1107 1456 1284 1498 terrae.
1363 1449 1429 1497 Et
1467 1450 1568 1508 dat,
1608 1449 1785 1513 inquit,

93 1525 326 1573 virtutem
360 1524 566 1584 regibus
597 1525 812 1580 nostris;
844 1529 899 1571 ut
931 1537 1030 1571 non
1063 1538 1148 1572 eos
1179 1521 1441 1571 iudicando
1474 1521 1784 1571 condemnet.

93 1595 184 1645 Dat
236 1597 307 1644 eis
361 1597 617 1661 virtutem,
668 1611 763 1660 qua
815 1611 1014 1645 carnem
1062 1598 1191 1646 sicut
1238 1611 1381 1661 reges
1431 1603 1606 1662 regant
1644 1601 1694 1644 et
1731 1596 1783 1644 in

92 1669 174 1718 illo
223 1669 486 1735 mundum,
533 1671 618 1733 qui
663 1676 868 1734 propter
919 1685 1003 1719 eos
1043 1670 1170 1720 fudit
1209 1671 1524 1737 sanguinem,
1570 1672 1780 1719 vincant.
1813 1678 1870 1718 20

94 1745 161 1793 Et
213 1745 462 1793 exaltabit
513 1757 726 1793 cornum
780 1745 962 1793 christi
1012 1747 1104 1793 sui.
1193 1743 1301 1802 Quo
1356 1744 1501 1793 modo
1557 1742 1782 1792 Christus

72 1817 325 1880 ,exaltabit
363 1831 572 1866 cornum
603 1817 776 1866 christi
816 1814 927 1866 sui‘?
989 1816 1058 1865 De
1098 1833 1196 1881 quo
1237 1819 1368 1866 enim
1408 1832 1555 1882 supra
1595 1816 1782 1866 dictum

75 1894 192 1940 est:
233 1892 473 1941 Dominus
515 1893 746 1941 aseendit
785 1893 835 1939 ἱη
876 1895 1063 1951 caelos,
1104 1898 1152 1939 et
1191 1890 1472 1941 intellectus
1513 1897 1588 1940 est
1619 1889 1780 1938 Domi-

95 1981 189 2015 nus
240 1965 488 2016 Christus:
542 1967 671 2031 ipse,
727 1966 855 2014 sicut
900 1965 980 2014 hic
1027 1965 1230 2030 dicitur,
1276 1966 1524 2014 exaltabit
1570 1979 1782 2014 cornum

96 2043 277 2090 christi
313 2043 405 2089 sui.
484 2038 605 2097 Quis
646 2053 764 2102 ergo
805 2047 881 2088 est
920 2038 1135 2088 christus
1176 2035 1399 2088 Christi?
1459 2039 1533 2087 An
1574 2053 1782 2087 cornum
1814 2045 1869 2086 25

97 2113 327 2163 exaltabit
392 2114 785 2176 uniuscuiusque
854 2112 1011 2161 fidelis
1078 2114 1177 2177 sui,
1244 2114 1373 2162 sicut
1429 2114 1520 2161 ista
1576 2113 1680 2177 ipsa
1732 2114 1782 2160 in

94 2189 336 2252 principio
385 2187 533 2236 huius
571 2186 741 2251 hymni
786 2188 874 2235 ait:
922 2187 1218 2235 Exultatum
1259 2194 1333 2237 est
1369 2200 1580 2236 cornum
1610 2200 1782 2235 -meum

95 2263 145 2310 in
183 2262 290 2312 Deo
329 2263 469 2311 meo?
533 2259 718 2310 Omnes
751 2262 932 2325 quippe
974 2266 1151 2309 unctos
1193 2261 1300 2310 eius
1340 2260 1604 2309 chrismate
1644 2267 1780 2308 rec-te

95 2334 306 2384 christos
356 2349 622 2399 possumus
673 2333 862 2399 dicere,
918 2334 1048 2398 quod
1097 2341 1260 2383 tamen
1313 2341 1471 2383 totum
1526 2348 1639 2382 cum
1691 2349 1780 2382 suo

96 2410 252 2473 capite
293 2423 473 2474 corpus
512 2423 642 2458 unus
682 2414 758 2456 est
791 2406 1030 2457 Christus
1106 2406 1238 2457 Haec
1277 2407 1415 2457 Anna
1453 2407 1780 2473 prophetavit,
1812 2415 1869 2456 30

96 2481 337 2531 Samuelis
383 2489 562 2547 mater,
615 2482 772 2530 sancti
819 2483 911 2530 viri
964 2480 1276 2546 multumque
1323 2480 1527 2546 laudati3
1580 2482 1631 2530 in
1680 2495 1777 2543 quo

98 2554 295 2618 quidem
346 2562 463 2604 tunc
515 2557 723 2620 figurata
777 2561 854 2604 est
913 2556 1120 2604 mutatio
1173 2557 1354 2604 veteris
1412 2553 1675 2603 sacerdotii
1729 2560 1780 2603 et
1859 2574 1862 2575 ⁷

95 2642 227 2677 nunc
276 2628 499 2696 impleta,
546 2628 741 2694 quando
791 2629 1032 2677 infirmata
1082 2635 1157 2677 est
1206 2643 1329 2693 quae
1378 2628 1530 2678 multa
1583 2634 1687 2676 erat
1726 2628 1777 2675 in

214 2740 258 2795 3)
289 2739 405 2796 Eph.
438 2746 480 2795 4,
512 2745 536 2784 9
571 2755 635 2796 sq.
702 2742 744 2798 τ)
775 2741 897 2786 Esai.
931 2746 971 2795 5,
1005 2746 1044 2785 6.
1110 2743 1181 2796 15)
1213 2742 1295 2785 Mt.
1333 2746 1400 2797 10,
1433 2745 1504 2786 22.

214 2891 268 2931 21
301 2900 389 2943 sqq.
425 2901 612 2931 cornum
643 2889 806 2945 ⁴-11125
841 2888 1048 2934 Christus
1082 2888 1253 2933 Christi
1285 2886 1355 2932 sui
1386 2901 1411 2931 v

1328 2961 1418 3004 14*
