2004 3140
606 120 673 152 DE
698 118 938 153 CIVITATE
961 120 1049 152 DEI
1071 120 1115 153 L.
1141 121 1247 153 XXI.
1275 120 1311 153 o.
1338 122 1368 153 ι.
1730 110 1837 161 487

740 315 1021 369 LIBER
1066 316 1236 370 XXI.

850 536 1043 591 CAPUT
1085 538 1125 590 Ι.

144 647 222 695 De
267 647 447 695 ordine
493 646 870 707 disputationtS,
918 660 1020 706 qua
1061 648 1210 707 prius
1259 647 1606 707 disserendum
1654 653 1726 695 est
1776 650 1838 697 de

226 725 474 782 perpetuo
513 720 759 781 supplicio
801 720 1156 767 damnatorum
1197 733 1310 767 eum
1351 720 1549 768 diabolo
1590 735 1739 781 quam
1869 730 1896 769 5

516 794 579 841 de
618 797 831 841 aeterna
866 791 1118 853 felicitate
1156 798 1463 842 sanctorum.

293 894 417 945 Cum
461 910 552 960 per
600 894 852 944 Christum
899 893 1163 944 Dominum
1210 902 1458 963 nostrum,
1504 897 1719 946 iudicem
1769 900 1836 947 vi-

143 984 317 1025 vorum
350 976 497 1034 atque
528 975 855 1034 mortuorum,
895 968 954 1016 ad
994 967 1188 1018 debitos
1227 970 1350 1018 fines
1390 969 1558 1019 ambae
1599 986 1836 1035 pervene-

62 1057 70 1065 ·
142 1046 246 1093 rint
285 1045 528 1109 civitateS‚
579 1057 790 1107 quarum
830 1050 906 1091 est
953 1058 1050 1091 una
1089 1042 1201 1109 Dei,
1248 1042 1400 1092 altera
1439 1044 1641 1111 diaboli,
1689 1047 1832 1094 cuius

145 1117 279 1167 modi
327 1116 625 1182 supplicium
671 1118 735 1165 sit
773 1116 996 1165 futurum
1049 1115 1229 1166 diaboli
1268 1123 1318 1166 et
1356 1119 1578 1167 omnium
1618 1118 1678 1167 ad
1718 1134 1833 1168 eum
1868 1128 1923 1168 10

141 1192 523 1257 pertinentium,
578 1191 629 1238 in
683 1189 776 1238 hoc
830 1188 956 1238 libro
1012 1189 1180 1255 nobiS‚
1236 1197 1478 1256 quantum
1524 1207 1616 1256 ope
1673 1191 1836 1241 divina

142 1263 427 1331 valebimus,
465 1263 751 1328 diligentius
783 1263 1137 1327 disputandum
1177 1271 1266 1314 est.
1343 1263 1458 1318 Ideo
1498 1272 1664 1314 autem
1702 1265 1836 1316 hunc

140 1345 313 1388 tenere
368 1337 592 1388 ordinem
647 1337 822 1403 malui,
876 1344 932 1386 ut
984 1345 1156 1402 postea
1203 1337 1443 1388 disseram
1490 1339 1550 1388 de
1601 1339 1835 1389 felicitate

141 1419 444 1478 sanctorum,
483 1413 715 1476 quoniam
746 1418 1016 1475 utrumque
1050 1427 1164 1460 cum
1204 1411 1499 1476 corporibus
1540 1414 1635 1463 erit
1674 1420 1723 1462 et
1761 1415 1833 1463 in-

141 1485 428 1536 credibilius
459 1485 654 1534 videtur
687 1500 796 1534 esse
835 1486 888 1533 in
920 1486 1135 1534 aeternis
1176 1501 1384 1551 corpora
1424 1486 1604 1536 durare
1646 1489 1833 1550 crucia·
1870 1496 1923 1536 15

139 1559 275 1610 tibus
322 1575 469 1623 quam
516 1561 623 1608 sine
671 1558 841 1607 dolore
889 1558 989 1607 ullo
1039 1561 1090 1608 in
1139 1567 1339 1609 aeterna
1376 1560 1683 1610 beatitudine
1723 1576 1832 1625 per-

141 1649 366 1698 manere3
415 1648 471 1681 ac
517 1647 608 1697 per
653 1632 748 1681 hoc
787 1647 902 1681 cum
939 1631 1073 1681 illam
1111 1648 1322 1697 poenam
1362 1649 1460 1683 non
1501 1633 1682 1683 debere
1723 1649 1833 1683 esse

139 1706 482 1757 incredibilem
529 1705 954 1771 demonstravero,
1009 1705 1258 1756 adiuvabit
1305 1722 1383 1756 me
1430 1707 1723 1771 plurimum,
1777 1715 1834 1757 ut

140 1780 296 1831 multo
344 1780 536 1829 facilius
585 1781 719 1828 omni
766 1794 941 1828 carens
980 1779 1204 1828 molestia
1243 1780 1568 1830 inmortalitas
1607 1783 1832 1846 corporis

139 1857 193 1904 in
241 1856 424 1903 sanctis
471 1854 638 1903 futura
685 1852 931 1902 credatur.
1007 1852 1110 1902 Nec
1158 1869 1185 1902 a
1231 1854 1408 1903 divinis
1456 1854 1577 1903 ordo
1617 1856 1711 1904 iste
1750 1854 1831 1904 ab·
1865 1865 1922 1905 20

140 1928 315 1977 horret
353 1927 562 1992 eloquiis
573 1966 587 1993 ‚
627 1926 714 1976 ubi
753 1926 1013 1991 aliquando
1055 1927 1255 1992 quidem
1293 1926 1539 1977 bonorum
1577 1927 1830 1977 beatitudo

139 2003 282 2068 prius
321 2003 539 2067 ponitur,
578 2007 634 2050 ut
666 2006 743 2049 est
780 2000 924 2050 illud:
971 2002 1070 2060 Qui
1106 2003 1239 2051 bona
1273 2001 1527 2064 fecerunt,
1568 2004 1620 2051 in
1659 2017 1830 2052 resur-

140 2078 418 2126 rectionem
448 2077 584 2125 vitae
591 2092 611 2132 ,·
650 2077 740 2136 qui
768 2080 936 2124 autem
968 2077 1103 2124 mala
1135 2082 1364 2142 eqerunt,
1404 2078 1457 2125 in
1496 2078 1830 2125 resurreetio-

139 2163 255 2199 nem
302 2151 511 2206 iudicii5
557 2147 644 2197 sed
692 2147 953 2212 aliquando
1002 2155 1052 2197 et
1097 2150 1370 2215 posteriUS,
1417 2156 1473 2198 ut
1528 2156 1624 2199 est:
1663 2149 1834 2199 Mz'ttet

132 2225 275 2283 filius
326 2224 540 2272 hominis
594 2225 800 2283 anqelos
843 2236 985 2283 suOS,
1034 2228 1083 2271 et
1128 2225 1366 2284 colliqent
1410 2225 1474 2273 de
1522 2237 1683 2284 reqno
1723 2225 1831 2272 eius
1864 2232 1920 2272 25

139 2299 309 2346 omnia
347 2298 596 2345 seandala
644 2302 693 2345 et
737 2297 934 2344 mittent
985 2298 1039 2344 in
1077 2298 1332 2345 caminum
1371 2298 1503 2358 tynis
1542 2298 1805 2346 ardentem
1813 2313 1833 2353 ,-

142 2373 249 2419 illie
288 2373 388 2419 erit
426 2371 578 2430 fletus
624 2375 674 2418 et
709 2370 904 2418 stridor
951 2371 1174 2418 dentium
1184 2387 1204 2427 ;
1251 2376 1371 2419 tune
1411 2372 1534 2419 iusti
1564 2369 1834 2431 fulqebunt

114 2445 275 2492 'sieut
303 2446 387 2492 *sol
422 2445 475 2492 in
513 2457 672 2503 remeo
713 2443 887 2492 Patris
924 2445 1026 2503 sui,
1066 2449 1116 2491 et
1153 2442 1296 2492 illud:
1348 2443 1436 2493 Sic
1475 2444 1620 2491 ibunt
1657 2444 1743 2490 isti
1779 2445 1831 2490 in

136 2518 442 2578 supplicium
482 2522 759 2575 aeternum,
800 2518 921 2564 iusti
957 2522 1126 2565 autem
1165 2519 1217 2564 in
1257 2518 1410 2565 vitam
1449 2521 1711 2565 aeternam
1721 2532 1740 2572 ;
1780 2521 1830 2563 et

142 2589 196 2636 in
242 2588 520 2654 prophetiS‚
567 2588 698 2653 quod
746 2603 1132 2637 commemorare
1171 2587 1373 2652 longum
1414 2595 1511 2654 est,
1558 2603 1691 2637 nunc
1731 2587 1828 2654 ille,
1861 2598 1919 2638 30

260 2717 335 2770 24)
366 2715 431 2759 10.
463 2718 506 2770 5,
537 2719 607 2760 29.
671 2717 744 2771 28)
776 2715 860 2759 Mt.
896 2719 964 2770 13,
996 2719 1051 2758 41
1086 2728 1184 2770 sqq.
1248 2719 1322 2770 29)
1356 2715 1421 2759 lb.
1454 2718 1528 2772 25,
1558 2719 1632 2760 46.

262 2853 314 2891 19
348 2862 594 2904 corporum
623 2861 649 2892 v
673 2849 689 2903 ΙΙ
713 2853 768 2892 26
802 2847 1041 2892 ardentem
1071 2860 1185 2901 mss;
1217 2847 1421 2891 ardentis
1453 2861 1478 2891 v
