2044 3146
158 1141 211 1181 10

158 1508 212 1548 15

156 1878 212 1918 20

155 2247 211 2286 25

153 2616 213 2655 30

246 164 355 217 262
676 192 680 198 -
935 176 973 210 s,
998 175 1274 210 Ancus‘rm

942 371 1134 426 CAPUT
1173 372 1239 427 V.

245 497 322 546 De
359 495 461 560 Api
504 511 627 558 φερε
665 496 992 560 Arqivorum,
1044 510 1190 556 quem
1228 497 1467 559 Aeqyptiz·
1505 497 1737 559 Serapim
1777 499 1932 546 nomi-

622 574 797 619 natum
838 571 1007 618 divino
1046 571 1237 620 honore
1277 573 1555 620 coluerunt.

392 687 482 737 His
527 686 836 752 temporibus
882 703 970 736 rex
1016 688 1311 753 Argivorum
1357 688 1474 753 Apis
1520 688 1726 738 navibus
1776 695 1934 737 trans-

246 768 419 812 vectus
457 764 510 811 in
548 761 848 828 Aegyptum,
887 777 1003 811 cum
1040 761 1110 811 ibi
1149 770 1376 811 mortuus
1416 762 1614 827 fuisset,
1661 762 1820 811 factus
1861 770 1936 812 est

246 836 445 901 Serapis
507 837 728 885 omnium
782 837 1023 885 maximus
1076 835 1430 901 Aegyptiorum
1483 835 1619 885 deus,
1710 835 1935 885 Nominis

244 916 411 959 autem
448 909 612 976 huius,
652 925 742 958 cur
774 925 875 958 non
905 909 1022 974 Apis
1064 911 1211 959 etiam
1249 917 1362 974 post
1400 916 1626 977 mortem,
1665 909 1752 959 sed
1793 909 1934 959 Sera·

243 985 320 1049 pis
375 983 648 1049 appellatus
715 985 804 1050 sit,
868 983 1148 1033 facillimam
1200 986 1444 1034 rationem
1498 983 1652 1033 Varro
1707 983 1934 1034 reddidit.

245 1057 370 1115 Quia
425 1060 558 1107 enim
610 1073 749 1124 arca,
804 1060 856 1106 in
909 1073 1007 1123 qua
1052 1064 1281 1108 mortuus
1318 1059 1545 1125 ponitur,
1593 1058 1724 1123 quod
1764 1073 1936 1107 omnes

244 1134 340 1181 iam
373 1131 731 1197 sarcophagum
763 1140 953 1199 vocant,
991 1128 1137 1198 σορὸς
1169 1133 1351 1182 dicitur
1382 1131 1583 1199 Graece,
1622 1139 1674 1182 et
1712 1131 1782 1182 ibi
1820 1147 1934 1182 eum

244 1208 471 1255 venerari
523 1205 776 1271 sepultum
831 1214 1127 1274 coeperant,
1180 1208 1472 1271 priusquam
1533 1206 1774 1272 templum
1827 1208 1934 1256 eius

245 1287 378 1329 esset
409 1286 714 1330 extructum:
753 1279 887 1330 velut
925 1296 1066 1330 soros
1098 1287 1148 1330 et
1171 1281 1289 1345 Apis
1315 1280 1515 1346 Sorapis
1545 1283 1721 1346 primO,
1756 1280 1935 1330 deinde

243 1368 342 1402 una
373 1353 550 1420 littera,
588 1360 645 1403 ut
676 1354 784 1402 fieri
823 1354 1025 1417 adsolet,
1065 1361 1362 1404 commutata
1406 1354 1604 1420 Serapis
1644 1355 1806 1404 dictus
1846 1361 1935 1404 est.

242 1427 310 1477 Et
349 1429 674 1477 constitutum
714 1435 790 1477 est
828 1429 975 1477 etiam
1015 1428 1074 1477 de
1114 1428 1213 1495 illo,
1253 1435 1323 1490 ut,
1364 1431 1589 1494 quisquis
1627 1443 1741 1478 eum
1780 1428 1935 1477 homi-

246 1517 361 1551 nem
393 1502 545 1551 fuisse
578 1501 798 1568 dixisset,
837 1502 1095 1567 capitalem
1133 1502 1375 1566 penderet
1413 1518 1635 1568 poenam.
1711 1502 1776 1551 Et
1815 1517 1935 1567 quo-

244 1577 376 1625 niam
427 1576 530 1624 fere
585 1577 638 1624 in
695 1575 925 1625 omnibus
979 1576 1207 1643 templiS,
1261 1576 1349 1625 ubi
1402 1576 1691 1626 colebantur
1741 1576 1834 1625 Isis
1887 1584 1937 1626 et

245 1649 460 1714 SerapiS‚
499 1656 606 1699 erat
638 1651 786 1698 etiam
818 1650 1152 1716 simulacrum,
1185 1650 1315 1715 quod
1350 1651 1502 1716 digito
1534 1650 1676 1699 labiis
1707 1652 1935 1715 inpresso

244 1722 509 1772 admonere
556 1722 831 1789 videretur,
890 1730 947 1773 ut
997 1724 1248 1774 silentium
1299 1725 1464 1775 fieret:
1515 1725 1609 1774 hoc
1657 1724 1934 1789 significare

244 1796 376 1846 idem
415 1796 568 1846 Varro
621 1798 890 1863 existimat,
944 1805 1000 1848 ut
1048 1798 1273 1847 homines
1329 1814 1414 1848 eos
1465 1799 1619 1848 fuisse
1670 1805 1936 1848 taceretur.

245 1870 331 1920 Ille
372 1877 537 1920 autem
575 1870 688 1938 bos,
736 1887 884 1936 quem
936 1871 1147 1921 mirabili
1187 1874 1398 1922 vanitate
1439 1872 1646 1938 decepta
1684 1871 1933 1937 Aegyptus

245 1946 298 1994 in
337 1947 445 1994 eius
477 1944 718 2014 honorem
750 1945 940 1995 deliciis
979 1945 1298 1996 affluentibus
1338 1945 1512 2013 alebat,
1552 1947 1783 2011 quoniam
1822 1960 1936 1995 eum

245 2020 351 2067 sine
404 2019 706 2083 sarcophago
754 2021 917 2069 vivum
961 2019 1351 2087 venerabantur,
1403 2021 1547 2086 Apis,
1596 2035 1696 2068 non
1737 2019 1935 2084 Serapis

244 2091 524 2141 vocabatur.
618 2092 726 2150 Quo
781 2092 904 2141 bove
960 2100 1156 2143 mortuo
1212 2095 1444 2157 quoniam
1500 2092 1832 2157 quaerebatur
1886 2099 1936 2142 et

243 2164 587 2230 reperiebatur
619 2165 802 2215 vitulus
834 2166 1014 2215 coloris
1047 2166 1283 2233 eiusdem,
1322 2167 1416 2216 hoc
1457 2174 1532 2216 est
1571 2166 1693 2215 albis
1733 2166 1935 2231 quibus·

247 2238 358 2287 dam
397 2238 601 2288 maculis
642 2238 868 2288 similiter
906 2241 1194 2306 insignitUS,
1233 2243 1415 2290 mirum
1454 2240 1686 2305 quiddam
1725 2247 1776 2290 et
1814 2240 1932 2289 divi·

244 2314 378 2362 nitus
410 2312 506 2361 sibi
536 2319 859 2377 procuratum
890 2328 999 2362 esse
1033 2313 1317 2364 credebant.
1391 2314 1503 2364 Non
1537 2316 1669 2364 enim
1700 2329 1931 2378 magnum

245 2392 350 2436 erat
411 2386 733 2436 daemonibus
795 2387 854 2436 ad
915 2402 1001 2436 eos
1071 2387 1387 2452 decipiendos
1456 2388 1761 2454 phantasiam
1822 2387 1932 2436 talis

244 2461 396 2527 tauri,
450 2475 597 2525 quam
650 2460 753 2509 sola
807 2467 1056 2521 cerneret,
1112 2468 1361 2512 ostentare
1407 2477 1583 2511 vaccae
1635 2462 1936 2525 concipienti

248 2540 395 2598 atque
435 2536 749 2600 praegnanti,
789 2534 920 2583 unde
959 2534 1110 2584 libido
1150 2538 1320 2585 matris
1360 2536 1668 2601 adtraheret,
1708 2534 1841 2599 quod
1878 2536 1930 2583 in

246 2609 353 2656 eius
399 2608 504 2657 fetu
550 2609 646 2656 iam
694 2607 1017 2672 corporaliter
1064 2616 1345 2675 appareret3
1386 2611 1514 2658 sicut
1551 2608 1696 2658 Iacob
1737 2608 1797 2657 de
1837 2609 1932 2656 vir-

245 2682 318 2743 gis
356 2682 577 2748 variatis,
616 2688 671 2730 ut
710 2696 825 2730 oves
866 2688 915 2730 et
954 2697 1129 2747 caprae
1168 2685 1328 2732 variae
1368 2689 1716 2747 nascerentur,
1756 2682 1933 2730 effecit.

246 2753 388 2810 Quod
438 2756 570 2804 enim
624 2754 847 2804 homines
898 2754 1145 2805 coloribus
1192 2763 1243 2805 et
1294 2756 1587 2821 corporibus
1634 2756 1785 2821 veriS,
1834 2754 1930 2803 hoc

363 2911 438 2966 31)
473 2909 584 2957 Gen,
619 2916 689 2967 30,
722 2916 778 2956 37
812 2926 910 2969 sqq.
