2004 3140
111 1037 164 1075 10

110 1433 163 1471 15

107 1801 162 1839 20

107 2167 161 2205 25

105 2534 161 2572 30

202 108 309 162 602
872 118 907 151 s,
932 118 1208 153 AUGUSTINI

201 249 256 282 ea
297 248 542 298 quemque
584 239 771 282 statura
811 233 1034 296 corporis
1073 239 1477 282 resurrecturum
1517 247 1648 298 esse,
1697 233 1749 280 in
1790 247 1885 297 qua

201 308 463 356 defunctus
519 312 618 372 est,
674 321 772 355 non
819 306 1110 370 pugnaciter
1166 305 1499 355 resistendum
1547 312 1644 372 est3
1695 311 1886 355 tantum

200 380 341 430 absit'
377 382 536 429 omnis
587 380 895 445 deformitaS,
945 380 1104 428 omnis
1154 380 1435 445 infirmitaS,
1483 382 1642 428 omnis
1681 379 1886 429 tarditas

200 456 458 519 omnisque
499 456 773 520 corrupti0‚
823 460 871 502 et
921 454 963 501 si
1003 452 1119 517 quid
1160 452 1290 502 aliud
1329 453 1448 502 illud
1488 469 1587 502 non
1628 453 1770 502 decet
1809 468 1885 502 re-

199 543 373 594 gnum,
413 530 462 576 in
505 543 601 592 quo
642 528 1024 577 resurrectionis
1066 533 1114 575 et
1152 528 1494 591 promissionis
1534 526 1619 576 filii
1657 526 1886 591 aequales

199 609 346 651 erunt
385 601 570 666 angelis
611 601 722 668 Dei,
764 603 806 651 si
846 616 944 649 non
985 615 1215 667 corpore,
1255 616 1353 650 non
1395 607 1566 661 aetate,
1607 608 1740 650 certe
1782 600 1885 649 feli·

198 678 358 725 citate.

851 847 1043 902 CAPUT
1082 848 1227 901 XXI.

197 957 273 1005 De
312 958 531 1005 novitate
571 958 801 1018 corporis
839 958 1106 1017 spiritam,
1149 958 1199 1004 in
1240 969 1390 1016 quam
1428 959 1721 1004 sanctorum
1761 969 1885 1004 caro

895 1030 1186 1078 mutabitur.

344 1132 654 1181 Restituetur
681 1147 796 1196 ergo
824 1131 1061 1196 quidquid
1096 1131 1155 1181 de
1189 1131 1483 1198 corporibus
1514 1133 1635 1181 vivis
1667 1131 1743 1181 vel
1773 1138 1886 1197 post

196 1212 407 1255 mortem
447 1206 508 1254 de
549 1205 867 1255 cadaveribus
907 1207 1079 1272 periit,
1121 1213 1170 1255 et
1210 1197 1356 1255 simul
1397 1221 1509 1255 cum
1550 1221 1623 1271 eo,
1664 1205 1794 1270 quod
1834 1207 1886 1254 in

197 1279 439 1344 sepulcris
472 1281 725 1345 remansit,
763 1281 815 1328 in
848 1278 1081 1344 spiritalis
1123 1282 1346 1344 corporis
1380 1281 1645 1328 novitatem
1685 1294 1743 1328 ex
1784 1281 1884 1328 ani-

197 1353 336 1401 malis
377 1355 600 1418 corporis
646 1359 890 1402 vetustate
931 1358 1175 1402 mutatum
1229 1360 1459 1418 resurget
1511 1354 1885 1418 incorruptione

197 1434 342 1491 atque
397 1426 747 1476 inmortalitate
804 1428 1049 1475 vestitum.
1130 1426 1226 1475 Sed
1280 1429 1373 1475 etsi
1424 1426 1500 1475 vel
1555 1442 1671 1475 casu
1722 1426 1884 1491 aliquo

196 1502 331 1564 gravi
362 1499 438 1548 vel
477 1502 792 1549 inimicorum
831 1501 1118 1548 inmanitate
1158 1506 1318 1549 totum
1358 1501 1557 1565 penitus
1599 1506 1885 1549 conteratur

195 1576 246 1622 in
278 1574 533 1638 pulverem
574 1581 720 1638 atque
753 1575 803 1622 in
846 1589 989 1622 auras
1029 1573 1104 1622 vel
1136 1575 1187 1622 in
1220 1588 1370 1638 aquas
1404 1573 1699 1640 dispersum,
1733 1589 1883 1638 quan-

195 1654 301 1696 tum
356 1648 463 1696 fieri
517 1653 703 1711 potest,
759 1662 1001 1712 nusquam
1059 1663 1166 1696 esse
1224 1649 1415 1696 sinatur
1470 1649 1694 1696 omnino:
1749 1647 1883 1696 nullo

195 1721 339 1769 modo
381 1720 603 1770 subtrahi
642 1723 826 1786 poterit
865 1722 1248 1786 omnipotentiae
1290 1720 1559 1787 CreatoriS‚
1612 1721 1698 1770 sed
1739 1721 1883 1786 capil-

194 1794 271 1844 lus
310 1797 361 1844 in
402 1810 459 1843 eo
512 1796 687 1860 capitis
737 1810 834 1843 non
874 1794 1070 1859 peribit.
1146 1794 1254 1844 Erit
1294 1810 1411 1860 ergo
1453 1795 1650 1860 spiritui
1690 1794 1885 1844 subdita

195 1884 308 1917 caro
350 1868 584 1933 spiritalis
597 1908 609 1933 ‚
659 1868 744 1917 sed
785 1875 947 1917 tamen
990 1884 1132 1935 cam,
1171 1883 1270 1917 non
1312 1870 1538 1934 spiritus3
1579 1869 1708 1918 sicut
1747 1870 1884 1917 carni

195 1941 422 1991 subditus
475 1942 568 1991 fuit
619 1944 822 2007 spiritus
871 1944 976 2007 ipse
1026 1941 1258 2008 carnaliS‚
1312 1942 1397 1991 sed
1446 1949 1609 1991 tamen
1662 1943 1882 2007 spiritus,

194 2031 293 2064 non
341 2030 471 2065 caro.
549 2015 701 2065 Cuius
749 2017 822 2065 rei
869 2015 1107 2065 habemus
1160 2018 1551 2080 experimentum
1592 2017 1643 2064 in
1684 2022 1881 2064 nostrae

194 2105 380 2153 poenae
437 2089 762 2139 deformitate.
846 2089 953 2138 Non
1010 2091 1141 2138 enim
1193 2090 1467 2138 secundum
1519 2104 1740 2154 carnem,
1796 2089 1881 2138 sed

194 2164 366 2226 utique
407 2162 679 2211 secundum
720 2164 949 2226 spiritum
989 2162 1208 2211 carnales
1250 2170 1403 2228 erant,
1445 2162 1623 2226 quibus
1663 2164 1730 2212 ait
1769 2177 1880 2227 apo-

195 2235 372 2284 stolus:
414 2236 522 2284 Non
549 2238 696 2297 potui
724 2237 870 2284 vobis*
894 2239 1032 2296 loqui
1062 2238 1210 2296 quasi
1237 2237 1567 2297 spiritalibuS,
1606 2238 1700 2285 sed
1735 2238 1885 2296 quasi

194 2310 490 2358 carnalibus
500 2326 519 2366 ;
566 2315 615 2356 et
654 2308 799 2356 homo
841 2308 1074 2372 spiritalis
1114 2310 1184 2357 sic
1224 2310 1273 2357 in
1314 2308 1405 2357 hac
1443 2310 1542 2357 vita
1581 2307 1786 2374 dicitur,
1825 2315 1882 2358 ut

193 2388 355 2431 tamen
390 2396 598 2446 corpore
630 2381 787 2430 adhuc
820 2381 1028 2430 carnalis
1061 2383 1125 2431 sit
1165 2388 1214 2430 et
1251 2382 1411 2431 videat
1451 2381 1592 2430 aliam
1631 2381 1787 2446 legem
1828 2384 1880 2430 in

194 2454 428 2504 membris
476 2457 578 2503 suis
626 2461 983 2519 repugnantem
1037 2454 1133 2518 legi
1172 2457 1351 2504 mentis
1393 2470 1532 2521 suae3
1580 2457 1676 2504 erit
1715 2461 1879 2504 autem

196 2530 342 2577 etiam
374 2543 581 2593 corpore
615 2528 863 2594 spiritalis,
903 2543 1016 2577 cum
1058 2527 1227 2577 eadem
1268 2544 1380 2578 caro
1423 2531 1492 2577 sic
1532 2531 1879 2594 resurrexerit,

194 2608 249 2650 ut
280 2602 363 2651 flat
396 2601 526 2665 quod
559 2603 798 2666 scriptum
832 2608 928 2651 est:
969 2603 1260 2651 Seminatur
1300 2617 1485 2664 corpus
1526 2604 1757 2661 animale,
1798 2617 1876 2652 re-

311 2714 384 2770 27)
419 2718 457 2757 1.
492 2713 591 2758 Cor.
626 2718 667 2767 3,
703 2718 739 2758 1.
804 2716 877 2768 29)
909 2713 1040 2758 Rom.
1075 2718 1114 2767 7,
1148 2718 1218 2757 23.

313 2851 365 2889 11
400 2859 509 2902 ergo
542 2846 588 2889 et
618 2858 643 2888 v
