2038 3146
213 149 248 199 4
864 155 899 188 s.
923 155 1196 190 Auensmnn

215 287 353 338 nem,
404 270 555 319 altera
607 270 879 320 secundum
928 270 1158 333 spiritum
1214 271 1374 318 vivere
1426 269 1477 317 in
1528 270 1605 318 sui
1655 270 1894 334 cuiusque

219 347 415 409 generis
460 359 580 408 pace
628 344 897 392 volentium
945 349 1015 409 et,
1067 359 1180 392 cum
1227 342 1276 391 id
1331 342 1462 407 quod
1518 348 1753 407 expetunt
1815 343 1894 392 ad·

220 425 510 483 sequuntur,
549 419 598 466 in
641 418 717 466 sui
757 419 996 481 cuiusque
1037 418 1232 481 generis
1271 431 1390 481 pace
1430 417 1710 465 viventium.

908 574 1102 628 CAPUT
1134 575 1202 628 II.

157 690 183 729 5
220 683 296 732 De
326 684 429 732 vita
461 685 676 743 carnali,
716 697 847 744 quae
878 697 977 732 non
1009 698 1074 732 ex
1105 684 1335 745 corporis
1375 686 1580 740 tantum,
1619 683 1711 730 sed
1747 683 1895 730 etiam

591 772 657 805 ex
700 758 859 805 animi
895 757 1232 817 intelleqenda
1270 758 1337 804 sit
1374 757 1519 804 vitiis.

362 858 507 907 Prius
540 873 658 923 ergo
691 858 958 909 videndum
992 866 1082 923 est,
1121 859 1239 922 quid
1271 859 1335 907 sit
1373 857 1647 907 seeundum
1685 872 1899 922 carnem,

218 931 335 996 quid
368 932 641 1001 secundum
673 934 902 997 spiritum
932 933 1113 980 vivere.
1191 932 1426 995 Quisquis
1465 933 1597 979 enim
1634 931 1728 979 hoc
1768 931 1899 995 quod

217 1005 429 1054 diximus
459 1007 619 1069 prima
649 1005 811 1054 fronte
851 1007 1065 1070 inspicit,
1103 1004 1181 1053 vel
1219 1019 1319 1053 non
1357 1003 1582 1053 recolens
1622 1004 1698 1053 vel
1736 1006 1900 1053 minus

128 1087 184 1127 10
217 1078 476 1127 advertens
526 1093 672 1142 quem
719 1078 779 1127 ad
826 1078 1028 1128 modum
1073 1080 1347 1143 scripturae
1388 1084 1583 1127 sanctae
1621 1077 1901 1143 loquantur,

216 1157 381 1216 potest
426 1157 602 1215 putare
663 1151 981 1217 philosophos
1048 1152 1247 1216 quidem
1303 1151 1576 1215 Epicureos
1628 1151 1900 1200 secundum

216 1239 415 1273 carnem
454 1226 633 1290 vivere,
673 1227 787 1289 quia
827 1240 1075 1275 summum
1113 1224 1299 1274 bonum
1335 1224 1549 1274 hominis
1586 1226 1638 1273 in
1678 1227 1899 1289 corporis

218 1297 468 1363 voluptate
499 1306 791 1365 posuerunt,
831 1305 880 1347 et
912 1300 954 1347 si
986 1299 1071 1363 qui
1102 1298 1183 1348 alii
1222 1305 1353 1363 sunt,
1392 1300 1477 1362 qui
1516 1313 1715 1362 quoquo
1754 1299 1899 1347 modo

222 1372 445 1436 corporis
498 1370 685 1421 bonum
739 1387 987 1422 summum
1048 1371 1233 1421 bonum
1287 1387 1395 1421 esse
1449 1371 1661 1420 hominis
1716 1373 1901 1436 opinati
1947 1397 1965 1416 ,ι

130 1453 184 1493 15
218 1451 349 1511 sunt,
387 1451 438 1493 et
469 1459 643 1494 eorum
684 1460 827 1495 omne
867 1445 1056 1510 vulgUS,
1097 1448 1182 1510 qui
1220 1461 1320 1494 non
1359 1445 1521 1508 aliquo
1561 1445 1785 1509 dogmate
1825 1445 1901 1494 vel

219 1533 278 1567 eo
323 1517 469 1567 modo
514 1517 947 1585 philosophantur,
994 1519 1079 1568 sed
1126 1519 1369 1584 proclives
1417 1518 1476 1567 ad
1514 1517 1767 1567 libidinem
1805 1520 1901 1567 nisi

220 1607 281 1640 ex
318 1591 674 1658 voluptatibuS,
714 1607 834 1656 quas
874 1594 1126 1657 corporeis
1166 1591 1393 1641 sensibus
1434 1594 1647 1658 capiunt,
1685 1591 1899 1656 gaudere

217 1667 473 1730 nesciunt3
515 1664 707 1714 Stoicos
747 1672 926 1731 autem,
965 1667 1050 1730 qui
1089 1680 1337 1715 summum
1374 1664 1559 1714 bonum
1596 1664 1810 1714 hominis
1849 1667 1900 1714 in

217 1740 378 1788 animo
410 1745 617 1804 ponunt,
656 1738 930 1788 secundum
961 1740 1190 1803 spiritum
1229 1741 1406 1798 vivere,
1447 1740 1560 1803 quia
1600 1746 1649 1787 et
1687 1738 1899 1788 hominis

127 1819 184 1860 20
219 1813 412 1861 animus
459 1811 577 1875 quid
625 1819 701 1861 est
748 1814 844 1861 nisi
891 1809 1130 1877 spiritus?
1207 1811 1303 1861 Sed
1355 1813 1483 1861 sicut
1519 1812 1740 1876 loquitur
1780 1813 1898 1861 scri-

217 1892 364 1950 ptura
404 1885 585 1950 divina,
634 1885 908 1935 secundum
947 1901 1147 1935 carnem
1184 1887 1347 1934 vivere
1388 1887 1585 1949 utrique
1625 1892 1899 1934 monstran-

216 1966 314 2008 tur.
393 1958 601 2007 Carnem
649 1961 830 2023 quippe
879 1958 1088 2023 appellat
1134 1974 1233 2007 non
1281 1958 1438 2007 solum
1486 1973 1667 2022 corpus
1712 1959 1901 2007 terreni

217 2038 365 2096 atque
413 2031 633 2080 mortalis
681 2033 941 2081 animantis
997 2025 1173 2098 (veluti
1221 2046 1335 2080 cum
1381 2031 1523 2080 dicit:
1585 2032 1695 2080 Non
1742 2034 1900 2080 omnis

218 2120 345 2156 caro
377 2107 551 2154 eadem
584 2120 738 2162 caro;
778 2108 882 2154 alia
921 2107 1120 2166 quidem
1159 2107 1384 2165 hominiS,
1425 2107 1530 2153 alia
1570 2111 1736 2154 autem
1775 2119 1900 2154 caro

132 2188 187 2228 25
214 2182 434 2242 pecorile,
474 2181 579 2228 alia
617 2182 900 2244 volucrum,
939 2181 1044 2228 alia
1076 2172 1335 2244 piscium),
1375 2177 1462 2226 sed
1501 2183 1550 2226 et
1589 2177 1694 2226 aliis
1733 2177 1899 2227 multis

219 2252 379 2301 modis
412 2252 766 2316 significatione
798 2251 946 2301 huius
977 2253 1189 2300 nominis
1221 2252 1393 2316 utitur,
1425 2252 1554 2299 inter
1586 2266 1710 2315 quos
1741 2252 1900 2299 varios

216 2325 481 2375 locutionis
520 2325 692 2374 modos
733 2339 896 2390 saepe.
918 2326 1065 2374 etiam
1102 2326 1265 2390 ipsum
1303 2323 1578 2390 hominem,
1615 2323 1665 2372 id
1705 2331 1780 2372 est
1817 2338 1899 2372 na-

216 2405 380 2448 turam
409 2399 637 2463 hominiS,
677 2413 875 2447 carnem
907 2405 1173 2464 nuncupat,
1210 2397 1355 2446 modo
1395 2396 1656 2446 locutionis
1695 2411 1722 2445 a
1759 2403 1899 2461 parte

218 2477 401 2538 totum,
456 2471 598 2536 quale
653 2478 750 2520 est:
805 2473 888 2520 Ex
942 2473 1178 2534 operibus
1225 2473 1349 2532 ἱερεῖς
1394 2484 1493 2520 non
1541 2471 1900 2529 iustificabitur

131 2555 188 2595 30
220 2548 378 2594 omnis
410 2560 551 2595 caro,
629 2545 757 2602 Quid
790 2546 921 2594 enim
951 2544 1104 2593 voluit
1135 2543 1350 2607 Intellegi
1382 2545 1478 2592 nisi
1518 2545 1675 2592 omnis
1713 2539 1900 2591 homo?

337 2657 411 2710 25)
447 2662 483 2699 1.
518 2656 619 2700 Cor.
656 2661 725 2712 15,
759 2661 827 2701 39.
893 2658 966 2712 30)
997 2656 1128 2700 Rom.
1162 2661 1203 2709 3,
1237 2659 1305 2699 20.

341 2821 364 2859 1
398 2817 595 2860 alberam
627 2817 677 2860 F
712 2819 727 2873 ss
765 2822 822 2861 24
855 2817 948 2861 alia
980 2817 1165 2872 quidem
1206 2815 1316 2868 VA;
1349 2815 1430 2859 sed
1460 2815 1517 2859 al.
1552 2829 1626 2870 qu.
1658 2827 1683 2858 v
1718 2816 1734 2870 ΙΙ
1765 2818 1820 2858 25
1855 2815 1900 2858 et

230 2873 341 2927 VF;
372 2887 453 2919 om.
487 2875 559 2918 Av
