2004 3140
540 141 607 174 mn
632 138 872 174 omum
895 138 986 173 nm
1010 140 1053 173 L.
1078 140 1223 174 xvm.
1248 139 1286 174 c.
1310 141 1362 175 54.
1698 129 1808 183 343

113 258 256 307 orbis
303 259 488 305 terrae.
583 252 676 302 Sed
727 253 979 318 quoniam,
1025 254 1315 318 priusquam
1360 267 1534 318 passus
1581 260 1712 303 esset
1759 261 1810 303 et

118 329 476 379 resurrexisset
530 341 557 375 a
612 327 848 391 mortuiS,
912 326 1131 376 nondum
1186 326 1307 376 fides
1361 326 1591 376 omnibus
1645 327 1808 377 fuerat

119 403 317 452 definita
357 396 433 468 (in
472 401 838 449 resurrectione
881 402 1060 466 quippe
1103 399 1287 450 Christi
1326 399 1524 450 definita
1563 407 1654 467 est,
1693 416 1807 450 nam

118 478 189 526 sic
236 474 488 540 apostolus
534 473 715 523 Paulus
756 472 1139 523 Atheniensibus
1186 474 1406 538 loquitur
1445 473 1639 524 dicens:
1695 476 1807 524 Iam

117 564 254 599 nunc
293 549 567 598 adnuntiat
596 548 880 598 hominibus
919 562 1087 597 omnes
1127 549 1311 609 ubique
1350 563 1508 610 aqere
1540 551 1805 611 paeniten-

116 625 260 683 tiam,
309 637 367 672 eo
406 624 544 684 quod
578 623 757 672 statuit
802 623 932 671 diem
974 623 1209 671 iudicare
1247 623 1416 671 orbem
1458 624 1509 671 in
1549 625 1809 684 aequitate

112 699 168 745 in
208 698 318 746 viro
358 711 455 758 quo
504 698 731 756 definivit
770 697 924 755 fidem
972 696 1199 745 omnibus
1245 698 1557 745 resuscitans
1597 698 1734 745 illum
1775 711 1807 746 a

115 764 377 837 mortuis):
415 769 592 819 melius
631 771 683 818 in
722 768 812 818 hac
854 771 1143 833 quaestione
1184 768 1416 818 solvenda
1456 769 1570 818 inde
1610 771 1807 819 initium

115 845 379 910 sumimus3
425 845 719 908 praesertim
765 844 879 908 quia
925 850 1043 892 tunc
1091 842 1234 892 datus
1289 850 1364 892 est
1403 844 1549 892 etiam
1591 842 1807 908 Spiritus

116 923 332 983 sanctuS,
372 919 500 967 sicut
532 932 646 967 eum
686 917 791 966 dari
829 923 942 982 post
981 918 1402 966 resurrectionem
1434 917 1620 966 Christi
1660 932 1804 982 opor·

116 990 250 1040 tebat
288 993 339 1040 in
380 1006 436 1040 ea
475 993 692 1055 civitate,
739 1006 800 1039 ex
853 1006 947 1055 qua
987 990 1158 1040 debuit
1197 992 1415 1055 incipere
1456 990 1533 1039 lex
1574 991 1806 1057 secunda,

115 1065 209 1114 hoc
250 1072 325 1114 est
362 1071 712 1114 testamentum
759 1079 954 1114 novum.
1030 1063 1196 1113 Prima
1234 1066 1366 1113 enim
1406 1065 1499 1113 fuit
1538 1080 1597 1113 ex
1638 1072 1804 1114 monte

117 1138 234 1187 Sina
279 1154 370 1203 per
407 1138 631 1204 Moysen,
679 1137 808 1202 quod
860 1145 1211 1187 testamentum
1258 1144 1462 1187 vocatur
1501 1146 1657 1187 vetus,
1734 1138 1805 1187 De

115 1211 205 1261 hac
253 1219 443 1278 autem,
497 1227 621 1276 quae
668 1227 759 1276 per
806 1210 1057 1261 Christum
1104 1211 1262 1260 danda
1310 1219 1442 1277 erat,
1496 1211 1806 1277 praedictum

116 1292 213 1335 est:
253 1286 336 1335 Ex
367 1286 490 1336 Sion
529 1289 612 1335 lex
647 1287 852 1347 prodiet
890 1291 938 1335 et
975 1287 1180 1335 verbum
1222 1286 1426 1335 Domini
1463 1301 1528 1335 ex
1559 1287 1804 1335 Hierusa-

115 1363 222 1410 lem.
300 1359 438 1409 Unde
494 1366 556 1408 et·
598 1361 702 1424 ipse
758 1374 848 1424 per
903 1374 1074 1408 omnes
1129 1366 1302 1424 gentes
1358 1359 1479 1408 dixit
1529 1359 1806 1424 praedicari

111 1439 346 1498 oportere
378 1435 429 1482 in
462 1434 659 1482 nomine
701 1448 791 1482 suo
830 1435 1195 1499 paenitentiam,
1236 1433 1323 1482 sed
1362 1441 1527 1482 tamen
1566 1435 1805 1498 incipien-

112 1506 247 1556 tibus
280 1507 339 1556 ab
371 1506 693 1556 Hierusalem.
770 1505 843 1555 Ibi
884 1522 1000 1571 ergo
1040 1522 1247 1556 exorsus
1287 1514 1364 1556 est
1402 1507 1550 1556 huius
1589 1509 1805 1557 nominis

114 1580 300 1647 cultuS,
353 1587 409 1630 ut
462 1583 514 1630 in
559 1580 723 1630 Iesum
771 1579 1045 1647 Christum,
1100 1583 1186 1645 qui
1240 1581 1506 1630 crucifixus
1555 1582 1716 1630 fuerat
1756 1588 1804 1630 et

117 1661 484 1721 resurrexerat,
530 1653 835 1706 crederetur.
921 1654 995 1703 Ibi
1041 1654 1160 1703 haec
1208 1655 1329 1704 fides
1378 1663 1476 1704 tam
1527 1654 1804 1720 insignibus

113 1729 268 1778 initiis
330 1727 607 1793 incanduit,
669 1734 725 1776 ut
779 1727 964 1792 aliquot
1018 1727 1274 1777 hominum
1328 1728 1460 1777 milia
1513 1730 1564 1777 in
1620 1727 1806 1777 Christi

115 1817 297 1851 nomen
336 1799 548 1850 mirabili
586 1800 834 1850 alacritate
876 1816 1113 1850 conversa
1152 1801 1361 1850 venditis
1401 1803 1504 1851 suis
1544 1801 1710 1867 rebuS,
1750 1808 1807 1851 ut

115 1877 286 1939 egenis
342 1873 783 1940 distribuerentur,
838 1876 1092 1940 proposito
1148 1881 1318 1924 sancto
1366 1883 1415 1924 et
1462 1875 1806 1924 ardentissima

111 1950 320 1998 caritate
353 1947 412 1997 ad
444 1955 786 2013 paupertatem
825 1948 1148 1997 voluntariam
1185 1950 1504 2014 pervenirent
1543 1956 1690 2014 atque
1731 1951 1803 1998 in·

117 2030 195 2071 ter
227 2022 494 2072 frementes
535 2029 584 2071 et
622 2023 911 2085 sanguinem
951 2023 1175 2072 sitientes
1207 2022 1413 2071 Iudaeos
1454 2038 1506 2072 se
1546 2038 1703 2087 usque
1745 2022 1805 2071 ad

117 2102 327 2145 mortem
380 2111 471 2161 pro
526 2098 730 2146 veritate
786 2103 976 2146 certare
1028 2111 1127 2145 non
1186 2103 1370 2146 armata
1420 2099 1662 2162 potentia,
1718 2096 1806 2145 sed

116 2171 398 2234 potentiore
447 2171 683 2235 patientia
728 2177 1094 2235 praepararent.
1171 2169 1276 2219 Hoc
1325 2172 1367 2230 si
1414 2170 1562 2219 nullis
1602 2171 1804 2234 magicis

119 2242 307 2292 artibus
359 2244 543 2294 factum
594 2251 691 2309 est,
739 2259 829 2292 cur
877 2243 1081 2293 credere
1130 2243 1356 2293 dubitant
1403 2244 1574 2293 eadem
1620 2246 1803 2293 virtute

117 2316 279 2365 divina
333 2332 422 2382 per
475 2324 634 2366 totum
698 2317 936 2367 mundum
990 2316 1038 2365 id
1094 2317 1201 2366 fieri
1254 2319 1498 2383 potuisse,
1562 2333 1657 2381 qua
1711 2317 1805 2366 hoc

1841 925 1895 967 10

1840 1294 1895 1335 15

1837 1663 1895 1704 20

1838 2030 1895 2072 25

119 2390 303 2439 factum
357 2388 468 2440 est?
546 2390 598 2439 Si
652 2397 817 2440 autem
871 2397 926 2440 ut
973 2390 1325 2456 Hierosolymis
1379 2393 1449 2440 sic
1504 2390 1563 2440 ad
1615 2390 1804 2440 cultum
1835 2398 1894 2439 30

121 2465 333 2514 nominis
388 2463 572 2513 Christi
626 2463 983 2514 accenderetur
1037 2471 1170 2514 tanta
1220 2465 1474 2514 hominum
1526 2463 1804 2528 multitudo,

123 2550 246 2599 quae
279 2536 417 2586 illum
447 2539 499 2586 in
532 2552 679 2589 cruce
712 2537 789 2587 vel
828 2539 999 2586 fixerat
1037 2553 1275 2602 prensum
1314 2538 1389 2586 vel
1428 2539 1605 2586 riserat
1637 2538 1804 2603 fixum,

119 2724 180 2763 24
226 2663 284 2764 417)
316 2663 390 2708 Ps.
424 2667 494 2719 71,
527 2669 567 2709 8.
631 2667 677 2720 8)
714 2666 812 2709 Aet.
846 2669 923 2719 17,
957 2667 1013 2707 30
1046 2678 1113 2720 sq.
1179 2666 1252 2719 16)
1286 2664 1404 2707 Esai.
1439 2669 1480 2717 2,
1513 2668 1553 2708 3.
1619 2665 1691 2718 18)
1724 2663 1806 2708 Lc.

244 2873 268 2912 7
302 2882 392 2924 quo
424 2867 570 2913 ΒΑΓ
595 2883 676 2918 sec.
710 2870 868 2917 Graec.
879 2886 895 2925 ;
926 2871 973 2915 in
1005 2885 1095 2927 quo
1128 2872 1191 2927 ru
1220 2875 1271 2914 17
1304 2870 1376 2915 hie
1407 2870 1573 2915 desinit
1604 2870 1698 2915 cod.
1731 2869 1784 2914 F
