2004 3140
154 966 209 1005 10

154 1334 209 1373 15

151 1703 210 1742 20

152 2071 208 2110 25

152 2438 209 2477 30

241 165 350 218 304
929 175 962 208 S.
987 176 1260 211 AUGUSTINI

242 289 373 339 nulla
427 290 521 338 iam
577 290 735 353 posui.
812 288 1130 353 Prophetavit
1184 296 1346 340 autem
1402 296 1638 354 regnante
1695 289 1819 338 [osia
1873 291 1924 338 in

242 362 548 412 Hierusalem
598 369 645 411 et
693 362 820 427 apud
859 362 1106 412 Romanos
1153 364 1286 413 Anco
1326 364 1532 429 Marcie,
1578 364 1672 412 iam
1727 365 1924 428 propin-

244 443 423 501 quante
457 438 735 502 captivitate
767 435 1075 486 Iudaeorum.
1153 437 1383 487 Tetendit
1415 443 1577 486 autem
1617 437 1926 502 prophetiam

240 526 399 575 usque
441 511 499 560 ad
540 512 767 575 quintum
815 526 1035 560 mensem
1083 513 1397 576 captivitatiS,
1445 513 1573 560 sicut
1612 513 1663 559 in
1704 514 1810 561 eius
1849 511 1924 561 lit-

243 587 363 634 teris
418 586 709 634 invenimus.
809 584 1083 650 Sophonias
1138 591 1299 634 autem
1354 601 1498 634 unus·
1538 585 1596 634 de
1654 585 1926 635 minoribus

244 659 526 723 adiungitur
567 660 627 708 ei.
703 658 825 707 Nam
874 665 922 707 et
959 661 1064 724 ipse
1106 661 1156 707 in
1196 658 1370 708 diebus
1409 658 1563 707 Iosiae
1604 659 1925 724 prophetasse

244 749 294 782 se
336 733 474 799 dicit3
516 733 601 782 sed
643 748 916 798 quousque,
955 748 1054 781 non
1095 733 1225 782 dicit.
1302 732 1617 796 Prophetavit
1657 748 1772 797 ergo
1812 733 1925 782 Hie-

242 809 421 856 remias
476 822 575 855 non
631 806 789 855 solum
836 807 958 855 Anci
1004 806 1197 873 Marcii,
1252 821 1422 855 verum
1479 808 1623 855 etiam
1673 807 1927 872 Tarquinii

242 881 400 929 Prisci
427 880 777 945 ‘temporibus,
826 896 971 944 quem
1013 880 1219 929 Romani
1264 878 1545 929 habuerunt
1585 882 1809 943 quintum
1850 896 1926 930 re-

243 970 365 1019 gem.
443 954 552 1019 Ipse
595 956 740 1020 enim,
780 954 974 1018 quando
1015 954 1094 1003 illa
1133 955 1386 1019 captivitas
1426 955 1552 1003 facta
1592 960 1682 1020 est,
1719 970 1926 1019 regnare

241 1031 336 1077 iam
393 1035 636 1093 coeperat.
728 1027 1037 1093 Prophetans
1093 1043 1209 1093 ergo
1265 1028 1324 1077 de
1382 1027 1576 1077 Christo
1631 1027 1926 1078 Hieremias:

243 1104 485 1164 Spiritus,
525 1104 701 1168 inquit,
741 1105 845 1151 oris
884 1105 1047 1152 nostri
1091 1103 1316 1152 Christus
1356 1103 1598 1152 Dominus
1638 1108 1816 1165 eaptus
1856 1101 1939 1152 est'

242 1180 294 1225 in
342 1179 571 1239 peccatis
625 1178 833 1242 nostris,
880 1178 949 1225 sic
995 1176 1212 1226 breviter
1264 1176 1530 1225 ostendens
1579 1182 1627 1224 et
1674 1176 1927 1225 dominum

242 1256 468 1298 nostrum
509 1249 761 1299 Christum
813 1257 863 1299 et
901 1265 1101 1315 passum
1142 1265 1250 1299 esse
1291 1266 1381 1314 pro
1422 1249 1580 1299 nobiS.
1655 1249 1778 1299 Item
1818 1249 1925 1299 loco

244 1324 358 1373 alio:
406 1325 504 1373 Hie
544 1325 680 1373 Deus
729 1338 891 1384 meus,
938 1326 1120 1390 inquit,
1176 1330 1224 1373 et
1269 1339 1368 1374 non
1409 1325 1758 1373 aestimabitur
1797 1327 1929 1373 alter

243 1400 314 1447 ad
358 1412 500 1455 eum;
554 1400 643 1458 qui
690 1401 879 1447 invenit
925 1411 1114 1447 omnem
1163 1400 1295 1448 uiam
1337 1400 1646 1460 prudentiae
1695 1404 1743 1448 et
1791 1400 1930 1448 dedit

243 1486 353 1521 eam
386 1473 542 1521 Iacob
577 1486 738 1533 puero
778 1486 867 1521 suo
908 1478 957 1520 et
989 1473 1157 1520 Israel
1193 1473 1373 1521 dilecto
1412 1485 1501 1520 suo
1511 1489 1530 1530 ;
1564 1477 1678 1534 post
1715 1473 1844 1521 haee
1875 1474 1927 1520 in

243 1552 386 1595 terra
434 1548 567 1595 visus
615 1551 688 1594 est
735 1550 782 1594 et
822 1560 934 1595 eum
973 1547 1254 1594 bominibus
1294 1551 1620 1595 conversatus
1661 1550 1746 1594 est.
1822 1544 1926 1594 Hoc

241 1620 580 1668 testimonium
621 1619 818 1682 quidam
858 1634 955 1668 non
995 1618 1294 1685 Hieremiae,
1343 1619 1428 1668 sed
1469 1618 1657 1668 scribae
1699 1620 1805 1668 eius
1846 1618 1926 1667 ad-

242 1692 484 1760 tribuunt,
525 1694 609 1756 qui
647 1692 912 1742 vocabatur
942 1692 1159 1759 Baruch3
1200 1693 1285 1742 sed
1318 1692 1592 1742 Hieremiae
1634 1692 1927 1742 celebratius

242 1766 464 1816 habetur.
549 1766 742 1815 Rursus
789 1766 919 1815 idem
966 1766 1207 1832 propheta
1254 1766 1314 1815 de
1361 1768 1491 1831 ipso:
1543 1768 1702 1827 Eece,
1750 1768 1927 1832 inquit,

243 1843 349 1890 dies
396 1843 621 1899 veniunt,
678 1843 752 1890 ait
796 1842 1060 1900 Dominus7
1115 1847 1165 1890 et
1207 1843 1461 1890 suscitabo
1509 1841 1679 1890 David
1718 1855 1927 1902 yermen

242 1917 439 1974 iustum,
480 1920 529 1963 et
559 1916 799 1975 reynabit
827 1930 923 1964 rea:
956 1920 1004 1964 et
1033 1917 1235 1977 sapiens
1268 1918 1366 1964 erit
1397 1921 1446 1964 et
1478 1914 1642 1976 faciet
1680 1916 1925 1964 iudicium

243 1994 292 2037 et
337 1990 578 2037 iustitiam
632 1991 684 2037 in
734 1995 890 2038 terra.
970 1990 1031 2037 In
1083 1990 1258 2038 diebus
1299 1991 1395 2038 illis
1433 1990 1714 2038 salvabitur
1754 1989 1926 2048 IudaS,

243 2067 291 2111 et
330 2063 497 2111 Israel
533 2063 783 2110 habitabit
821 2063 1161 2121 confidentem
1212 2067 1261 2111 et
1297 2065 1392 2112 hoe
1432 2069 1506 2111 est
1543 2077 1742 2127 nomen,
1793 2064 1930 2123 quod

243 2137 495 2184 vocabunt
556 2149 692 2184 eum:
754 2136 998 2184 Dominus
1061 2138 1220 2184 iustus
1281 2141 1463 2185 noster.
1541 2135 1611 2183 De
1672 2137 1925 2184 vocatione

243 2210 388 2257 etiam
428 2209 662 2273 gentium,
703 2223 826 2272 quae
866 2209 1027 2257 fuerat
1066 2209 1231 2257 futura
1271 2215 1320 2257 et
1360 2223 1466 2257 eam
1506 2224 1637 2257 nunc
1676 2208 1926 2273 impletam

243 2283 507 2347 cernimus,
548 2282 618 2330 sic
648 2281 843 2330 locutus
876 2288 972 2330 est:
1013 2283 1222 2331 Domine
1254 2283 1390 2331 Deus
1422 2297 1559 2331 meus
1591 2288 1640 2331 et
1669 2281 1926 2344 refuqium

242 2369 403 2404 meum
444 2358 494 2404 in
536 2357 617 2404 die
655 2358 914 2416 malorum,
956 2358 1027 2404 ad
1063 2361 1111 2404 te
1146 2362 1320 2416 qentes
1360 2359 1559 2405 venient
1597 2358 1659 2405 ab
1702 2362 1926 2405 extremo

244 2435 417 2478 terrae
449 2434 497 2478 et
528 2430 724 2478 dicent:
776 2429 902 2478 Vere
940 2431 1208 2479 mendacia
1249 2433 1517 2479 coluerunt
1548 2435 1726 2492 patres
1764 2433 1929 2479 nostri

241 2505 544 2562 simulacra,
601 2507 649 2551 et
702 2517 800 2551 non
848 2509 921 2551 est
967 2506 1018 2551 in
1067 2506 1164 2552 illis
1210 2506 1416 2552 utilitas
1495 2502 1619 2561 Quia
1669 2518 1785 2551 vero
1825 2518 1923 2551 non

243 2582 382 2624 erant
422 2591 536 2625 eum
576 2577 789 2639 agnituri
828 2575 1016 2642 Iudaei,
1057 2591 1082 2624 a
1124 2575 1302 2640 quibus
1343 2592 1456 2626 eum
1496 2583 1545 2626 et
1584 2576 1742 2626 occidi
1781 2591 1922 2641 opor·

362 2690 403 2744 7)
437 2688 637 2745 Sophon.
682 2693 729 2744 1,
772 2692 809 2732 1.
875 2689 946 2742 13)
979 2688 1147 2733 Thren.
1181 2694 1229 2743 4,
1270 2694 1339 2732 20.
1406 2691 1475 2745 18)
1507 2689 1612 2734 Bar.
1645 2694 1692 2744 3,
1735 2692 1790 2732 36
1823 2703 1922 2744 sqq.

243 2750 315 2803 26)
349 2747 472 2792 Hier.
507 2752 578 2802 23,
613 2752 637 2790 5
672 2762 738 2803 sq.
802 2748 874 2802 31)
907 2746 1032 2791 Hier.
1068 2752 1137 2802 16,
1174 2752 1239 2791 19.

359 2913 417 2952 24
446 2908 579 2953 iudas
610 2908 701 2952 RA
732 2911 863 2963 (253,
897 2913 986 2962 29,·
1017 2908 1144 2953 Neue
1177 2909 1281 2965 Ip.
1317 2913 1448 2965 608);
1480 2909 1603 2952 Juda
1634 2908 1707 2953 Fv
