2004 3140
530 169 597 201 ms
621 167 859 202 CIVITATE
883 168 973 201 Dm
997 168 1038 200 L.
1062 169 1166 202 x1x.
1193 168 1231 202 c.
1257 170 1309 202 14.
1335 170 1386 204 15.
1687 158 1807 215 381,

95 281 500 346 -·oboediendique
555 280 818 330 concordia
869 281 1270 331 cohabitantium.
1347 281 1595 348 Imperant
1650 284 1796 347 enim,

109 359 196 421 qui
234 354 521 420 consulunt3
562 356 691 404 sicut
721 356 795 403 vir
834 357 993 416 uxori,
1032 362 1263 420 parentes
1303 355 1430 421 filiis,
1469 356 1653 405 domini
1693 371 1795 405 ser-

99 433 196 480 viS.
273 428 552 479 Oboediunt
599 434 764 478 autem
811 428 992 493 quibus
1040 429 1338 495 consulitur3
1386 432 1514 479 sicut
1561 429 1795 479 mulieres

108 505 313 569 maritiS‚
352 502 438 552 filii
470 501 774 568 parentibuS,
813 505 942 552 servi
975 503 1202 553 dominis,
1280 503 1377 552 Sed
1409 505 1459 552 in
1492 503 1637 553 domo
1677 506 1795 553 iusti

106 579 315 626 viventis
354 592 413 625 ex
453 577 547 625 fide
589 583 638 626 et
676 576 834 626 adhuc
886 576 946 626 ab
984 577 1063 626 illa
1105 577 1304 626 caelesti
1343 578 1536 626 civitate
1576 579 1793 643 peregri-
1827 587 1854 626 5

108 652 270 700 nantis
317 652 464 700 etiam
512 652 596 715 qui
642 652 885 716 imperant
933 653 1156 700 serviunt
1202 653 1298 717 εἰς,
1348 650 1527 716 quibus
1566 651 1795 701 videntur
1843 671 1845 673 ·

106 726 366 789 imperare.
456 723 627 789 Neque
684 726 815 774 enim
878 724 1160 774 dominandi
1215 724 1481 790 cupiditate
1535 727 1794 791 imperant,

96 799 194 848 sed
233 799 396 848 officio
437 798 750 862 consulendi,
789 814 881 847 nec
919 798 1230 864 principandi
1270 798 1516 865 superbia,
1556 799 1641 849 sed
1683 815 1793 865 pro-

96 872 301 922 videndi
340 873 690 922 misericordia.

776 1104 973 1160 CAPUT
1006 1105 1123 1160 XV.
1825 1119 1881 1158 10

105 1229 184 1278 De
221 1229 456 1277 libertate
494 1230 726 1277 naturali
762 1232 812 1277 et
849 1230 911 1277 de
949 1231 1204 1293 servitute,
1243 1230 1389 1277 cuius
1418 1229 1594 1290 prima
1633 1241 1794 1277 causa

91 1306 368 1365 peccatum
416 1306 509 1361 est,
559 1316 660 1362 qua
707 1303 851 1351 homo
898 1305 1063 1351 malae
1109 1305 1400 1367 voluntatiS,
1447 1303 1647 1351 etiamsi
1694 1315 1792 1351 non

179 1381 253 1426 est
290 1377 595 1438 mancipium
635 1378 849 1425 alterius
887 1378 1113 1437 hominis,
1152 1391 1328 1427 servus
1367 1381 1442 1427 est
1472 1377 1721 1439 propriae

828 1450 1066 1499 libidinis,

251 1566 355 1616 Hoc
408 1566 643 1616 naturalis
695 1567 815 1616 ordo
866 1567 1187 1634 praescribit,
1238 1569 1305 1617 ita
1357 1567 1487 1617 Deus
1542 1567 1791 1617 hominem
1827 1576 1881 1615 15

99 1640 337 1690 condidit.
415 1640 565 1691 Nam:
605 1642 917 1703 Dominetur,
956 1643 1139 1708 inquit,
1171 1644 1390 1705 piscium
1430 1643 1587 1691 maris
1626 1647 1676 1691 et
1713 1655 1791 1691 vo-

106 1717 321 1764 latilium
368 1718 502 1764 caeli
547 1721 596 1764 et
640 1718 859 1765 omnium
898 1718 1199 1778 repentium,
1248 1731 1380 1777 quae
1418 1721 1604 1778 repunt
1639 1730 1794 1777 super

105 1794 314 1838 terram.
415 1788 719 1838 Rationalem
775 1789 958 1838 factum
1013 1789 1071 1838 ad
1127 1791 1388 1853 imaginem
1444 1804 1583 1838 suam
1636 1788 1794 1837 noluit

105 1863 200 1911 nisi
250 1861 675 1911 inrationabilibus
726 1862 988 1929 dominari3
1029 1878 1127 1911 non
1166 1863 1415 1912 hominem
1455 1862 1662 1927 homini,
1703 1861 1789 1910 sed

104 1935 354 1984 hominem
393 1938 576 2001 pecori.
653 1935 769 1985 Inde
810 1938 956 2002 primi
996 1938 1114 1986 iusti
1152 1944 1377 2002 pastores
1416 1951 1653 2001 pecorum
1692 1951 1789 1984 ma·
1826 1946 1882 1985 20

97 2010 178 2074 gis
212 2024 355 2073 quam
389 2025 531 2074 reges
563 2010 818 2059 hominum
858 2012 1116 2060 constituti
1156 2018 1286 2076 sunt,
1326 2017 1380 2059 ut
1420 2012 1566 2059 etiam
1606 2011 1675 2058 sic
1719 2011 1790 2058 in-

101 2084 324 2132 sinuaret
356 2083 501 2149 Deus,
535 2083 651 2148 quid
683 2083 899 2149 postulet
932 2084 1052 2132 ordo
1085 2091 1440 2150 creaturarum,
1481 2083 1597 2148 quid
1631 2085 1791 2148 exigat

102 2157 335 2206 meritum
374 2166 705 2222 peccatorum.
783 2157 1016 2207 Condicio
1058 2160 1238 2223 quippe
1279 2160 1532 2207 servitutis
1571 2159 1679 2206 iure
1720 2159 1791 2206 in·

105 2228 354 2295 tellegitur
391 2232 603 2296 inposita
641 2234 908 2296 peccatori.
984 2232 1198 2281 Proinde
1239 2247 1482 2297 nusquam
1522 2233 1789 2296 scriptura-

108 2318 218 2353 rum
258 2304 466 2370 legimus
507 2321 726 2372 servum,
778 2313 1040 2370 antequam
1079 2305 1172 2354 hoc
1211 2305 1447 2355 vocabulo
1487 2305 1588 2354 Noe
1629 2306 1790 2353 iustus
1824 2312 1879 2351 25

107 2386 365 2442 peccatum
427 2378 513 2428 filii
584 2379 868 2428 vindicaret.
976 2379 1165 2428 Nomen
1227 2381 1391 2444 itaque
1453 2378 1586 2428 istud
1649 2377 1789 2442 culpa

106 2454 308 2517 meruit,
357 2467 456 2500 non
504 2460 692 2503 natura.
770 2453 920 2518 Origo
967 2459 1131 2502 autem
1182 2453 1404 2502 vocabuli
1445 2466 1700 2501 servorum
1739 2453 1789 2499 in

104 2521 275 2573 Latina
314 2525 478 2590 lingua
510 2527 624 2576 inde
665 2527 886 2576 creditur
925 2526 1087 2591 ducta,
1127 2527 1257 2591 quod
1298 2527 1363 2592 hi,
1404 2527 1489 2590 qui
1527 2527 1634 2574 iure
1675 2523 1791 2572 belli

106 2605 306 2660 possent
338 2599 510 2666 occidi,
550 2615 576 2648 a
608 2600 878 2649 victoribus
911 2615 1022 2649 cum
1065 2599 1387 2648 servabantur
1427 2600 1556 2647 servi
1595 2596 1790 2662 fiebant,

103 2683 135 2717 a
173 2672 409 2735 servando
450 2673 700 2739 appellati;
748 2674 877 2737 quod
930 2676 1074 2722 etiam
1115 2675 1276 2737 ipsum
1317 2674 1422 2721 sine
1461 2673 1651 2737 peccati
1690 2686 1789 2719 me·
1822 2681 1879 2720 30

106 2744 205 2792 rito
254 2760 351 2794 non
399 2753 489 2795 est.
566 2746 687 2795 Nam
737 2755 785 2796 et
833 2763 945 2796 cum
985 2749 1168 2796 iustum
1209 2747 1399 2810 geritur
1438 2744 1646 2810 bellum,
1698 2759 1787 2809 pro

226 2902 270 2954 5)
302 2901 446 2946 Abac.
480 2906 520 2956 2,
554 2906 595 2947 4.
661 2904 732 2959 18)
766 2902 879 2948 Gen.
916 2908 955 2957 1,
989 2907 1059 2948 26.
1122 2904 1197 2957 26)
1228 2901 1339 2946 Gen.
1373 2907 1416 2958 9,
1447 2905 1518 2947 25.
