2004 3140
150 926 203 966 10

146 1294 199 1334 15

144 1664 199 1703 20

143 2031 196 2071 25

139 2399 195 2438 30

238 130 344 182 622
842 183 849 189 ‚
925 141 958 174 s.
983 141 1260 176 AUGUs'nm

235 253 502 303 Platonicis
534 253 950 318 disputationibus
983 253 1332 318 congruebant.
1411 253 1574 303 Labeo
1615 256 1761 304 etiam
1801 255 1927 304 duos

237 327 357 377 dicit
402 342 501 376 uno
550 327 627 377 die
677 328 828 377 fuisse
877 327 1137 376 defunctos
1186 335 1235 378 et
1282 329 1562 377 occurrisse
1609 330 1820 378 invicem
1871 330 1923 378 in

238 401 449 466 quodam
489 403 718 466 compito,
758 401 935 450 deinde
976 400 1035 449 ad
1076 416 1284 466 corpora
1325 417 1413 450 sua
1452 403 1614 451 iussos
1654 402 1805 451 fuisse
1845 418 1925 452 re-

236 490 399 524 meare
440 482 491 524 et
529 477 846 525 constituisse
879 477 1010 524 inter
1049 489 1102 523 se
1135 477 1316 524 amicos
1359 490 1466 524 esse
1506 477 1738 542 victuros,
1778 482 1925 540 atque

238 551 306 598 ita
339 564 448 598 esse
483 549 680 615 sactum,
719 549 876 598 donec
907 555 1078 614 postea
1109 555 1438 598 morerentur.
1519 548 1615 598 Sed
1646 551 1728 598 isti
1760 557 1925 599 aucto—

237 638 318 671 res
370 622 517 672 talem
571 623 993 672 resurrectionem
1047 624 1270 687 corporis
1328 623 1505 672 factam
1556 623 1708 672 fuisse
1759 639 1923 672 narra-

236 703 370 763 runt,
411 696 578 761 quales
612 697 815 746 fuerunt
848 711 1035 762 eorum,
1076 712 1199 760 quos
1232 698 1570 745 resurrexisse
1610 698 1835 746 novimus
1875 704 1926 746 et

236 769 352 819 huic
410 770 606 834 quidem
658 770 877 819 redditos
929 773 1085 837 vitae,
1137 770 1223 819 sed
1276 786 1375 819 non
1427 785 1484 819 eo
1533 770 1677 819 modo
1723 777 1780 819 ut
1827 786 1924 819 non

236 843 554 893 morerentur
605 844 829 894 ulterius,
906 843 1177 893 Mirabilius
1228 851 1391 894 autem
1449 844 1679 908 quiddam
1730 843 1926 894 Marcus

239 917 392 966 Varro
448 920 587 983 ponit
633 920 683 966 in
734 917 899 984 libris,
952 933 1076 982 quos
1127 919 1424 983 conscripsit
1473 917 1532 966 de
1572 924 1718 983 gente
1757 917 1926 982 populi

233 991 464 1058 Romani,
512 993 654 1040 cuius
701 993 869 1056 putavi
909 991 1056 1041 verba
1103 993 1207 1056 ipsa
1257 991 1498 1057 ponenda.
1584 990 1924 1057 „Genethliaci

234 1065 434 1129 quidam
467 1067 790 1131 scripserunt,
830 1067 1006 1130 inquit,
1047 1081 1154 1115 esse
1195 1067 1245 1114 in
1287 1065 1604 1114 renascendis
1643 1064 1926 1115 hominibus

235 1154 380 1203 quam
413 1139 658 1204 appellant
687 1140 1064 1206 παλιγγενεσίαν
1092 1138 1292 1205 ,6Γ366ἰς
1332 1139 1423 1188 hac
1464 1141 1771 1203 scripserunt
1810 1154 1923 1188 con·

233 1213 315 1261 fici
353 1215 404 1261 in
445 1215 585 1262 annis
635 1229 841 1262 numero
892 1213 1265 1277 quadringentis
1313 1212 1654 1279 quadraginta,
1700 1219 1755 1262 ut
1794 1212 1924 1261 idem

238 1302 419 1351 corpus
453 1294 502 1335 et
533 1287 702 1336 eadem
738 1289 912 1354 anima,
954 1303 1077 1351 quae
1110 1287 1296 1336 suerint
1335 1288 1596 1336 coniuncta
1636 1289 1686 1334 in
1726 1285 1923 1335 homine

234 1360 510 1426 aliquande,
550 1360 721 1409 eadem
761 1376 937 1410 rursus
978 1361 1182 1409 redeant
1220 1362 1271 1409 in
1312 1355 1759 1409 coniunctionem.“
1825 1359 1923 1409 Iste

233 1432 385 1482 Varro
428 1433 626 1497 quidem
682 1436 783 1482 sive
834 1434 905 1483 illi
959 1433 1253 1499 genethliaci
1291 1435 1460 1482 nescio
1503 1435 1588 1498 qui
1629 1429 1752 1500 (non
1793 1435 1924 1482 euim

235 1509 430 1556 nomina
465 1522 634 1556 eorum
668 1508 898 1574 prodidit,
934 1523 1143 1572 quorum
1178 1509 1579 1556 commemoravit
1604 1502 1922 1574 sententiam)

234 1580 414 1644 aliquid
456 1580 708 1647 dixerunt,
758 1581 888 1646 quod
937 1581 1052 1630 licet
1100 1581 1277 1630 salsum
1318 1583 1381 1630 sit
1422 1575 1561 1648 (cum
1602 1582 1731 1630 enim
1772 1580 1924 1630 semel

233 1654 292 1702 ad
333 1654 503 1703 eadem
546 1670 753 1720 corpora
794 1671 918 1720 quae
959 1662 1222 1720 gesserunt
1261 1657 1449 1704 animae
1489 1655 1743 1720 redierint,
1781 1669 1920 1704 num-

236 1743 381 1792 quam
431 1743 486 1776 ea
534 1735 649 1778 sunt
694 1735 865 1793 postea
914 1724 1231 1796 relicturae),
1286 1736 1450 1778 tamen
1491 1728 1642 1777 multa
1680 1728 1813 1777 illius
1850 1730 1921 1777 in-

232 1801 589 1868 possibilitatiS,
630 1817 725 1866 qua
759 1809 930 1852 contra
963 1818 1053 1852 nos
1085 1804 1167 1852 isti
1199 1804 1438 1868 garriunt,
1480 1808 1767 1866 argumenta
1807 1817 1920 1851 con-

234 1874 367 1924 vellit
407 1883 456 1924 et
496 1875 721 1925 destruit.
801 1876 896 1934 Qui
937 1879 1067 1925 enim
1106 1876 1200 1925 hoc
1241 1878 1463 1925 sentiunt
1502 1878 1603 1924 sive
1644 1882 1922 1941 senserunt,

234 1963 333 1997 non
375 1951 446 1997 eis
486 1951 643 1998 visum
678 1957 754 1998 est
793 1950 901 1999 fieri
940 1965 1039 1999 non
1078 1965 1239 2016 posse,
1280 1956 1335 1999 ut
1375 1949 1559 2014 dilapsa
1598 1948 1832 1998 cadavera
1869 1950 1921 1997 in

235 2037 379 2071 auras
430 2024 482 2071 in
528 2023 803 2090 pulverem,
858 2025 909 2072 in
957 2026 1174 2072 cinerem
1224 2025 1275 2072 in
1330 2038 1552 2089 umoreS,
1605 2024 1656 2071 in
1713 2037 1921 2087 corpora

231 2098 540 2145 vescentium
594 2096 865 2146 bestiarum
919 2097 994 2146 vel
1040 2099 1262 2162 ipsorum
1313 2112 1509 2161 quoque
1556 2096 1810 2145 hominum
1860 2095 1919 2144 ad

232 2169 278 2217 id
331 2184 532 2218 rursum
579 2170 805 2237 redeant,
854 2171 984 2235 quod
1033 2171 1248 2220 suerunt.
1328 2170 1640 2234 Quapropter
1685 2169 1823 2218 Plato
1871 2176 1920 2218 et

230 2241 559 2309 PorphyriuS,
606 2243 681 2291 vel
729 2245 895 2307 potius
936 2245 1233 2307 quicumque
1274 2243 1384 2292 illos
1425 2243 1633 2307 diligunt
1672 2249 1722 2292 et
1760 2243 1918 2292 adhuc

230 2317 415 2399 vivunt,
457 2318 497 2364 si
531 2315 673 2364 nobis
707 2319 1027 2366 consentiunt
1068 2319 1211 2366 etiarn
1254 2324 1448 2366 sanctas
1489 2317 1673 2365 animas
1713 2316 1770 2364 ad
1812 2331 1917 2366 cor-

227 2404 347 2453 pora
398 2389 666 2455 redituraS,
715 2391 843 2439 sicut
889 2392 955 2439 ait
993 2390 1153 2456 Plato,
1204 2406 1295 2439 nec
1343 2398 1510 2439 tamen
1561 2389 1619 2438 ad
1659 2389 1782 2438 mala
1820 2389 1918 2439 ulla

230 2463 493 2530 redituraS,
533 2464 662 2512 sicut
700 2465 766 2512 ait
804 2463 1123 2529 Polphyrius,
1163 2471 1218 2513 ut
1257 2479 1316 2512 ex
1355 2463 1432 2512 his
1471 2464 1554 2512 fiat
1593 2478 1917 2528 consequenS,

231 2537 360 2599 quod
402 2536 524 2584 fides
569 2538 821 2601 praedicat
871 2536 1168 2603 Christiana,
1214 2537 1327 2586 talia
1368 2552 1574 2602 corpora
1615 2544 1916 2601 recepturaS,

228 2611 279 2657 in
320 2609 502 2673 quibus
543 2612 646 2658 sine
680 2610 779 2659 ullo
814 2610 939 2659 malo
981 2612 1031 2659 in
1072 2617 1328 2660 aeternum
1369 2610 1581 2659 feliciter
1619 2612 1795 2676 vivant,
1835 2609 1913 2658 ad-

349 2723 391 2775 11)
424 2721 490 2765 Pl.
525 2735 618 2778 rep.
654 2727 752 2778 614,
784 2723 835 2767 B.

348 2874 400 2911 13
434 2869 772 2925 asscripserunt
801 2868 871 2921 R,·
903 2869 987 2911 has
1021 2867 1303 2925 scripserunt
1334 2870 1378 2912 A
