2004 3140
562 145 628 178 DE
653 143 891 178 CIVITATE
916 145 1004 177 DEI
1027 145 1069 177 L.
1094 146 1197 177 xix.
1223 144 1260 178 c.
1284 146 1315 178 a.
1668 133 1777 186 353

84 261 166 310 his
219 259 380 309 tribus
436 259 499 306 sit
552 258 652 306 sive
708 256 887 306 alicubi
943 256 1080 322 alibi,
1136 257 1266 322 quod
1321 264 1433 322 post
1488 256 1776 308 videbimus

86 334 296 383 Interim
327 332 386 381 de
419 331 496 380 his
529 330 689 380 tribus
723 346 819 395 quo
859 330 1004 380 modo
1045 346 1192 380 unam
1232 330 1384 380 Varro
1425 330 1584 398 eligat,
1625 347 1778 396 quan-

89 415 196 457 tum
259 406 475 455 breviter
538 413 804 469 aperteque
868 420 1162 470 possumuS,
1233 404 1548 455 disseramus,
1649 405 1775 455 Istae

88 495 267 545 nempe
307 486 410 529 tres
450 486 612 528 sectae
652 481 720 528 ita
759 480 908 545 fiunt,
956 494 1069 528 eum
1109 479 1182 528 vel
1222 481 1380 544 prima
1420 487 1622 529 naturae
1663 495 1775 544 pro-

87 562 199 619 pter
237 555 485 619 virtutem,
524 552 599 601 vel
631 554 786 602 virtus
826 560 1031 618 propter
1069 555 1226 617 prima
1267 560 1485 619 naturae,
1526 554 1600 602 vel
1642 561 1771 602 utra-
1806 563 1832 602 5

83 643 208 694 que,
254 627 303 676 id
351 634 427 676 est
473 635 522 676 et
567 628 724 676 virtus
775 634 823 676 et
862 629 1020 692 prima
1061 634 1287 693 naturae,
1334 635 1538 692 propter
1578 643 1630 676 se
1671 629 1776 692 ipsa

83 708 204 751 sunt
244 701 531 766 expetenda.

762 843 960 899 CAPUT
1001 844 1099 898 III.

124 955 201 1004 De
240 956 403 1003 tribus
441 955 590 1003 sectis
628 967 870 1002 summum
909 953 1124 1002 hominis
1163 954 1342 1002 bonum
1383 954 1746 1014 quaerentibus

228 1042 378 1090 quam
417 1028 700 1088 eliqendam
750 1027 914 1075 Varro
955 1028 1166 1085 definiat
1201 1041 1412 1087 sequens
1451 1030 1632 1076 veteris
1811 1023 1865 1061 10

333 1103 640 1152 Academiae
678 1101 923 1150 Antiocho
962 1106 1175 1149 auctore
1212 1103 1522 1150 sententiam.

238 1204 367 1262 Quid
401 1219 518 1269 ergo
551 1205 760 1253 istorum
793 1205 944 1253 trium
984 1204 1047 1252 sit
1079 1218 1251 1252 verum
1284 1210 1430 1268 atque
1473 1204 1777 1270 sectandum,

86 1282 183 1328 isto
231 1278 376 1327 modo
423 1278 723 1343 persuadere
774 1283 1017 1327 conatur„
1072 1276 1317 1343 Primum,
1365 1279 1478 1342 quia
1529 1293 1776 1327 summum

87 1352 273 1402 bonum
311 1354 363 1401 in
401 1351 707 1417 philosophia
748 1366 847 1400 non
886 1350 1099 1417 arbom,
1138 1367 1235 1400 non
1275 1354 1496 1417 pecoriS‚
1535 1367 1633 1400 non
1674 1351 1776 1417 Dei,

86 1426 173 1476 sed
221 1426 432 1475 hominis
480 1427 760 1491 quaeritur,
808 1424 924 1490 quid
966 1426 1031 1474 sit
1068 1426 1174 1490 ipse
1214 1425 1383 1491 home,
1431 1425 1769 1490 quaerendum
1810 1420 1864 1459 15

86 1507 240 1566 putat.
318 1501 480 1550 Sentit
526 1501 707 1565 quippe
754 1500 806 1547 in
853 1501 959 1548 eius
1007 1506 1181 1548 natura
1230 1499 1327 1549 duo
1369 1514 1476 1549 esse
1518 1499 1775 1566 quaedam,

87 1590 270 1640 corpus
311 1581 360 1624 et
392 1576 617 1639 animam,
658 1579 706 1623 et
737 1573 915 1622 horum
956 1572 1155 1637 quidem
1195 1573 1407 1623 duorum
1448 1573 1623 1623 melius
1664 1588 1773 1623 esse

88 1650 297 1698 animam
345 1647 587 1713 longeque
634 1646 980 1712 praestabilius
1025 1648 1225 1696 omnino
1274 1662 1373 1696 non
1422 1647 1638 1713 dubitat,
1688 1647 1774 1697 sed

88 1730 256 1773 utrum
290 1723 448 1771 anima
481 1721 583 1771 sola
615 1723 678 1771 sit
713 1721 876 1787 home,
915 1727 971 1770 ut
1009 1722 1076 1770 ita
1114 1722 1179 1770 sit
1218 1723 1264 1770 ei
1304 1736 1486 1786 corpus
1526 1728 1774 1786 tamquam

87 1788 246 1861 equus
287 1797 442 1860 equiti
480 1790 658 1862 (eques
698 1796 828 1844 enim
869 1809 968 1843 non
1006 1793 1152 1842 homo
1194 1802 1242 1844 et
1282 1810 1463 1860 equuS‚
1516 1795 1602 1844 sed
1642 1794 1775 1844 solus
1809 1791 1866 1830 20

88 1870 236 1919 homo
286 1876 382 1935 est3
429 1869 540 1918 ideo
587 1876 751 1918 tamen
799 1883 952 1932 eques
1000 1867 1203 1934 dicitur,
1256 1869 1386 1933 quod
1426 1868 1588 1932 aliquo
1629 1867 1775 1917 modo

90 1959 143 1992 se
183 1942 360 1992 habeat
399 1942 457 1992 ad
498 1938 730 2009 equum),
778 1957 838 1990 an
879 1957 1060 2007 corpus
1100 1941 1258 1991 solum
1299 1943 1363 1991 sit
1403 1942 1572 2008 homo,
1612 1941 1774 2007 aliquo

90 2017 235 2066 modo
275 2032 327 2066 se
367 2015 553 2066 habens
600 2016 658 2065 ad
706 2017 939 2081 animam,
986 2017 1115 2064 sicut
1153 2015 1386 2081 poculum
1426 2016 1483 2065 ad
1524 2017 1775 2081 potionem

86 2086 215 2158 (non
255 2092 387 2140 enim
419 2090 543 2140 calix
575 2098 625 2139 et
655 2084 805 2156 petie,
846 2104 990 2154 quam
1032 2092 1252 2139 continet
1291 2090 1430 2156 calix,
1471 2089 1616 2139 simul
1655 2089 1774 2139 dici-

90 2171 174 2214 tur
219 2164 475 2230 poculum,
523 2165 609 2213 sed
660 2163 783 2214 calix
831 2163 986 2229 solus3
1034 2164 1143 2213 ideo
1194 2170 1358 2213 tamen
1407 2163 1538 2228 quod
1585 2165 1774 2228 potioni
1808 2159 1863 2198 25

91 2238 416 2288 continendae
466 2241 528 2288 sit
568 2231 1018 2304 adcommodatus),
1065 2253 1126 2286 an
1175 2253 1289 2286 vero
1338 2252 1431 2287 nee
1471 2239 1630 2287 anima
1673 2237 1773 2286 sola

89 2327 182 2361 nec
231 2312 391 2362 solum
440 2328 643 2379 corpus,
693 2312 780 2361 sed
821 2311 967 2361 simul
1007 2318 1273 2376 utrumque
1314 2313 1377 2360 sit
1416 2311 1585 2378 home,
1633 2313 1775 2360 cuius

87 2387 155 2435 sit
193 2397 307 2451 pars
354 2401 453 2435 una
492 2388 592 2435 sive
633 2387 790 2435 anima
832 2387 932 2434 sive
974 2400 1175 2451 coerS‚
1215 2384 1295 2434 ille
1336 2392 1501 2435 autem
1540 2392 1674 2434 totus
1715 2400 1775 2433 ex

91 2465 303 2524 utroque
351 2467 566 2526 constet,
612 2467 667 2509 ut
714 2459 859 2508 homo
908 2461 971 2508 sit
1018 2454 1173 2526 (sicut
1220 2458 1343 2508 duos
1384 2474 1538 2523 equos
1578 2460 1773 2507 iunctos

92 2531 229 2596 bigas
267 2548 519 2599 vocamus,
558 2548 770 2598 quorum
810 2534 910 2581 sive
952 2533 1124 2581 dexter
1163 2534 1263 2581 sive
1305 2534 1506 2581 sinister
1544 2547 1658 2596 pars
1698 2538 1774 2580 est
1806 2527 1863 2566 30

93 2604 340 2672 bigarum,
390 2622 546 2656 unum
585 2622 701 2656 vero
742 2621 937 2672 eorum,
986 2621 1184 2671 quoquo
1225 2606 1369 2654 modo
1410 2621 1462 2654 se
1502 2604 1678 2654 habeat
1716 2604 1777 2653 ad

91 2678 329 2744 alterum,
383 2679 518 2744 bigas
566 2696 663 2729 non
711 2680 945 2745 dicimus,
999 2678 1086 2728 sed
1134 2678 1276 2728 ambo
1324 2673 1510 2744 simul).
1587 2677 1777 2727 Horum

217 2883 240 2922 1
274 2878 388 2922 alibi
419 2892 500 2924 om.
534 2879 616 2936 Ru
642 2884 694 2924 32
730 2881 868 2925 ambo
900 2879 970 2933 R,·
1002 2879 1164 2924 ambos
1195 2891 1219 2923 v

183 2969 278 2995 Ασα,
302 2969 354 2992 mu
379 2969 454 2995 cxv.
480 2970 559 2996 1³11.
605 2963 656 2996 11.
1365 2957 1420 2996 23
