2004 3140
526 159 593 192 DE
619 158 854 192 CIVITATE
877 159 965 191 Dm
988 159 1030 192 L.
1056 159 1202 194 xvm.
1228 159 1265 193 c.
1291 162 1344 193 21.
1666 148 1775 201 283

92 274 243 322 istum
275 278 438 322 autem
470 277 519 320 et
553 270 692 320 illum
730 286 872 336 reges
912 273 1233 336 reperiuntur
1273 271 1385 339 duo,
1425 287 1637 337 quorum
1676 274 1776 338 pri-

94 361 205 396 mus
245 352 340 412 est,
380 351 434 394 ut
474 360 588 394 eum
626 343 902 410 Vergiliano
941 361 1089 395 versu
1129 346 1353 410 eloquar:

239 449 501 498 Proximus
541 450 627 497 ille
666 449 863 508 Procas,
906 450 1151 499 Troianae
1190 450 1353 512 gloria
1391 451 1574 513 gentis.

91 550 243 601 Cuius
282 557 504 616 tempore
552 553 666 615 quia
705 553 801 601 iam
841 552 1053 617 quodam
1093 552 1238 601 modo
1277 552 1431 601 Roma
1470 552 1774 618 parturieba-

91 632 199 691 tur,
252 624 371 674 illud
423 626 643 674 omnium
691 641 959 690 regnorum
1006 627 1270 675 maximum
1318 626 1572 691 Assyrium
1627 628 1776 676 finem

91 704 254 747 tantae
287 698 626 748 diuturnitatis
665 701 869 764 accepit.
947 699 1019 748 Ad
1051 699 1219 749 Medos
1261 702 1441 765 quippe
1482 700 1775 749 translatum

90 779 166 822 est
203 778 316 837 post
362 787 517 821 annos
564 773 718 822 ferme
766 773 898 822 mille
944 780 1196 823 trecentos
1244 775 1485 839 quinque,
1531 780 1587 823 ut
1628 776 1775 823 etiam

91 845 216 913 Beli,
263 848 348 910 qui
386 846 568 896 Ninum
615 849 785 912 genuit
833 854 882 896 et
932 847 1030 896 illic
1070 863 1220 913 parvo
1261 854 1525 897 contentus
1564 850 1773 913 imperio

89 922 280 985 primus
330 935 418 968 rex
468 921 586 986 fuit,
640 927 862 986 tempora
918 928 1281 986 computentur.
1369 921 1551 971 Procas
1610 928 1775 971 autem

90 995 312 1058 regnavit
350 1001 462 1043 ante
496 993 756 1044 Amuliilm.
834 995 989 1044 Porro
1022 995 1245 1045 Amulius
1286 995 1452 1044 fratris
1493 997 1571 1044 sui
1602 995 1772 1044 Numi·

90 1069 212 1116 toris
266 1067 412 1116 filiam
463 1067 651 1117 Rheam
705 1070 924 1133 nomine,
980 1084 1104 1133 quae
1159 1071 1306 1119 etiam
1356 1068 1442 1117 Ilia
1495 1068 1775 1136 vocabatur,

90 1140 286 1190 Romuli
324 1147 553 1202 matrem,
601 1141 845 1191 Vestalem
884 1145 1125 1207 virginem
1165 1144 1372 1209 fecerat,
1419 1158 1567 1207 quam
1606 1142 1776 1192 volunt

89 1214 150 1263 de
199 1214 352 1264 Marte
404 1217 626 1280 geminos
677 1218 992 1283 concepisse,
1046 1219 1142 1266 isto
1194 1216 1339 1265 modo
1391 1224 1620 1281 stuprum
1667 1218 1775 1266 eius

89 1289 387 1338 honorantes
442 1288 519 1338 vel
582 1296 905 1357 excusanteS‚
968 1296 1017 1339 et
1072 1289 1360 1340 adhibentes
1416 1296 1776 1356 argumentum,

89 1361 221 1427 quod
259 1363 472 1412 infantes
506 1365 756 1428 expositos
794 1363 910 1429 lupa
947 1366 1226 1414 nutriverit.
1302 1363 1407 1413 Hoc
1448 1366 1579 1413 enim
1618 1379 1775 1428 genus

90 1435 275 1485 bestiae
315 1436 375 1485 ad
414 1436 621 1486 Martem
669 1439 950 1487 existimant
987 1441 1262 1505 pertinere,
1303 1445 1358 1487 ut
1396 1437 1626 1487 videlicet
1663 1437 1774 1487 ideo

89 1509 203 1575 lupa
235 1509 466 1560 credatur
497 1510 770 1560 admovisse
809 1511 962 1561 ubera
1001 1512 1232 1578 parvuliS,
1272 1514 1387 1577 quia
1425 1511 1551 1560 filios
1590 1511 1777 1561 domini

90 1585 169 1633 sui
206 1583 375 1634 Martis
426 1586 643 1651 agnovit3
695 1588 916 1650 quamvis
955 1602 1054 1635 non
1093 1586 1256 1635 desint
1296 1587 1381 1650 qui
1421 1585 1610 1651 dicant,
1661 1600 1775 1635 cum

90 1660 301 1723 expositi
345 1660 594 1723 vagientes
642 1661 884 1726 iacerent,
932 1675 958 1708 a
1004 1662 1173 1709 nescio
1227 1675 1322 1724 qua
1361 1661 1577 1725 primum
1615 1674 1774 1708 mere-

89 1732 212 1780 trice
268 1732 420 1781 fuisse
484 1731 717 1781 collectos
780 1739 830 1781 et
889 1735 1073 1798 primas
1129 1735 1236 1783 eius
1291 1735 1483 1783 suxisse
1539 1732 1775 1782 mamillas

94 1801 407 1871 (meretrices
447 1811 612 1854 autem
650 1805 790 1870 lupas
829 1806 1093 1873 vocabant,
1139 1807 1270 1856 unde
1311 1809 1459 1856 etiam
1499 1822 1631 1855 nunc
1672 1813 1775 1855 tur-

90 1879 169 1942 pia
207 1878 313 1927 loca
353 1893 522 1928 earum
562 1878 815 1944 lupanaria
855 1875 1254 1948 nuncupantur),
1294 1887 1344 1930 et
1383 1896 1468 1929 eos
1506 1887 1677 1945 postea
1716 1879 1775 1928 ad

90 1951 378 2002 Faustulum
415 1954 700 2017 pervenisse
740 1960 988 2018 pastorem
1028 1962 1175 2019 atque
1215 1954 1274 2003 ab
1315 1956 1421 2003 eius
1454 1954 1580 2003 Acca
1619 1968 1774 2002 uxore

91 2027 319 2075 nutritos.
397 2025 703 2091 Quamquam
751 2029 793 2076 si
839 2027 898 2077 ad
945 2028 1252 2093 arguendum
1303 2027 1554 2077 hominem
1591 2042 1775 2094 regem,

90 2100 176 2163 qui
207 2115 293 2148 eos
323 2101 375 2148 in
407 2115 584 2164 aquam
613 2102 771 2165 proici
803 2102 1071 2151 crudeliter
1110 2104 1337 2163 iusserat,
1378 2104 1449 2151 eis
1489 2101 1774 2167 infantibuS‚

90 2188 179 2236 per
219 2188 343 2238 quos
382 2180 516 2223 tanta
555 2176 725 2223 civitas
765 2175 1020 2225 condenda
1058 2176 1234 2242 suerat,
1274 2176 1333 2224 dc
1374 2190 1500 2240 aqua
1540 2175 1774 2223 divinitus

90 2245 309 2296 liberatis
348 2262 438 2312 per
476 2246 738 2297 lactantem
777 2249 931 2298 feram
971 2249 1104 2300 Deus
1144 2249 1297 2299 voluit
1336 2248 1615 2315 subvenire,
1656 2247 1788 2312 quid.

91 2321 271 2370 mirum
323 2317 434 2371 est?
509 2321 702 2371 Amulio
749 2325 991 2372 successit
1037 2325 1087 2372 in
1138 2338 1347 2388 regnum
1387 2321 1580 2371 Latiare
1620 2322 1774 2371 frater

91 2394 198 2442 eius
235 2393 486 2461 Numitor,
525 2411 643 2445 avus
681 2395 903 2463 Romuli,
952 2398 1092 2446 cuius
1133 2396 1405 2446 Numitoris
1444 2397 1605 2461 primo
1645 2410 1772 2444 anno

92 2467 286 2517 condita
324 2475 400 2518 est
438 2468 613 2535 Roma3
660 2484 715 2518 ac
762 2485 852 2534 per
890 2470 983 2519 hoc
1024 2486 1138 2520 cum
1176 2486 1266 2520 suo
1307 2469 1563 2536 deincepS‚
1609 2468 1659 2517 id
1699 2473 1774 2517 est

95 2538 318 2607 Romulo,
357 2549 535 2607 nepote
575 2545 811 2607 regnavit.

212 2669 255 2722 3)
286 2667 400 2712 Aen.
434 2674 475 2726 6,
508 2674 605 2714 767.

211 2831 237 2870 5
270 2829 498 2884 assyrium
526 2830 572 2875 R
601 2833 732 2886 (275,
765 2835 838 2886 6);
869 2832 1166 2889 Assyriorum
1196 2846 1221 2877 v
1261 2834 1277 2889 ΙΙ
1314 2837 1337 2877 7
1372 2833 1443 2876 est
1472 2844 1554 2876 om.
1588 2830 1634 2875 R
1668 2832 1685 2887 ss
1719 2835 1776 2876 28

91 2883 256 2931 latiare
286 2886 384 2931 RF
389 2906 399 2942 ;
430 2888 572 2934 latiar-
602 2891 671 2944 A;
701 2890 882 2935 Latiale
915 2905 940 2935 v

1809 1006 1864 1045 10

1809 1373 1863 1413 15

1808 1743 1865 1783 20

1807 2110 1863 2150 25

1806 2478 1866 2518 30
