2004 3140
534 144 600 176 DE
625 142 865 177 CIVITATE
887 144 978 175 nm
1001 144 1042 176 L.
1067 143 1172 179 xxi.
1198 145 1236 178 c.
1260 146 1292 179 3.
1315 147 1347 178 4.
1668 135 1777 189 491

93 256 192 306 Sed
249 257 550 306 convicimus
612 271 698 304 eos
759 257 810 304 in
866 255 1158 305 duodecimo
1213 256 1362 307 huius
1417 260 1582 323 operis
1636 258 1778 325 libro,

88 330 274 380 habere
324 331 508 378 animas
564 329 839 378 secundum
885 331 1019 394 ipsos
1067 329 1126 378 ab
1175 333 1308 380 omni
1356 334 1503 381 etiam
1553 335 1778 398 corporis

90 404 198 454 labe
236 409 470 469 purgatas
510 403 667 452 diram
706 403 1051 469 cupiditatem,
1092 419 1189 469 qua
1226 420 1404 454 rursus
1443 408 1688 471 incipiunt
1725 409 1777 456 in

89 492 298 542 corpora
343 477 466 526 velle
516 478 714 526 reverti.
791 476 886 527 Ubi
933 484 1100 526 autem
1145 485 1311 542 potest
1358 494 1466 528 esse
1519 480 1776 547 cupiditaS‚

86 551 312 617 profecto
359 552 506 600 etiam
553 550 694 600 dolor
742 557 921 615 potest.
997 550 1254 601 Frustrata
1295 554 1478 617 quippe
1519 555 1777 621 cupiditaS,

86 627 188 674 sive
238 639 338 673 non
385 624 718 690 perveniendo
771 640 868 689 quo
924 624 1158 674 tendebat
1211 628 1312 674 sive
1361 628 1628 676 amittendo
1679 643 1776 692 quo

83 705 404 765 pervenerat,
457 700 668 748 vertitur
721 700 772 747 in
827 698 1061 748 dolorem.
1141 698 1454 764 Quapropter
1508 703 1549 749 si
1603 703 1778 767 anima,

85 788 210 837 quae
242 772 319 820 vel
351 772 454 821 sola
483 772 560 821 vel
589 774 799 822 maxime
831 772 978 839 dolet,
1018 771 1166 822 habet
1196 779 1361 822 tamen
1402 774 1646 838 quandam
1685 790 1776 839 pro

85 862 177 896 suo
227 845 372 895 modo
422 846 825 895 inmortalitatem
876 862 1037 911 suam,
1085 862 1185 895 non
1223 847 1335 896 ideo
1376 850 1502 896 mori
1539 855 1778 913 poterunt

82 920 165 970 illa
204 935 426 986 corpora,
465 922 580 985 quia
619 919 868 970 dolebunt.
944 920 1203 970 Postremo
1244 923 1285 970 si
1326 936 1533 986 corpora
1573 923 1775 989 faciunt,

83 1001 142 1044 ut
179 995 368 1043 animae
401 993 611 1060 doleant,
650 1009 740 1043 cur
773 996 844 1043 eis
884 994 1113 1051 dolorem,
1142 1003 1367 1060 possunt,
1408 1002 1619 1044 mortem
1657 1011 1775 1045 vero

83 1069 270 1117 inferre
321 1083 422 1116 non
468 1075 703 1133 possunt,
757 1070 853 1117 nisi
902 1070 1015 1132 quia
1066 1083 1165 1117 non
1213 1077 1290 1118 est
1330 1084 1640 1133 consequens
1653 1109 1666 1135 ,
1720 1076 1777 1119 ut

83 1149 296 1191 mortem
334 1142 480 1190 faciat
519 1141 650 1205 quod
692 1141 911 1191 dolorem
951 1138 1104 1191 facit?
1189 1142 1289 1191 Cur
1329 1157 1446 1206 ergo
1486 1142 1775 1192 incredibile

83 1222 161 1265 est
205 1217 270 1265 ita
310 1217 450 1280 ignes
489 1214 585 1264 illis
624 1215 918 1279 corporibus
958 1216 1177 1265 dolorem
1217 1231 1364 1280 posse
1403 1217 1618 1282 inferre,
1675 1231 1776 1266 non

83 1295 318 1355 mortem,
373 1289 502 1338 sicut
546 1291 653 1353 ipsa
701 1304 909 1353 corpora
960 1290 1126 1338 dolere
1167 1291 1354 1338 animas
1395 1290 1602 1356 faciunt,
1653 1305 1775 1355 quas

83 1369 330 1412 tormenta
376 1377 477 1411 non
524 1362 635 1411 ideo
684 1365 811 1411 mori
857 1361 1077 1428 cogunt?
1175 1363 1283 1412 Non
1333 1370 1409 1413 est
1448 1379 1565 1428 ergo
1605 1379 1775 1414 neces-

83 1438 266 1486 sarium
306 1437 501 1486 futurae
542 1438 716 1485 mortis
755 1445 1103 1501 argumentum
1142 1437 1294 1486 dolor.

764 1624 958 1678 CAPUT
998 1624 1091 1677 IV.

81 1733 159 1783 De
183 1734 505 1782 naturalibus
529 1736 785 1798 ememplz‘s,
821 1747 1035 1794 quorum
1059 1733 1401 1781 consideratio
1427 1733 1611 1781 doceat
1624 1746 1774 1795 posse

276 1809 410 1857 inter
449 1809 714 1857 cruciatus
752 1809 970 1855 viventia
1011 1819 1232 1868 corpora
1265 1819 1584 1867 permanere.

231 1909 545 1975 Quapropter
585 1911 641 1976 si,
679 1915 736 1959 ut
775 1911 1086 1974 scripserunt
1125 1910 1211 1973 qui
1248 1914 1450 1957 naturas
1491 1907 1774 1958 animalium

83 1985 331 2033 curiosius
376 1983 693 2050 indagarunt,
743 1982 1047 2032 salamandra
1092 1983 1143 2031 in
1182 1981 1379 2046 ignibus
1419 1983 1536 2031 vivit
1577 1988 1627 2030 et
1667 1984 1772 2045 qui-

83 2057 196 2106 dam
234 2058 479 2106 notissimi
520 2056 714 2106 Siciliae
755 2063 964 2122 monteS‚
1005 2057 1090 2121 qui
1128 2062 1263 2105 tanta
1301 2057 1540 2121 temporis
1582 2055 1773 2105 diutur-

82 2133 235 2180 nitate
261 2146 316 2180 ac
340 2136 582 2180 vetustate
608 2146 767 2195 usque
801 2145 933 2179 nunc
967 2137 1015 2179 et
1048 2130 1282 2194 deinceps
1314 2129 1522 2178 flammis
1547 2136 1775 2179 aestuant

84 2211 232 2269 atque
264 2206 464 2269 =integri
518 2211 860 2269 perseverant,
915 2205 1032 2252 satis
1083 2203 1250 2252 idonei
1300 2210 1474 2252 testeS*
1502 2210 1619 2253 sunt
1674 2219 1773 2252 non

84 2293 253 2337 omne,
301 2277 433 2342 quod
473 2278 640 2344 ardet,
693 2276 884 2327 absumi
932 2284 982 2326 et
1028 2279 1188 2326 anima
1234 2277 1418 2326 indicat
1471 2291 1571 2326 non
1611 2292 1772 2343 omne,

87 2351 218 2416 quod
250 2351 416 2400 dolere
447 2358 626 2418 potest,
665 2366 811 2416 posse
845 2352 991 2399 etiam
1022 2352 1171 2399 mori:
1211 2350 1329 2414 quid
1361 2349 1520 2400 adhuc
1562 2365 1588 2398 a
1618 2349 1771 2400 ’nobis

82 2440 251 2474 rerum
290 2431 565 2490 poscuntur
604 2424 847 2491 exempla,
887 2423 1067 2488 quibus
1107 2423 1371 2472 doceamus
1411 2439 1509 2472 non
1549 2439 1658 2473 esse
1698 2425 1770 2472 in-

87 2497 338 2559 credibile,
378 2505 433 2548 ut
470 2498 725 2547 hominum
758 2513 966 2562 corpora
1005 2499 1307 2562 sempiterno
1347 2496 1587 2561 supplicio
1626 2498 1770 2561 puni·

202 2626 247 2680 1)
277 2624 329 2670 L.
366 2629 420 2668 14
453 2624 500 2669 O.
534 2629 586 2678 33
620 2629 661 2669 5.
725 2626 770 2680 4)
801 2625 915 2668 Aen.
949 2629 990 2679 6,
1023 2628 1108 2667 720
1142 2637 1208 2678 sq.

206 2760 228 2799 1
263 2755 539 2800 duodecimo
570 2769 683 2809 mss,·
726 2757 892 2811 quarto
925 2754 1106 2799 decimo
1137 2769 1162 2798 v
1194 2755 1310 2810 (ipse
1340 2754 1461 2812 Auy.
1493 2755 1674 2800 videtur
1705 2769 1771 2798 er-

80 2814 311 2917 Ἕυῗὲῗγυ
333 2816 655 2918 ᾂὲὶηὴοτωθηω
685 2814 730 2858 R
739 2831 756 2868 ;
785 2816 943 2858 tamen
972 2828 998 2858 v
1034 2815 1049 2870 ΙΙ
1079 2818 1134 2857 21
1169 2813 1208 2857 si
1238 2814 1291 2858 ut
1320 2813 1418 2868 Rv‚·
1451 2812 1540 2858 sibi
1568 2827 1622 2871 9;
1654 2813 1774 2858 sicut

1810 932 1865 972 10

1810 1298 1864 1338 15

1805 1814 1862 1854 20

1806 2211 1862 2250 25
