2044 3146
544 163 611 195 DE
636 162 874 196 CIVITATE
897 162 985 194 DEI
1009 163 1051 195 L.
1076 163 1198 195 xvn.
1225 162 1261 196 o.
1288 166 1318 197 7.
1342 165 1373 196 s.
1694 151 1801 206 223

116 282 166 325 et
211 280 452 342 veterem,
500 282 550 325 et
595 277 785 325 vocavit
831 290 1010 324 nomen
1050 277 1157 325 eius
1197 275 1507 344 Abennezer7
1555 276 1683 341 quod
1726 284 1803 326 est

115 349 286 399 Latine
342 348 464 414 lapis
511 349 774 416 adiutoris,
823 355 872 398 et
918 348 1062 399 dixit:
1127 351 1288 412 Usque
1333 352 1428 400 hoc
1479 352 1675 400 adiuvit
1712 366 1803 401 nos

116 425 371 474 Dominus,
463 422 742 489 Massephat
793 425 1152 488 interpretatur
1208 425 1430 473 intenti0.
1521 423 1667 490 Lapis
1720 424 1801 474 ille

115 497 354 548 adiutoris
399 497 636 547 medietas
683 504 759 547 est
800 496 1087 564 SalvatoriS‚
1126 513 1215 562 per
1257 513 1402 562 quem
1443 497 1801 548 transeundum

115 578 190 621 est
235 587 262 621 a
307 570 585 637 Massbphat
630 578 796 621 vetere
844 571 902 620 ad
949 586 1146 638 novam,
1192 571 1258 640 iQ
1290 578 1366 621 est
1412 571 1471 620 ab
1511 574 1800 640 intentione,
1834 582 1861 622 5

115 661 209 714 qua
256 645 606 711 expectabatur
652 648 702 694 in
743 645 926 695 carnali
972 660 1126 710 regno
1175 644 1427 695 beatitudo
1475 645 1594 696 salsa
1634 662 1800 696 carna-

114 719 188 785 lis,
228 719 288 769 ad
319 721 660 787 intentionem,
700 735 795 784 qua
833 734 923 785 per
962 734 1144 769 novum
1184 725 1535 770 testamentum
1576 727 1800 786 expecta-

114 801 196 843 tur
235 795 284 843 in
325 809 477 859 regno
526 794 774 844 caelorum
820 792 1072 843 beatitudo
1113 795 1368 842 verissima
1409 794 1664 861 spiritalis;
1706 810 1800 859 qua

115 870 343 933 quoniam
384 868 506 918 nihil
545 875 620 918 est
659 867 849 934 melius,
886 867 985 917 huc
1027 882 1185 933 usque
1226 867 1420 918 adiuvat
1459 867 1604 918 Deus,

764 1010 961 1065 CAPUT
1001 1011 1147 1065 VIII.
1838 1026 1895 1066 10

116 1121 191 1169 De
215 1115 632 1182 promissionibus
665 1122 736 1169 ad
765 1120 935 1169 David
963 1122 1015 1168 in
1043 1122 1150 1180 filio
1184 1123 1304 1181 elus,
1345 1136 1476 1182 quae
1515 1124 1803 1182 nullatenus

191 1196 241 1242 in
281 1194 566 1261 Salomone,
605 1195 697 1244 sed
727 1196 1012 1256 plenissime
1050 1196 1376 1243 inveniuntur
1419 1198 1471 1243 in
1518 1195 1727 1244 Christo.

264 1296 365 1345 Iam
404 1311 537 1346 nunc
576 1297 716 1346 video
758 1312 866 1346 esse
907 1296 1305 1362 monstrandum,
1346 1297 1462 1362 quid
1503 1299 1599 1363 ipsi
1637 1297 1803 1364 David,

118 1372 201 1435 qui
236 1369 370 1420 Sauli
409 1372 651 1420 successit
683 1372 733 1420 in
766 1385 990 1439 regnum,
1030 1372 1174 1420 cuius
1212 1373 1484 1421 mutatione
1523 1371 1682 1421 finalis
1722 1371 1801 1420 illa

115 1447 320 1494 mutatio
360 1445 565 1510 figurata
606 1451 695 1511 est,
733 1452 938 1510 propter
978 1460 1123 1510 quam
1165 1444 1399 1495 divinitus
1439 1451 1616 1495 cuncta
1655 1445 1800 1512 dicta,
1836 1455 1894 1495 15

116 1525 290 1568 cuncta
331 1521 610 1584 conscripta
644 1525 773 1586 sunt,
813 1518 945 1568 Deus
983 1521 1285 1586 promiserit,
1324 1519 1454 1584 quod
1495 1519 1554 1569 ad
1593 1535 1700 1569 rem
1740 1519 1800 1568 de

116 1608 210 1657 qua
266 1594 455 1657 agimus
508 1594 737 1658 pertinet.
815 1592 937 1642 Cum
992 1595 1097 1658 regi
1152 1593 1301 1643 David
1356 1593 1509 1643 multa
1563 1609 1801 1659 prospera

115 1668 480 1731 provenissent,
530 1668 759 1731 cogitavit
798 1667 959 1716 facere
999 1667 1100 1716 Deo
1141 1667 1364 1736 domum,
1403 1667 1643 1734 templum
1681 1667 1800 1716 illud

117 1740 306 1790 scilicet
344 1739 755 1789 excellentissime
796 1740 1111 1807 diffamatum,
1151 1742 1282 1805 quod
1324 1757 1348 1790 a
1390 1757 1506 1806 rege
1541 1741 1801 1791 Salomone

116 1814 214 1863 filio
248 1815 354 1862 eius
386 1820 558 1879 postea
588 1813 880 1864 fabricatum
920 1821 1010 1864 est.
1086 1814 1192 1864 Hoc
1232 1830 1290 1864 eo
1331 1817 1576 1879 cogitante
1618 1815 1799 1864 factum
1834 1824 1893 1864 20

118 1894 193 1937 est
232 1887 438 1936 verbum
476 1887 671 1937 Domini
710 1887 768 1936 ad
808 1888 999 1938 Nathan
1037 1888 1344 1955 prophetam,
1383 1888 1514 1954 quod
1554 1889 1802 1954 perferret

117 1961 175 2010 ad
227 1976 408 2026 regem.
486 1961 579 2010 Ubi
634 1977 746 2011 cum
798 1961 1002 2012 dixisset
1048 1962 1205 2028 DeUS,
1261 1962 1390 2027 quod
1439 1977 1539 2011 non
1586 1962 1645 2011 ab
1693 1964 1801 2026 ipso

117 2034 266 2083 David
309 2034 403 2084 sibi
433 2035 776 2085 aedificaretur
815 2036 1006 2102 domuS,
1045 2051 1206 2100 neque
1246 2052 1335 2101 per
1374 2043 1565 2086 tantum
1605 2043 1802 2101 tempus

118 2123 170 2158 se
209 2108 466 2159 mandasse
500 2111 727 2174 cuiquam
760 2111 810 2158 in
850 2110 1030 2176 populo
1071 2125 1175 2171 sino,
1216 2118 1272 2160 ut
1312 2109 1405 2159 sibi
1443 2111 1586 2160 fieret
1625 2109 1802 2159 domus

117 2181 337 2232 cedrina:
385 2184 450 2233 Et
495 2199 652 2246 mmo,
702 2185 883 2252 inquit,
934 2186 1062 2234 haee
1103 2186 1240 2234 dices
1278 2199 1422 2234 servo
1463 2198 1570 2234 meo
1610 2185 1800 2234 David:
1834 2193 1893 2234 25

117 2257 258 2306 Haec
291 2258 417 2307 dicit
447 2258 689 2307 Dominus
721 2261 1051 2321 omnipotens:
1082 2259 1273 2321 Accepi
1303 2264 1350 2308 te
1382 2260 1444 2308 cle
1475 2261 1595 2308 ovili
1623 2260 1801 2318 ovium,

116 2336 173 2379 ut
210 2346 340 2380 esses
379 2333 430 2380 in
471 2333 648 2381 ducem
687 2347 841 2394 super
871 2336 1112 2395 populum
1151 2346 1311 2382 meum
1349 2347 1503 2396 super
1535 2332 1714 2392 Israel,
1755 2337 1801 2380 et

117 2418 258 2454 eram
304 2410 466 2454 tecum
512 2407 564 2454 in
612 2408 838 2456 omnibus
884 2408 1064 2467 quibus
1103 2407 1498 2468 ingrediebaris,
1547 2412 1596 2455 et
1633 2412 1800 2455 exter-

117 2480 307 2528 minavi
335 2493 504 2529 omnes
535 2482 764 2530 inimicos
794 2486 903 2530 tuos
943 2495 978 2535 a,
1009 2478 1151 2541 facie
1190 2486 1292 2541 tua,
1333 2486 1382 2529 et
1414 2479 1523 2542 feci
1560 2486 1606 2529 te
1645 2481 1798 2529 nomi-

117 2557 289 2602 natum
327 2555 604 2603 secundum
644 2568 820 2604 nomen
861 2568 1182 2615 maqnorum,
1220 2557 1318 2617 ,qul
1354 2559 1473 2603 sunt
1508 2568 1661 2615 super
1701 2558 1798 2602 ter·
1834 2563 1893 2603 30

236 2680 280 2734 3)
317 2684 354 2724 1.
389 2678 510 2724 Sam.
548 2685 586 2736 7,
621 2685 646 2724 9
681 2695 777 2737 sqq.

235 2845 261 2884 2
300 2842 390 2886 hoc
435 2841 604 2886 R¹AF
639 2844 740 2896 (vol.
783 2843 830 2898 Ι,
861 2845 972 2897 114,
1004 2846 1111 2899 21);
1152 2843 1242 2886 huc
1278 2856 1299 2886 υ
1346 2844 1361 2898 l}
1407 2846 1461 2886 27
1496 2855 1632 2898 super
1662 2840 1801 2886 israel

117 2898 286 2955 RFbe;
318 2913 455 2957 super
486 2914 567 2947 ουτ..
591 2902 672 2956 ·Α,·
703 2902 751 2946 in
783 2903 861 2947 Isr.
894 2915 951 2958 yv
