2054 3152
602 142 667 174 DE
691 140 929 174 cwrrA'm
954 141 1043 173 DEI
1066 142 1107 173 L.
1133 142 1216 174 xv.
1239 140 1276 174 c.
1302 142 1354 174 12.
1756 130 1825 182 81

139 256 322 322 inquit,
369 260 554 303 aestate
601 249 825 318 (unum)
874 252 1268 303 determinabant
1307 268 1488 302 annum
1529 260 1579 302 et
1618 254 1827 303 alterum

142 329 330 395 hieme,
385 327 466 377 alii
506 327 877 392 quadripertitis
916 326 1223 391 temporibus
1235 366 1249 392 ,
1297 328 1426 376 sicut
1463 326 1678 376 Arcades
1689 367 1704 394 ,
1755 329 1827 376 in·

142 404 271 466 quit,
320 416 534 465 quorum
588 401 703 449 anni
756 402 1069 449 trimenstres
1117 396 1367 450 fuerunt.“
1442 401 1630 451 Adiecit
1681 402 1829 451 etiam

140 474 402 540 aliquando
449 474 734 540 AegyptioS,
786 489 999 538 quorum
1043 489 1220 538 parvos
1268 489 1422 524 annos
1471 482 1827 538 quaternorum

142 564 369 598 mensum
423 549 576 598 fuisse
631 563 781 612 supra
831 547 1072 614 diximus,
1126 547 1270 596 lunae
1319 548 1414 596 fine
1462 548 1696 598 limitasse
1746 564 1828 597 an·
1863 557 1889 597 5

143 638 276 672 num.
349 621 551 689 „ltaque
585 622 712 687 apud
745 636 845 688 θος,
883 622 1060 687 inquit,
1100 627 1148 670 et
1188 621 1378 685 singula
1416 621 1548 670 milia
1588 637 1830 671 annorum

140 698 321 746 vixisse
359 690 692 761 produntur.“

290 769 378 818 His
426 769 559 819 velut
612 768 950 834 probabilibus
1004 771 1309 833 argumentis
1356 769 1554 833 quidam
1602 785 1699 818 non
1749 770 1831 818 de·

140 850 396 893 struentes
427 842 575 892 fidem
616 858 782 891 sacrae
815 842 964 891 huius
996 841 1246 908 historiae,
1287 842 1373 891 sed
1406 849 1630 892 astruere
1671 844 1831 892 niten-

144 925 219 966 tes
231 958 245 983 ,
298 932 360 967 ne
416 918 479 966 sit
532 915 819 966 incredibile
877 915 1007 980 quod
1062 922 1162 965 tam
1216 916 1398 966 multos
1445 932 1599 965 annos
1650 919 1828 965 vixisse
1865 927 1919 966 10

143 992 432 1040 referuntur
472 992 681 1055 antiqui,
727 996 1084 1054 persuaserunt
1123 989 1238 1056 sibi,
1287 1005 1379 1039 nec
1420 1006 1472 1039 se
1513 990 1719 1040 suadere
1759 993 1832 1039 in-

143 1065 389 1130 pudenter
430 1065 734 1128 existimant,
775 1069 874 1112 tam
914 1065 1145 1127 exiguum
1184 1065 1396 1128 spatium
1436 1066 1673 1129 temporis
1712 1071 1833 1113 tunc

145 1154 329 1187 annum
362 1144 602 1203 vocatum,
641 1144 697 1186 ut
736 1136 806 1185 illi
845 1137 1018 1185 decem
1057 1139 1156 1185 sint
1196 1153 1325 1186 unus
1365 1144 1535 1186 noster
1574 1144 1623 1186 et
1663 1138 1835 1187 decem

143 1213 303 1261 nostri
350 1217 550 1260 centum
595 1210 806 1259 illorum.
883 1209 988 1258 Hoc
1037 1217 1201 1260 antem
1243 1226 1350 1259 esse
1392 1211 1710 1260 falsissimum
1750 1211 1833 1260 do-

139 1291 375 1335 cumento
408 1283 776 1334 evidentissimo
810 1283 1102 1333 ostenditur.
1167 1283 1308 1342 Quod
1342 1291 1605 1349 antequam
1645 1286 1832 1350 faciam,
1869 1293 1923 1333 15

144 1375 245 1408 non
291 1358 411 1407 mihi
461 1357 725 1408 tacendum
772 1357 988 1423 videtur,
1040 1373 1165 1422 quae
1206 1357 1489 1407 credibilior
1527 1361 1686 1424 possit
1724 1375 1834 1408 esse

144 1434 378 1498 suspicio.
454 1431 746 1481 Poteramus
798 1438 932 1480 certe
984 1431 1110 1480 hanc
1162 1431 1582 1481 adseverationem
1634 1448 1694 1482 ex
1739 1433 1835 1482 He·

144 1506 307 1556 hraeis
359 1505 612 1555 codicibus
659 1505 958 1570 redarguere
1008 1512 1154 1570 atque
1196 1507 1513 1573 convincere,
1559 1505 1646 1555 uhi
1684 1506 1837 1556 Adam

146 1595 246 1629 non
295 1580 624 1629 ducentorum
672 1581 896 1644 triginta,
944 1579 1029 1628 sed
1087 1585 1287 1628 centum
1342 1581 1542 1644 triginta
1594 1595 1837 1630 annorum

149 1654 302 1703 fuisse
349 1655 621 1719 reperitur,
673 1653 866 1718 quando
914 1654 1117 1702 tertium
1165 1655 1336 1717 genuit
1376 1653 1550 1719 filium3
1599 1655 1683 1718 qui
1723 1657 1838 1704 anni
1870 1664 1927 1703 20

147 1729 189 1775 si
243 1727 484 1776 tredecim
537 1727 696 1775 nostri
752 1731 888 1786 sunt,
941 1725 1115 1791 procul
1160 1725 1332 1792 dubio,
1386 1729 1600 1791 primum
1642 1728 1837 1792 quando

149 1802 342 1865 genuit,
396 1800 628 1848 undecim
682 1799 758 1848 vel
811 1815 910 1848 non
965 1799 1118 1848 multo
1174 1799 1383 1864 amplius
1438 1815 1679 1850 annorum
1731 1802 1838 1851 fuit.

153 1873 274 1932 Quis
329 1879 494 1938 potest
554 1873 645 1921 hac
709 1879 865 1922 aetate
920 1888 1159 1937 generare
1215 1875 1392 1922 usitata
1447 1875 1540 1922 iste
1595 1874 1837 1939 nobisque

147 1948 403 1996 notissima
434 1947 540 2011 lege
574 1943 815 1995 naturae?
878 1946 974 1995 Sed
1008 1946 1140 1996 hunc
1173 1948 1471 2013 omittamuS,
1512 1950 1596 2012 qui
1629 1949 1837 1998 fortasse

148 2023 296 2071 etiam
352 2021 545 2086 quando
602 2027 799 2069 creatus
862 2026 938 2070 est
990 2022 1174 2087 potuit3
1230 2036 1329 2069 non
1384 2023 1515 2070 enim
1571 2038 1684 2071 eum
1738 2030 1838 2071 tam
1869 2030 1926 2071 25

147 2110 368 2161 parvum,
410 2109 555 2159 quam
586 2094 799 2143 infantes
831 2096 990 2143 nostri
1022 2101 1153 2160 sunt,
1193 2095 1377 2144 factum
1409 2095 1559 2144 fuisse
1602 2096 1837 2146 credibile

150 2175 240 2218 est.
319 2168 439 2217 Seth
479 2167 609 2217 filius
649 2169 756 2217 eius
795 2183 895 2216 non
935 2167 1264 2217 ducentorum
1304 2170 1538 2233 quinque,
1580 2171 1708 2219 sicut
1748 2185 1838 2219 nos

148 2242 379 2307 legimUS,
431 2241 517 2290 sed
566 2247 765 2290 centum
815 2243 1032 2306 quinque
1074 2242 1187 2307 fuit,
1237 2242 1431 2306 quando
1472 2245 1642 2307 genuit
1681 2243 1835 2309 Enos;

147 2329 203 2364 ac
255 2331 346 2380 per
400 2315 494 2363 hoc
548 2314 821 2364 secundum
873 2317 995 2364 istos
1057 2315 1278 2364 nondum
1340 2315 1550 2366 habebat
1604 2317 1836 2366 undecim

149 2404 302 2438 annos
343 2390 530 2438 aetatis,
609 2387 735 2444 Quid
776 2387 934 2437 dicam
973 2389 1032 2438 de
1074 2388 1256 2438 Cainan
1296 2391 1401 2438 eius
1441 2389 1554 2455 filio,
1595 2393 1681 2455 qui
1720 2406 1833 2440 cum
1866 2400 1925 2439 30

267 2517 341 2571 20)
375 2514 485 2558 Gen.
519 2519 562 2572 5,
594 2521 619 2560 3
654 2530 750 2571 sqq.

270 2698 291 2736 1
327 2707 470 2736 unum
501 2706 584 2736 om.
626 2692 811 2736 VRAF
852 2695 867 2749 ΙΙ
913 2698 938 2737 3
970 2693 1259 2737 trimenstres
1301 2693 1363 2746 V;
1396 2693 1592 2738 trimest.
1624 2707 1650 2737 z·
1689 2695 1704 2750 ΙΙ
1742 2693 1841 2738 fue-

149 2752 259 2795 runt
290 2751 399 2804 VR,
429 2751 556 2795 fuere
587 2766 612 2795 v
636 2753 652 2808 Η
677 2756 729 2795 11
763 2751 1041 2808 inpudenter
1075 2750 1259 2794 VRAF
1284 2752 1841 2810 (59,11)1Π1Ῑ)ι·11ᾶ.υΗ

151 2815 205 2853 21
239 2810 424 2866 quando
454 2809 618 2867 genuit
659 2767 843 2854 VRAFp
869 2813 1041 2868 (poffoyr
1066 2825 1115 2866 p
1151 2814 1296 2864 7);0·
1265 2810 1448 2867 genuit,
1482 2811 1664 2866 quando
1696 2826 1721 2856 v
1746 2814 1840 2868 1127

151 2869 255 2912 seth
295 2868 433 2912 VAF
458 2870 958 2925 (12r09r.p.7);sedh
989 2870 1060 2923 R;
1093 2869 1182 2914 Sed
1222 2883 1248 2913 v

241 2957 335 2984 Auo.
359 2958 411 2982 m:
437 2958 513 2984 σιν.
538 2959 619 2985 DEI.
657 2951 708 2983 11.
1460 2949 1484 2987 6
