2004 3140
511 154 578 185 DE
603 151 842 186 οΙνΙΤΑΤΕ
864 153 954 184 DEI
977 154 1020 186 L.
1046 154 1171 186 xxn.
1196 151 1235 186 c.
1259 156 1312 187 27.
1338 156 1392 188 28.
1684 144 1788 196 621

107 281 416 331 consequens
429 305 443 332 ,
493 271 549 314 ut
599 270 648 313 et
696 265 917 314 redirent
967 267 1156 314 animae
1209 265 1266 314 ad
1323 281 1531 331 corpora
1587 273 1636 316 et
1681 268 1795 317 talia

107 343 388 406 reciperent
421 353 644 404 corpora,
684 340 736 387 in
769 338 950 403 quibus
990 338 1131 388 beate
1173 345 1319 404 atque
1359 340 1687 390 inmortaliter
1725 344 1793 390 vi—

109 421 294 464 verent.
373 412 613 470 Quoniam
661 413 937 463 secundum
976 412 1229 462 Platonem
1270 415 1417 462 etiam
1457 423 1652 464 sanctae
1693 418 1792 464 ani-

110 504 216 537 mae
257 487 316 536 ad
354 486 567 535 humana
607 502 815 551 corpora
854 486 1112 553 redibunt3
1153 487 1427 537 secundum
1466 487 1791 554 Porphyrium

107 562 165 611 ad
206 561 330 610 mala
376 560 548 610 mundi
594 560 742 610 huius
783 568 978 610 sanctae
1019 562 1206 610 animae
1249 576 1347 609 non
1387 561 1634 611 redibunt.
1713 562 1790 611 Di-
1826 574 1851 612 5

106 641 185 685 cat
215 637 380 700 itaque
407 650 520 684 cum
544 634 745 683 Platone
771 634 1095 699 Porphyrius:
1126 634 1408 700 „Redibunt
1438 635 1497 684 ad
1530 633 1791 702 corpora“;

105 709 236 758 dicat
275 709 411 758 Plato
459 723 573 757 cum
613 708 908 772 Porphyrio:
954 707 1106 774 „Non
1146 708 1378 757 redibunt
1418 709 1476 757 ad
1517 704 1703 758 mala“:
1745 718 1794 758 et

106 784 165 832 ad
205 798 261 832 ea
302 797 510 847 corpora
548 782 711 831 redire
754 784 1082 843 consentient,
1120 784 1172 830 in
1212 782 1392 847 quibus
1433 782 1565 832 nulla
1606 785 1791 848 patian-

105 866 187 906 tur
219 856 356 905 mala.
432 855 563 904 Haec
595 858 760 920 itaque
803 871 902 904 non
941 862 1089 904 erunt
1129 858 1223 904 nisi
1261 856 1342 904 illa
1382 871 1505 920 quae
1545 859 1790 922 promittit

104 931 258 997 DeuS,
305 930 470 979 beatas
509 932 694 978 animas
733 932 785 978 in
824 936 1081 979 aeternum
1120 945 1234 978 cum
1274 945 1361 978 sua
1401 937 1601 979 aeterna
1641 946 1786 980 carne
1823 940 1877 980 10

102 1006 332 1053 victuras
408 1003 512 1052 Hoc
551 1005 705 1070 enim,
757 1011 993 1068 quantum
1035 1005 1283 1070 existim0,
1333 1005 1428 1052 iam
1468 1004 1608 1054 facile
1648 1004 1790 1053 nobis

105 1078 435 1127 concederent
482 1077 646 1138 amb0‚
694 1085 772 1144 ut,
821 1079 906 1141 qui
954 1077 1229 1126 faterentur
1267 1077 1324 1126 ad
1366 1078 1644 1127 inmortalia
1683 1094 1789 1127 cor-

103 1167 224 1217 pora
264 1152 509 1200 redituras
541 1153 727 1200 animas
767 1166 875 1200 esse
916 1157 1214 1216 sanctorum,
1254 1151 1313 1200 ad
1354 1167 1442 1200 sua
1482 1151 1587 1202 illas
1626 1152 1788 1201 redire

103 1227 480 1291 permitterent,
530 1227 581 1274 in
634 1225 814 1290 quibus
862 1225 986 1273 mala
1031 1225 1179 1274 huius
1228 1225 1411 1275 saeculi
1461 1225 1790 1291 pertulerunt,

104 1302 154 1348 in
203 1299 382 1364 quibus
429 1299 608 1366 Deum,
655 1306 711 1349 ut
756 1299 834 1348 his
882 1298 1021 1348 malis
1062 1306 1313 1365 carerent,
1362 1301 1440 1363 pie
1481 1299 1789 1364 fideliterque
1826 1307 1881 1348 15

105 1373 381 1422 coluerunt.

706 1544 902 1599 CAPUT
933 1545 1188 1600 XXVIII.

117 1655 252 1712 Quid
290 1656 360 1702 ad
396 1668 566 1702 veram
607 1656 1000 1703 resurrectionis
1033 1656 1187 1713 fidem
1228 1657 1307 1703 vel
1335 1655 1479 1704 Plato
1519 1657 1597 1703 vel
1625 1654 1793 1702 Labeo

157 1730 237 1776 vel
272 1729 421 1776 etiam
473 1727 636 1777 Varro
676 1726 916 1788 conferre
953 1729 1052 1776 sihi
1081 1730 1364 1789 potuerint,
1404 1730 1451 1776 si
1486 1730 1743 1789 opiniones

354 1815 526 1850 eorum
566 1804 616 1850 in
656 1815 810 1850 unam
848 1804 1145 1850 sententiam
1184 1804 1541 1851 convenissent.
1826 1810 1882 1848 20

258 1903 494 1952 Nonnulli
556 1906 716 1953 nostri
781 1911 985 1969 propter
1040 1904 1285 1968 quoddam
1346 1904 1795 1969 praeclarissimum

110 1977 344 2042 loquendi
374 1992 530 2041 genus
564 1984 613 2026 et
654 1984 866 2042 propter,
897 1977 1146 2043 nonnulla,
1185 1993 1309 2042 quae
1349 1979 1590 2026 veraciter
1630 1978 1794 2042 sentit,

110 2058 330 2100 amantes
369 2050 620 2100 Platonem
670 2051 842 2100 dicunt
893 2066 1007 2100 eum
1046 2051 1229 2115 aliquid
1269 2051 1425 2100 simile
1467 2050 1607 2099 nobis
1647 2052 1795 2099 etiam

107 2124 167 2173 de
215 2130 524 2174 mortuorum
571 2126 937 2173 resurrectione
998 2126 1226 2174 sensisse.
1304 2124 1446 2182 Quod
1487 2124 1684 2188 quidem
1724 2125 1794 2172 sic

105 2199 262 2262 tangit
299 2200 349 2246 in
388 2197 526 2247 libris
566 2198 626 2247 de
666 2213 720 2247 re
760 2197 956 2263 publica
994 2198 1198 2264 Tullius,
1237 2204 1294 2247 ut
1332 2213 1447 2247 eum
1486 2198 1662 2247 lusisse
1702 2213 1787 2262 po-
1824 2207 1879 2246 25

107 2273 207 2320 tius
256 2287 400 2336 quam
448 2271 577 2336 quod
626 2272 675 2320 id
722 2287 893 2321 verum
945 2287 1053 2320 esse
1094 2272 1319 2321 adfirmet
1357 2272 1522 2321 dicere
1563 2271 1790 2320 voluisse.

107 2344 301 2394 Inducit
325 2347 457 2394 enim
488 2346 737 2395 hominem
770 2347 1005 2394 revixisse
1038 2351 1087 2394 et
1118 2361 1343 2395 narrasse
1378 2345 1632 2411 quaedam,
1666 2359 1790 2409 quae

227 2475 301 2526 25)
335 2477 374 2526 e,
407 2477 448 2516 4.

230 2652 255 2691 8
302 2648 542 2704 patiuntur
589 2647 634 2690 R
678 2649 694 2703 ΙΙ
741 2652 793 2690 11
827 2647 1032 2691 uicturas
1075 2647 1120 2690 R
1159 2648 1224 2691 ed.
1266 2646 1469 2700 Lovan.;
1512 2645 1717 2689 facturus
1751 2646 1795 2689 A

113 2708 253 2751 Parr.
278 2721 303 2750 v
327 2709 342 2763 ΙΙ
366 2712 421 2750 22
447 2706 590 2750 sent-it
613 2706 658 2749 R
668 2722 684 2757 ;
718 2706 860 2750 sensit
884 2707 955 2749 Αυ
979 2708 994 2763 Η
1018 2711 1074 2750 26
1107 2706 1232 2761 quod.
1262 2719 1345 2750 om.
1379 2707 1450 2759 A;
1480 2706 1557 2749 sed
1587 2706 1641 2748 de
1671 2705 1795 2760 quod

111 2767 373 2810 abundante
405 2770 511 2821 post
533 2766 814 2820 neyationem
843 2766 910 2808 vel
933 2779 1072 2820 quam
1104 2765 1463 2820 comparativum
1487 2764 1544 2817 ef.
1578 2767 1681 2816 513,
1711 2767 1796 2816 14,-

113 2823 250 2880 Cypr.
296 2839 393 2880 epp.
436 2829 518 2878 59,
557 2828 617 2867 16
657 2825 736 2878 fin.
777 2823 882 2880 plus
921 2837 1060 2879 quam
1100 2823 1226 2879 quod
1258 2824 1443 2879 oportet
1486 2824 1502 2879 ΙΙ
1548 2836 1645 2865 esse
1677 2822 1795 2875 ΕΑ,-

112 2885 235 2927 esset
264 2897 290 2927 v
