2004 3140
201 135 309 188 324
521 196 524 198 q
887 142 921 176 s.
946 142 1221 178 Auens'rmi

201 262 389 310 Nineve
435 262 702 307 evertetur.
782 255 1102 322 Septuaginta
1149 259 1330 324 quippe
1377 254 1592 323 <longe>
1631 259 1880 324 posterius

199 333 510 399 interpretati
555 330 686 380 aliud
732 331 896 380 dicere
941 337 1234 399 potuerunt,
1285 332 1416 397 quod
1464 339 1628 382 tamen
1676 331 1736 381 ad
1773 347 1880 382 rem

197 409 471 472 pertineret
518 411 568 455 et
611 406 663 454 in
709 420 865 455 unum
903 405 1213 470 eundemque
1254 421 1477 468 sensum,
1526 407 1745 472 quamvis
1785 406 1878 456 sub

200 481 353 531 altera
397 480 776 546 significatione,
823 485 1168 546 concurreret,
1219 480 1603 546 admoneretque
1643 482 1880 532 lectorem

142 563 168 604 5
201 562 411 620 utraque
458 556 749 604 auctoritate
798 569 897 603 non
937 560 1103 619 spreta
1150 553 1208 602 ab
1247 554 1454 603 historia
1492 571 1602 605 sese
1643 554 1878 606 adtollere

199 629 258 678 ad
298 644 354 679 ea
393 628 711 695 requirenda,
759 635 963 693 propter
1015 643 1137 692 quae
1179 629 1494 693 significanda
1533 629 1737 679 historia
1775 631 1881 694 ipsa

200 705 477 768 conscripta
517 709 607 752 est.
683 702 830 752 Gesta
869 709 985 752 sunt
1024 704 1204 768 quippe
1244 702 1325 751 illa
1363 704 1414 751 in
1446 702 1632 753 Nineve
1672 704 1882 769 civitate,

200 777 285 827 sed
326 776 508 841 aliquid
549 778 695 826 etiam
735 777 1149 843 significaverunt,
1187 777 1318 841 quod
1358 777 1558 826 modum
1596 777 1728 826 illius
1767 779 1880 826 civi-

200 853 315 901 tatis
367 850 591 920 excedat;
645 852 773 900 sicut
823 858 1017 913 gestum
1067 858 1168 916 est,
1223 850 1353 915 quod
1401 852 1505 916 ipse
1553 850 1792 916 propheta
1830 852 1882 900 in

112 934 166 974 10
200 932 370 974 ventre
403 926 501 973 ceti
531 924 695 974 triduo
729 925 836 991 fuit,
875 931 924 973 et
964 931 1126 973 tamen
1167 924 1314 974 alium
1356 925 1643 989 significavit
1681 927 1733 974 in
1770 940 1881 990 pro·

199 999 352 1048 fundo
403 999 586 1047 inferni
632 999 796 1047 triduo
846 999 1094 1064 futurum,
1146 1000 1231 1063 qui
1280 999 1508 1048 dominus
1549 1006 1625 1048 est
1663 1000 1883 1048 omnium

197 1073 567 1138 prophetarum.
658 1072 968 1137 Quapropter
1024 1074 1065 1121 si
1120 1088 1209 1137 per
1262 1073 1393 1121 illam
1448 1074 1693 1122 civitatem
1748 1079 1882 1122 recte

199 1148 438 1211 accipitur
478 1146 684 1195 ecclesia
724 1148 944 1210 gentium
985 1146 1273 1211 prophetice
1313 1147 1541 1213 figurata,
1582 1162 1750 1195 eversa
1791 1148 1881 1195 sci-

199 1221 314 1269 licet
362 1235 452 1285 per
503 1222 876 1286 paenitentiam,
923 1227 978 1269 ut
1029 1220 1187 1284 qualis
1234 1221 1395 1269 fuerat
1441 1223 1537 1269 iam
1587 1236 1686 1269 non
1738 1227 1884 1285 esset,

115 1304 167 1343 15
201 1294 292 1343 hoc
346 1296 575 1358 quoniam
625 1309 715 1359 per
755 1293 1006 1343 Christum
1057 1295 1241 1343 factum
1293 1301 1368 1343 est
1418 1296 1468 1342 in
1517 1294 1722 1343 ecclesia
1769 1309 1884 1358 gen-

202 1370 340 1435 tium,
380 1369 522 1416 cuius
560 1367 641 1416 illa
680 1367 865 1417 Nineve
906 1368 1112 1432 figuram
1151 1367 1368 1432 gerebat,
1409 1369 1509 1416 sive
1549 1383 1639 1432 per
1678 1367 1884 1432 quadra-

199 1443 331 1505 ginta
384 1442 488 1490 dies
540 1443 639 1490 sive
697 1456 787 1506 per
837 1442 1057 1490 triduum
1119 1441 1249 1490 idem
1299 1443 1405 1506 ipse
1456 1442 1759 1506 significatus
1809 1448 1885 1491 est

201 1515 449 1580 Christus3
504 1530 594 1580 per
642 1516 963 1580 quadraginta
1011 1514 1223 1581 scilicet,
1278 1517 1390 1579 quia
1438 1522 1511 1564 tot
1551 1515 1655 1564 dies
1693 1516 1886 1580 peregit

203 1604 315 1638 cum
370 1588 624 1653 discipulis
679 1591 781 1637 suis
832 1595 944 1654 post
995 1590 1412 1638 resurrectionem
1465 1595 1514 1637 et
1564 1588 1785 1638 ascendit
1834 1590 1885 1637 in

114 1673 170 1712 20
204 1662 414 1728 caelum3
447 1677 537 1726 per
569 1662 789 1711 triduum
821 1678 953 1729 ver0‚
994 1664 1106 1727 quia
1140 1662 1218 1711 die
1250 1664 1398 1712 tertio
1431 1664 1726 1728 resurrexit3
1765 1669 1885 1711 tam·

203 1752 349 1801 quam
395 1736 633 1785 lectorem
681 1736 802 1784 nihil
849 1735 978 1786 aliud
1028 1751 1175 1800 quam
1230 1736 1464 1785 historiae
1512 1751 1680 1785 rerum
1729 1742 1885 1800 gesta-

202 1826 313 1859 rum
359 1810 618 1859 inhaerere
667 1812 950 1875 cupientem
997 1810 1056 1859 de
1105 1825 1276 1859 somno
1324 1811 1646 1859 excitaverint
1692 1816 1885 1874 septua-

204 1886 337 1949 ginta
388 1885 688 1948 interpretes
750 1884 979 1948 idemque
1042 1883 1310 1948 prophetae
1366 1884 1425 1933 ad
1478 1883 1886 1949 perscrutandam

202 1958 510 2007 altitudinem
563 1957 850 2022 prophetiae
915 1965 964 2007 et
1029 1957 1240 2022 quodam
1294 1957 1438 2007 modo
1493 1957 1728 2007 dixerint:
1789 1957 1886 2023 „In

112 2039 167 2080 25
201 2031 520 2096 quadraginta
560 2031 735 2080 diebus
773 2033 936 2096 ipsum
977 2047 1181 2097 quaere,
1220 2033 1270 2080 in
1311 2046 1409 2095 quo
1449 2038 1498 2080 et
1537 2030 1759 2080 triduum
1796 2046 1881 2096 po·

198 2107 354 2154 tueris
403 2106 645 2170 invenire3
696 2104 814 2153 illud
862 2107 912 2153 in
958 2106 1271 2171 ascensione,
1317 2104 1411 2153 hoc
1459 2106 1510 2153 in
1557 2106 1664 2153 eius
1714 2119 1878 2153 resur-

199 2179 418 2227 rectione
470 2172 735 2242 1·eperieS.“
810 2178 1021 2243 Propter
1060 2178 1191 2242 quod
1231 2184 1443 2242 utroque
1484 2192 1690 2226 numero
1731 2179 1878 2242 signi-

197 2253 334 2300 ficari
381 2252 839 2300 convenientissime
891 2253 1077 2317 potuit,
1127 2266 1339 2315 quorum
1389 2266 1544 2300 unum
1583 2265 1672 2315 per
1711 2250 1881 2299 Ionam

198 2324 511 2391 prophetam,
557 2324 767 2374 alterum
813 2340 903 2389 per
950 2327 1258 2389 septuaginta
1303 2327 1634 2389 interpretum
1672 2324 1881 2389 prophe·

111 2410 168 2449 30
200 2400 342 2464 tiam,
391 2406 555 2447 tamen
606 2413 735 2448 unus
785 2405 932 2462 atque
983 2398 1113 2447 idem
1165 2397 1379 2463 Spiritus
1433 2397 1567 2447 dixit.
1645 2397 1877 2462 Longitu-

199 2473 364 2522 dinem
403 2472 551 2538 fugio,
588 2478 644 2521 ut
682 2487 781 2521 non
812 2472 932 2521 haec
973 2487 1061 2536 per
1104 2471 1252 2521 multa
1292 2471 1641 2536 demonstrem,
1679 2473 1730 2520 in
1770 2473 1875 2536 qui-

200 2546 292 2595 bus
332 2545 391 2595 ab
431 2545 670 2595 Hebraica
708 2547 911 2596 veritate
951 2552 1189 2610 putantur
1228 2547 1537 2610 septuaginta
1575 2546 1875 2609 interpretes

200 2620 481 2684 discrepare
530 2626 579 2668 et
623 2619 748 2669 bene
796 2619 1032 2668 intellecti
1078 2620 1396 2668 inveniuntur
1444 2633 1552 2667 esse
1594 2617 1880 2667 concordes,

200 2692 340 2742 Unde
380 2694 524 2741 etiam
557 2709 646 2757 ego
677 2708 767 2758 pro
809 2708 916 2742 meo
956 2692 1153 2743 modulo
1192 2694 1396 2757 vestigia
1435 2707 1647 2757 sequens
1688 2698 1882 2757 aposto-

326 2884 347 2921 1
382 2880 592 2922 uertatur
622 2877 693 2931 R;
725 2879 1020 2923 subuertetur
1051 2878 1148 2922 AF
1166 2879 1182 2935 ΙΙ
1204 2878 1343 2935 longe
1375 2877 1536 2924 om.--R
