2004 3140
89 938 145 978 10

91 1307 145 1346 15

91 1676 146 1716 20

92 2045 148 2084 25

195 140 303 193 534
394 132 399 135 ’
889 151 925 186 S.
951 151 1227 185 AUGUSTIM

175 271 408 314 muerunt
462 264 542 312 illo
607 264 929 329 prophetante
983 270 1272 329 venturum,
1329 264 1511 313 factum
1566 270 1641 313 est
1695 271 1868 314 tamen

176 338 307 403 quod
347 338 508 386 fuerat
539 338 638 387 Deo
679 339 986 402 praesciente
1026 337 1348 403 praedictum,
1389 339 1619 402 quoniam
1660 345 1868 387 noverat

176 413 260 476 qui
298 411 555 478 praedixit,
596 427 692 476 quo
734 411 878 460 modo
918 413 968 460 in
1010 411 1184 460 melius
1225 417 1356 460 esset
1394 411 1715 476 implendum.

322 485 386 534 Ut
437 492 599 534 autem
655 487 883 535 noverint
936 487 1019 534 isti
1071 487 1123 534 in
1179 499 1479 550 perversum*
1515 485 1866 534 misericordes

174 575 270 624 quo
310 561 556 624 pertineat
596 559 727 624 quod
768 561 1009 624 scriptum
1048 566 1145 608 est:
1200 560 1359 618 Qaam
1399 562 1555 608 malta
1595 561 1862 609 multitudo

177 635 459 683 dulcedinis
491 639 624 694 tuae,
664 635 888 694 Domine,
928 648 1079 694 quam
1112 635 1422 683 abscondisti
1460 634 1747 683 timentibus
1788 635 1862 683 te!

174 707 339 772 legant
378 707 508 771 quod
546 710 792 772 sequitur:
835 707 1108 768 Perfecisti
1143 712 1310 756 autem
1348 709 1669 769 sperantibus
1709 694 1863 756 in'te.

177 780 305 838 Quid
361 786 436 830 est
491 783 803 831 abscondisti
855 783 1165 841 timentibus,
1214 779 1482 843 perfecisti
1531 782 1869 842 sperantibus,

176 856 271 903 nisi
303 855 558 920 quia-illiS,
598 857 683 919 qui
715 857 891 904 timore
927 869 1200 919 poenarum
1240 869 1380 903 suam
1418 855 1656 903 iustitiam
1697 853 1867 903 volunt

178 930 479 978 constituere
528 944 653 993 quae
693 931 744 978 in
783 929 889 993 lege
931 935 1027 995 est,
1074 944 1173 977 non
1222 935 1297 977 est
1336 929 1523 977 iustitia
1561 927 1650 977 Dei
1689 927 1862 993 dulciS‚

177 1004 292 1067 quia
331 1005 561 1052 nesciunt
601 999 742 1052 eam?
819 1002 927 1051 Non
977 1004 1108 1051 enim
1153 1009 1475 1068 gustaverunt
1515 1016 1635 1051 eam.
1714 1001 1769 1051 In
1810 1017 1863 1050 se

176 1091 386 1141 namque
443 1084 671 1142 sperant,
728 1093 826 1126 non
876 1079 927 1125 in
972 1078 1105 1141 ipso,
1159 1084 1208 1125 et
1261 1076 1372 1124 ideo
1421 1077 1492 1124 eis
1543 1075 1867 1125 absconditur

178 1150 439 1200 multitudo
488 1150 762 1200 dulcedinis
802 1150 911 1216 Dei3
960 1152 1191 1215 quoniam
1238 1151 1414 1198 timent
1453 1149 1653 1214 quidem
1695 1148 1866 1215 Deum,

177 1224 263 1274 sed
302 1224 384 1273 illo
423 1226 600 1274 timore
643 1225 833 1289 servili,
873 1226 958 1289 qui
997 1239 1096 1273 non
1135 1231 1211 1273 est
1250 1226 1300 1272 in
1341 1225 1558 1289 caritate,
1599 1225 1713 1287 quia
1752 1238 1863 1288 per·

179 1299 307 1348 fecta
356 1301 534 1348 caritas
582 1299 713 1347 foras
764 1300 914 1347 mittit
967 1300 1209 1347 timorem.
1288 1297 1401 1346 Ideo
1450 1296 1765 1361 sperantibus
1818 1299 1869 1345 in

181 1388 294 1422 eum
346 1374 540 1437 perficit
590 1372 902 1422 dulcedinem
961 1386 1099 1420 suam
1153 1370 1439 1435 inspirando
1491 1373 1562 1419 eis
1615 1372 1870 1420 caritatem

180 1460 332 1512 suam,
373 1452 427 1495 ut
458 1448 634 1495 timore
669 1453 819 1511 casm,
859 1461 958 1494 non
998 1460 1146 1509 quem
1186 1446 1363 1494 caritas
1403 1444 1533 1492 foras
1574 1446 1739 1509 mittit,
1780 1443 1866 1493 sed

177 1526 498 1585 permanente
523 1521 573 1568 in
603 1519 855 1569 saeculum
887 1519 1084 1584 saeculi,
1118 1534 1231 1567 cum
1263 1518 1550 1583 gloriantur,
1582 1520 1633 1566 in
1659 1517 1866 1566 Domino

179 1593 467 1658 glorientur.
544 1593 733 1643 Iustitia
781 1595 962 1658 quippe
1010 1592 1098 1641 Dei
1146 1591 1372 1641 Christus
1422 1598 1522 1656 est,
1571 1594 1661 1653 qui
1692 1591 1866 1653 factus

179 1674 254 1718 est
290 1669 446 1729 nobis,
486 1669 615 1716 sicut
654 1667 772 1716 dicit
811 1666 1084 1733 apostOIUS‚
1127 1668 1378 1730 sapientia
1419 1681 1451 1714 a
1491 1666 1596 1716 Deo
1636 1670 1687 1715 et
1724 1668 1861 1714 iusti-

179 1745 251 1791 tia
299 1747 347 1791 et
388 1743 727 1802 sanctificatio
775 1746 825 1790 et
869 1741 1165 1802 redemptio,
1220 1746 1297 1804 ut,
1351 1754 1495 1801 quem
1547 1741 1618 1788 ad
1665 1741 1863 1788 modum

177 1818 422 1878 scriptam
463 1821 554 1875 est,
603 1818 692 1876 qai
724 1817 1003 1880 qloriatur,
1045 1817 1096 1863 in
1135 1815 1347 1863 Domino
1383 1815 1649 1874 qlorietur.
1728 1811 1865 1861 Hanc

179 1889 268 1938 Dei
314 1890 576 1955 iustitiam,
632 1904 779 1953 quam
829 1888 977 1937 donat
1022 1889 1177 1952 gratia
1224 1889 1330 1936 sine
1378 1888 1590 1953 meritiS‚
1638 1888 1866 1941 nesciunt

178 1962 263 2028 illi,
303 1964 389 2027 qui
420 1978 558 2011 suam
590 1964 828 2012 iustitiam
860 1961 1030 2011 volunt
1063 1962 1381 2026 constituere,
1421 1967 1470 2009 et
1501 1960 1611 2009 ideo
1651 1962 1868 2009 iustitiae

182 2036 284 2103 Dei,
325 2035 455 2101 quod
497 2043 573 2085 est
613 2036 838 2085 Christus
851 2075 865 2102 ‚
906 2051 1005 2084 non
1045 2042 1160 2084 sunt
1198 2034 1423 2084 subiecti.
1500 2033 1556 2082 In
1585 2049 1691 2098 ,qua
1730 2036 1868 2083 iusti-

179 2112 249 2159 tia
290 2117 364 2159 est
404 2110 555 2159 multa
595 2109 857 2159 multitudo
898 2109 1172 2158 dulcedinis
1211 2108 1326 2174 Dei,
1364 2114 1569 2173 propter
1610 2123 1756 2172 quam
1795 2107 1865 2156 di·

181 2185 311 2232 citur
341 2185 391 2231 in
423 2183 633 2247 psalmo:
678 2184 884 2232 Gustate
916 2189 964 2232 et
1001 2185 1164 2232 videte
1195 2196 1345 2242 qaam
1385 2184 1549 2231 dulcis
1589 2187 1663 2231 est
1694 2182 1860 2230 Domi-

181 2272 289 2306 nus,
366 2255 428 2305 Et
478 2256 603 2305 hanc
657 2256 855 2320 quidem
905 2257 956 2304 in
1003 2255 1093 2304 hac
1147 2256 1543 2319 peregrinatione
1595 2261 1865 2319 gustanteS‚

182 2345 281 2379 non
321 2329 379 2378 ad
421 2332 694 2379 satietatem
727 2336 994 2395 sumenteS‚
1035 2330 1281 2377 esurimus
1321 2343 1427 2377 eam
1466 2329 1632 2392 potius
1672 2343 1727 2377 ac
1767 2330 1868 2377 siti-

96 2414 152 2454 30
186 2419 312 2469 mUS,
353 2410 407 2453 ut
447 2419 502 2452 ea
540 2410 710 2468 postea
751 2409 1053 2468 saturemur,
1093 2417 1206 2450 cum
1245 2400 1519 2450 videbimus
1559 2416 1687 2466 eum,
1728 2403 1873 2450 sicuti

185 2485 279 2543 est,
335 2483 383 2526 et
429 2476 713 2542 implebitur
761 2476 891 2541 quod
940 2477 1177 2541 scriptum
1230 2482 1329 2524 est:
1385 2476 1692 2535 Saturabor‚
1749 2489 1862 2524 cum

309 2622 351 2674 7)
383 2619 455 2665 Ps.
489 2623 568 2675 30,
608 2623 679 2662 20.
745 2620 816 2674 10)
849 2618 982 2662 Rom.
1018 2622 1094 2671 10,
1129 2623 1168 2662 3.
1233 2620 1305 2672 15)
1343 2622 1379 2661 1.
1414 2618 1478 2662 10.
1510 2622 1559 2671 4,
1596 2622 1661 2661 18.
1725 2618 1798 2669 22)
1834 2621 1871 2660 1.

194 2676 296 2722 Cor.
323 2683 362 2733 1,
388 2682 443 2720 30
469 2692 535 2732 sq.
598 2679 673 2733 25)
698 2678 830 2722 Rom.
859 2682 928 2733 10,
960 2682 999 2720 3.
1064 2680 1137 2732 28)
1170 2676 1242 2721 Ps.
1276 2681 1346 2732 33,
1380 2681 1419 2721 9.
1482 2678 1556 2733 31)
1591 2681 1628 2720 1.
1661 2676 1724 2719 Io.
1759 2680 1799 2730 3,
1832 2680 1871 2720 2.

308 2887 333 2926 8
366 2883 679 2928 metuentibus
711 2884 756 2927 A
