2044 3146
579 134 646 166 DE
671 131 909 166 emmaus
932 133 1022 164 Dm
1045 133 1089 165 L.
1116 133 1240 165 xvn.
1264 132 1301 166 c.
1328 134 1380 166 20.
1710 120 1815 172 247

129 251 223 314 sit,
271 247 331 297 de
372 245 550 311 quibus
587 246 694 309 ipse
735 246 823 293 ait:
869 245 1018 294 Beati
1055 259 1269 306 quorum
1308 247 1549 295 remissae
1587 250 1705 294 sunt
1742 248 1816 294 in-

129 324 367 384 iquitates
397 325 447 370 et
475 333 690 381 quorum
721 324 855 368 tecta
885 325 1002 368 sunt
1029 325 1260 381 peccata.
1322 318 1441 368 Post
1471 318 1604 368 hunc
1644 333 1815 384 regna-

135 398 204 445 vit
253 393 412 443 eidem
461 392 643 459 populo
693 394 923 442 universo
973 392 1203 441 Salomon
1250 392 1378 441 filius
1426 394 1557 458 eiuS‚
1605 394 1712 459 qui,
1761 399 1817 442 ut

129 483 280 534 supra
330 467 517 516 dictum
564 473 661 533 est,
716 473 855 531 patre
908 481 998 515 suo
1054 468 1160 515 vivo
1212 468 1375 531 coepit
1425 481 1648 531 regnare.
1725 465 1815 515 Hic

129 542 273 591 bonis
320 542 474 590 initiis
520 540 674 589 malos
721 541 882 589 exitus
929 539 1113 589 habuit.
1191 539 1384 604 Quippe
1433 540 1677 589 secundae
1718 556 1816 603 res,
1850 550 1875 588 5

129 630 254 679 quae
305 616 600 679 sapientium
650 615 839 663 animos
890 614 1117 679 fatigant,
1180 615 1334 678 magis
1385 613 1501 663 huic
1551 615 1817 678 offuerunt,

129 703 276 753 quam
314 689 501 753 profuit
539 690 645 753 ipsa
683 689 943 753 sapientia,
995 689 1142 737 etiam
1181 703 1313 736 nunc
1354 694 1404 737 et
1441 686 1676 752 deinceps
1716 703 1814 736 me·

128 761 395 825 morabilis,
426 770 476 812 et
506 769 625 812 tunc
657 762 799 826 longe
826 761 1021 826 lateque
1046 761 1252 810 laudata.
1307 760 1636 826 Prophetasse
1669 763 1816 810 etiam

127 837 232 901 ipse
288 838 538 901 reperitur
591 838 642 885 in
697 838 799 885 suis
857 835 1022 901 libris,
1077 837 1162 900 qui
1212 843 1314 885 tres
1361 837 1551 900 recepti
1598 842 1714 885 sunt
1764 837 1814 884 in

124 912 470 960 auctoritatem
524 912 830 959 canonicam:
884 909 1176 975 Proverbia‚
1222 909 1533 958 ecclesiastes
1573 917 1622 958 et
1662 910 1814 958 canti·
1851 920 1905 959 10

126 999 242 1033 cum
290 986 608 1034 canticorum.
685 983 780 1032 Alii
818 999 934 1032 vero
975 983 1072 1032 duo
1086 1023 1100 1048 ,
1139 998 1352 1048 quorum
1393 998 1521 1032 unus
1561 985 1815 1048 sapientia,

124 1057 252 1106 alter
299 1058 662 1107 ecclesiasticus
701 1057 906 1122 dicitur,
953 1065 1157 1122 propter
1203 1056 1386 1121 eloquii
1426 1057 1711 1106 nonnullam
1752 1059 1813 1106 si-

128 1131 479 1198 militudinem,
530 1139 585 1180 ut
625 1131 900 1180 Salomonis
940 1131 1190 1196 dicantur,
1230 1130 1444 1180 obtinuit
1484 1131 1814 1196 consuetudo;

127 1220 226 1254 non
268 1212 434 1255 autem
473 1220 580 1254 esse
614 1206 770 1270 ipsius
810 1221 909 1253 non
948 1204 1175 1254 dubitant
1213 1204 1483 1270 doctiores;
1524 1220 1609 1253 eos
1651 1212 1813 1254 tamen

126 1281 178 1327 in
218 1281 560 1328 auctoritatem
592 1281 800 1328 maxime
841 1278 1158 1328 occidentalis
1197 1279 1469 1343 antiquitus
1508 1280 1697 1344 recepit
1737 1293 1813 1328 ec·
1850 1288 1903 1327 15

123 1352 291 1402 clesia.
368 1352 590 1411 Quorum
643 1354 695 1402 in
743 1369 865 1418 uno,
919 1354 1005 1417 qui
1059 1351 1332 1417 appellatur
1386 1355 1625 1418 sapientia
1681 1351 1813 1401 Salo·

125 1428 301 1489 moniS,
333 1428 496 1491 passio
523 1426 706 1476 Christi
731 1428 1038 1492 apertissime
1063 1426 1402 1491 prophetatur.
1465 1426 1607 1491 impii
1633 1428 1813 1491 quippe

124 1501 474 1550 interfectores
513 1503 621 1550 eius
661 1507 1111 1550 commemorantur
1150 1500 1394 1550 dicentes:
1441 1501 1814 1550 Circumvenia*

124 1588 234 1623 mus
282 1576 488 1636 iustum,
544 1577 666 1636 quia
721 1577 944 1624 insuavis
998 1581 1072 1624 est
1121 1576 1262 1624 nobis
1308 1581 1357 1624 et
1401 1578 1696 1625 contrarius
1743 1581 1817 1624 est

124 1649 364 1710 operibus
403 1651 589 1698 nostris
628 1654 676 1698 et
715 1651 1014 1710 inproperat
1052 1649 1193 1698 nobis
1226 1655 1446 1711 peecata
1486 1651 1611 1710 leqis
1651 1655 1698 1697 et
1739 1652 1812 1698 in-
1846 1658 1902 1698 20

118 1720 289 1782 famat
348 1724 400 1770 in
462 1737 551 1771 nos
606 1729 826 1784 peecata
889 1724 1188 1784 disciplinae
1248 1729 1466 1772 nostrae.
1562 1723 1816 1772 Promittit

123 1797 390 1844 scientiam
422 1796 522 1844 Dei
548 1811 603 1844 se
633 1795 823 1845 habere
855 1801 903 1844 et
928 1798 1090 1855 filium
1127 1797 1227 1845 Dei
1254 1811 1308 1845 se
1339 1799 1577 1846 nontinat.
1624 1797 1814 1846 Factus

127 1874 202 1917 est
240 1870 382 1917 nobis
422 1871 473 1918 in
506 1870 878 1919 traductionem
916 1871 1278 1930 eoqitationum
1318 1876 1623 1920 nostrarum.
1684 1871 1811 1919 Gra-

127 1944 200 1990 vis
239 1947 314 1991 est
349 1944 492 1992 nobis
530 1945 680 1992 etiam
728 1945 800 1992 ad
837 1945 1125 2002 videndum,
1173 1946 1407 2004 quoniam
1449 1946 1701 1993 dissimilis
1741 1949 1816 1993 est

122 2017 241 2064 aliis
272 2018 375 2065 vita
407 2018 540 2066 illius
571 2022 621 2066 et
651 2019 928 2066 immutatae
959 2019 1072 2066 viae
1103 2019 1224 2066 eius.
1287 2017 1557 2079 Tamquam
1589 2032 1813 2079 nuqaees
1846 2027 1902 2066 25

124 2091 382 2139 aestimati
408 2104 578 2140 sumus
609 2091 674 2139 ab
708 2093 804 2151 illo,
846 2096 894 2140 et
925 2091 1142 2140 abstinet
1171 2106 1224 2140 se
1255 2107 1288 2140 a
1319 2093 1412 2140 viis
1443 2093 1629 2142 nostris
1667 2094 1816 2153 quasi

123 2163 190 2211 ab
233 2165 545 2213 inmunditiis
553 2181 573 2222 ;
603 2162 844 2227 praefert
881 2166 1148 2214 novissima
1189 2167 1432 2214 iustorum
1473 2171 1522 2215 et
1555 2167 1814 2227 moriatur

117 2242 320 2298 patrem
372 2239 532 2287 Deum
585 2254 638 2288 se
691 2240 893 2288 habere.
984 2238 1250 2288 Videamus
1297 2254 1420 2301 erqo
1465 2241 1512 2288 si
1558 2253 1812 2288 sermones

123 2312 260 2359 illius
299 2314 410 2360 veri
444 2318 575 2373 sunt,
616 2317 665 2361 et
703 2318 993 2374 temptemus
1031 2326 1163 2373 quae
1202 2319 1444 2362 eventura
1481 2318 1599 2361 sunt
1638 2315 1722 2372 illi,
1764 2318 1814 2362 et

121 2386 336 2434 sciemus
375 2399 506 2446 quae
551 2391 703 2435 erunt
739 2388 1006 2438 novissima
1047 2388 1193 2434 illius.
1270 2387 1329 2435 Si
1365 2389 1495 2436 enim
1534 2393 1608 2436 est
1647 2389 1805 2435 iustus
1838 2398 1896 2436 30

116 2459 258 2515 filius
309 2459 428 2519 Dei,
482 2461 723 2522 suscipiet
768 2462 902 2508 illum
953 2465 1001 2508 et
1046 2461 1282 2509 liberabit
1328 2475 1439 2510 eum
1479 2462 1542 2509 de
1580 2461 1812 2508 manibus

240 2557 285 2611 2)
318 2556 391 2600 Ps.
424 2561 496 2611 31,
531 2562 568 2601 1.
631 2559 676 2610 4)
713 2562 750 2601 1.
784 2557 896 2613 Reg.
934 2561 979 2610 1³
1013 2562 1052 2600 2.

244 2694 271 2732 4
302 2688 412 2733 uiuo
436 2688 507 2741 R,·
537 2689 723 2733 vivente
754 2702 780 2733 υ
813 2690 828 2746 ΙΙ
863 2694 888 2732 9
921 2689 969 2732 in
1000 2688 1280 2732 auctoritate
1312 2688 1538 2733 canonica
1566 2703 1620 2746 9;
1651 2690 1699 2733 in
1731 2703 1810 2733 au-

122 2747 342 2791 ctoritate
368 2747 640 2792 canonicam
666 2748 756 2800 A¹;
781 2749 838 2802 cf.
862 2751 922 2792 15
946 2750 960 2803 ΙΙ
987 2754 1040 2792 19
1074 2748 1181 2802 quia
1205 2747 1251 2791 R
1259 2764 1276 2801 ,·
1308 2747 1530 2804 qnoniam
1552 2762 1579 2792 v
1602 2750 1616 2804 Η
1640 2753 1696 2792 26
1731 2762 1807 2792 ex·

122 2805 222 2849 tim.
255 2805 464 2863 RA1129
498 2808 721 2850 euentura
751 2806 797 2850 R
835 2811 887 2850 ut
920 2806 1170 2864 Cyprian.‚·
1205 2808 1403 2850 ventura,
1433 2821 1458 2850 υ
1482 2809 1498 2862 ΙΙ
1522 2811 1578 2850 30
1609 2806 1706 2851 eius
1738 2821 1764 2851 v
1795 2808 1809 2865 2}

122 2868 179 2906 31
214 2863 269 2909 de
301 2865 514 2910 manibus
546 2864 618 2918 Β,-
648 2879 790 2909 manu
820 2878 846 2910 v
