2004 3140
203 137 311 189 442
875 145 912 181 s.
937 145 1211 180 AUGUS'rrm

204 261 492 326 adfuerunt3
539 275 673 309 mors
720 274 836 308 vero
885 264 934 308 et
980 259 1204 308 infernus
1259 258 1602 325 reddiderunt,
1654 259 1885 323 quoniam

203 337 344 400 vitae,
384 335 443 383 de
484 349 579 399 qua
617 336 713 383 iam
754 334 996 398 exierant,
1035 339 1343 382 revocarunt.
1419 332 1522 382 Nec
1563 333 1747 382 frustra
1786 332 1884 381 for-

206 418 331 458 tasse
382 423 480 456 non
533 409 650 456 satis
698 407 789 456 fuit
839 414 894 456 ut
943 406 1131 455 diceret
1175 421 1310 456 mors
1355 413 1438 456 aut
1485 405 1744 468 infernuS,
1799 405 1884 455 sed

202 488 470 546 utrumque
523 482 708 530 dictum
749 487 848 530 est·
889 495 1021 529 mors
1060 486 1265 544 propter
1310 479 1489 546 honoS‚
1540 482 1625 545 qui
1672 487 1885 530 tantum-

144 564 169 604 5
202 555 346 604 modo
386 562 597 604 mortem
635 556 828 620 perpeti
867 561 1159 619 potuerunt,
1199 569 1298 602 non
1337 561 1386 603 et
1423 554 1695 623 infernum3
1734 554 1884 603 infer-

202 644 296 678 nus
336 635 499 678 autem
539 635 742 714 propter
783 628 957 695 maIOS,
998 629 1082 692 qui
1122 629 1266 677 etiam
1306 642 1489 692 poenas
1529 627 1656 693 apud
1695 627 1883 676 inferos

200 702 437 767 pendunt.
527 702 579 751 Si
629 705 761 752 enim
811 717 911 750 non
961 701 1172 750 absurde
1225 701 1360 750 credi
1410 701 1605 751 videtur
1656 703 1884 766 antiquos

202 778 348 825 etiam
388 782 606 843 sanctoS,
654 778 738 840 qui
778 777 973 825 venturi
1014 775 1197 824 Christi
1236 781 1505 825 tenuerunt
1544 775 1712 842 fidem,
1763 775 1884 824 locis

203 850 399 914 quidem
430 865 466 898 a
506 851 766 899 tormentis
805 851 1070 914 impiorum
1111 850 1476 915 remotissimiS‚
1516 848 1601 898 sed
1642 848 1769 914 apud
1810 850 1883 897 in-

118 933 169 973 10
202 924 332 972 feros
365 924 533 990 fuisse,
573 923 729 972 donec
763 939 847 972 eos
886 923 1000 972 inde
1033 921 1217 971 Christi
1256 924 1455 987 sanguis
1495 929 1544 971 et
1582 922 1641 971 ad
1682 937 1738 971 ea
1776 922 1884 971 loca

202 997 471 1046 descensus
518 1004 742 1063 erueret,
789 998 1011 1062 profecto
1063 996 1295 1061 deinceps
1342 995 1459 1044 boni
1505 995 1674 1045 fideles
1725 996 1881 1045 effuso

200 1070 282 1119 illo
322 1073 481 1135 pretio
529 1073 625 1119 iam
675 1070 919 1135 redempti
958 1085 1163 1135 prorsus
1202 1070 1389 1118 inferos
1429 1071 1679 1136 nesciunt,
1728 1069 1885 1118 donec

202 1145 348 1193 etiam
389 1146 603 1208 receptis
643 1144 936 1209 corporibus
976 1143 1101 1192 bona
1141 1145 1408 1209 recipiant,
1449 1158 1572 1208 quae
1613 1150 1883 1193 merentur.

203 1217 325 1267 Cum
373 1225 537 1267 autem
585 1218 808 1268 dixisset:
856 1219 924 1267 Et
968 1220 1186 1267 iudicati
1229 1223 1349 1266 sunt
1384 1220 1575 1278 sinqulz'
1609 1219 1886 1267 secundum

117 1302 170 1341 15
198 1291 345 1352 faeta
383 1307 492 1352 sua,
531 1291 749 1340 breviter
789 1291 1021 1357 subiecit,
1062 1306 1209 1354 quem
1250 1290 1307 1339 ad
1349 1290 1550 1339 modum
1591 1291 1777 1339 fuerint
1814 1292 1887 1340 iu-

203 1365 371 1414 dicati:
411 1366 478 1414 Et
507 1380 641 1414 mors
674 1371 721 1414 et
752 1364 997 1426 inferum,
1038 1366 1213 1429 inquit,
1253 1367 1393 1413 missi
1420 1369 1539 1413 sunt
1570 1367 1622 1413 in
1653 1370 1889 1426 staqnum

203 1441 347 1499 iyniS,
388 1438 464 1487 his
498 1438 780 1487 nominibus
821 1439 1100 1503 significans
1141 1437 1402 1503 diabolum,
1443 1439 1675 1502 quoniam
1714 1439 1888 1487 mortis

203 1518 279 1560 est
327 1518 499 1560 auctor
550 1518 599 1560 et
637 1513 943 1560 infernarum
982 1526 1276 1577 poenarum,
1323 1513 1702 1575 universamque
1744 1510 1890 1560 simul

203 1585 496 1634 daemonum
529 1587 829 1634 societatem.
906 1584 1011 1634 Hoc
1045 1592 1120 1634 est
1160 1586 1290 1634 enim
1332 1585 1463 1650 quod
1504 1600 1653 1649 supra
1694 1585 1888 1634 eviden-

113 1670 168 1709 20
203 1660 300 1707 tius
340 1659 746 1724 praeoccupando
786 1661 882 1708 iam
919 1659 1130 1708 dixerat:
1171 1659 1238 1707 Et
1275 1660 1518 1720 diaboluS,
1558 1661 1647 1720 quz’
1681 1660 1887 1708 seduce-

203 1734 290 1781 bat
328 1747 422 1793 θος,
464 1735 641 1782 missus
674 1738 749 1782 est
779 1735 830 1782 in
869 1738 1102 1794 staqnum
1143 1735 1273 1793 §quis
1313 1738 1361 1781 et
1396 1734 1669 1794 sulphuris,
1747 1731 1889 1790 Quod

201 1820 317 1854 vero
365 1805 433 1854 ibi
482 1805 744 1856 obscurius
795 1806 1085 1855 adiunxerat
1131 1805 1322 1855 dicens:
1385 1807 1491 1865 Quo
1539 1811 1587 1856 et
1634 1807 1793 1855 bestia
1843 1811 1893 1856 et

194 1881 663 1942 pseudopropheta,
718 1879 798 1929 hic
847 1882 1086 1944 apertius:
1125 1880 1194 1928 Et
1238 1882 1327 1942 qui
1371 1894 1472 1929 non
1521 1885 1661 1941 sunt,
1712 1881 1888 1945 inquit,

203 1955 394 2002 inventi
424 1956 475 2002 iu
507 1955 637 2003 libro
669 1957 803 2003 vitae
832 1957 1024 2016 scripti,
1065 1956 1204 2002 missi
1231 1958 1350 2002 sunt
1381 1955 1432 2002 in
1470 1959 1703 2014 stamnum
1744 1955 1888 2014 tynis,

117 2037 172 2076 25
205 2025 314 2074 Non
353 2026 510 2075 Deum
556 2026 680 2076 liber
726 2029 820 2076 iste
868 2032 1240 2092 commemorat,
1287 2041 1348 2075 ne
1390 2025 1634 2075 oblivione
1674 2025 1888 2092 fallatur3

205 2099 291 2147 sed
346 2099 842 2164 praedestinationem
900 2101 1140 2164 significat
1194 2115 1393 2166 eorum,
1456 2099 1635 2163 quibus
1689 2106 1889 2148 aeterna

205 2171 400 2220 dabitur
454 2174 565 2221 vita.
641 2173 812 2237 Neque
868 2175 999 2222 enim
1051 2174 1210 2222 nescit
1267 2188 1352 2221 eos
1398 2172 1530 2223 Deus
1587 2179 1636 2222 et
1693 2175 1744 2222 in
1794 2173 1887 2222 hoe

202 2244 327 2293 libro
374 2245 580 2312 legitur,
627 2252 684 2294 ut
731 2248 879 2311 sciat3
927 2246 1013 2295 sed
1059 2247 1225 2311 potius
1271 2247 1377 2310 ipsa
1417 2248 1523 2294 eius
1562 2247 1889 2310 praescientia

205 2317 264 2366 de
297 2318 407 2383 illis,
448 2333 572 2382 quae
605 2319 704 2368 falli
736 2334 835 2367 non
867 2325 1045 2385 potest,
1084 2318 1209 2367 liber
1249 2325 1324 2367 est
1362 2320 1502 2384 vitae,
1542 2320 1592 2367 in
1633 2334 1730 2384 quo
1771 2325 1888 2382 sunt

117 2409 172 2447 30
205 2393 392 2457 scripti,
432 2392 480 2440 id
521 2398 596 2441 est
635 2398 746 2441 ante
785 2394 1102 2457 praecogniti.

323 2533 398 2587 24)
430 2533 573 2589 Apoc.
606 2538 678 2588 20,
713 2538 767 2577 14
799 2548 864 2590 sq.

204 2751 329 2807 bus)
319 2698 376 2796 2}
411 2694 609 2796 sutipuris
639 2695 685 2738 R
730 2697 746 2752 ΙΙ
791 2700 847 2739 28
887 2694 1059 2752 legitur
1089 2694 1181 2738 ΒΑ
1211 2695 1288 2749 (ab
1321 2695 1495 2752 auqelis
1526 2695 1625 2740 Deo
1656 2695 1887 2740 servienti-

310 2785 324 2806 ,
379 2765 454 2809 egi
504 2766 531 2796 υ
