2054 3152
610 157 676 189 DE
700 157 940 190 CIVITATE
963 158 1052 190 DEI
1076 158 1118 192 L.
1145 158 1246 191 xlv.
1271 159 1308 192 c.
1334 161 1386 192 24.
1772 150 1841 201 51

155 278 209 317 ut
261 269 431 318 volunt
481 270 541 318 de
593 284 801 334 corpore
850 270 1160 332 facientium,
1211 286 1336 335 quae
1385 271 1464 320 alii
1512 270 1840 321 nullomodo

155 350 366 407 possunt
404 351 455 392 et
493 343 773 392 auditavix
815 342 1038 392 credunt.
1118 343 1245 393 Sunt
1285 346 1442 411 enim,
1483 347 1567 409 qui
1607 353 1655 394 et
1695 361 1840 394 aures

154 425 380 465 moveant
426 415 502 465 vel
549 416 766 482 singulas
817 417 894 466 vel
941 416 1106 466 ambas
1158 418 1320 467 simul.
1399 418 1526 467 Sunt
1565 421 1649 483 qui
1688 425 1843 468 totam

152 491 419 538 caesariem
470 492 628 555 capite
680 493 894 556 inmoto,
946 498 1186 555 quantum
1234 491 1398 555 capilli
1445 500 1710 557 occupant,
1759 493 1840 541 de—

152 571 344 628 ponunt
395 563 454 612 ad
505 564 719 613 frontem
769 571 1100 628 revocantque
1153 580 1263 613 cum
1318 565 1500 614 volunt.
1581 565 1706 614 Sunt
1756 568 1840 629 qui
1874 575 1899 615 5

152 652 324 686 eorum
358 652 482 701 quae
514 639 794 687 voraverint
825 637 1182 687 incredibiliter
1213 638 1427 703 plurima
1467 646 1516 688 et
1554 641 1686 687 varia
1724 655 1842 703 pau-

150 710 303 760 lulum
351 712 655 775 praecordiis
703 713 1023 761 contrectatis
1071 719 1320 776 tamquam
1372 712 1431 760 de
1473 712 1668 761 sacculo
1709 713 1842 776 quod

149 784 391 849 placuerit
440 787 815 850 integerrimum
867 786 1144 850 proferunt.
1222 785 1432 843 Quidam
1484 801 1629 834 voces
1680 788 1842 835 avium

151 873 488 923 pecorumque
532 867 580 907 et
619 859 827 908 aliorum
868 858 1202 924 quorumlibet
1240 859 1497 908 hominum
1538 861 1608 908 sic
1647 861 1839 908 imitan-

150 939 232 980 sur
272 940 418 996 atque
459 935 762 999 exprimunt,
801 941 883 999 ut,
923 934 1019 981 nisi
1058 932 1344 999 videantur,
1384 933 1599 982 discerni
1640 935 1839 981 omnino
1875 944 1929 984 10

150 1020 247 1054 non
281 1008 486 1069 possint.
548 1006 784 1056 Nonnulli
815 1006 874 1055 ab
906 1008 1004 1055 imo
1038 1008 1142 1055 sine
1175 1007 1389 1071 paedore
1423 1006 1523 1055 ullo
1563 1009 1630 1055 ita
1669 1022 1839 1055 nume-

149 1094 289 1127 rosos
339 1095 430 1143 pro
478 1079 681 1128 arbitrio
730 1082 921 1129 sonitus
968 1080 1143 1146 edunt,
1190 1087 1246 1129 ut
1294 1095 1353 1129 ex
1391 1080 1472 1128 illa
1512 1081 1660 1128 etiam
1698 1087 1838 1144 parte

149 1159 345 1201 cantare
394 1153 665 1202 videantur.
742 1153 852 1218 Ipse
902 1168 1012 1202 sum
1062 1161 1296 1217 expertus
1354 1153 1532 1202 sudare
1588 1153 1838 1202 hominem

149 1226 323 1292 solere,
356 1242 468 1276 cum
500 1226 658 1276 vellet.
729 1225 909 1276 Notum
944 1233 1020 1275 est
1052 1226 1291 1291 quosdam
1321 1226 1458 1293 flere,
1498 1241 1612 1275 cum
1650 1226 1834 1292 volunt,

148 1307 295 1364 atque
334 1299 550 1350 ubertim
589 1300 815 1350 lacrimas
855 1300 1078 1349 fundere.
1155 1299 1255 1349 Iam
1296 1300 1416 1349 illud
1455 1299 1610 1349 multo
1650 1307 1726 1349 est
1763 1302 1835 1348 in·
1872 1313 1926 1352 15

150 1373 435 1423 credibilius
447 1415 461 1440 ,
513 1374 645 1439 quod
694 1374 921 1439 plerique
976 1375 1154 1423 fratres
1206 1376 1443 1423 memoria
1493 1375 1837 1423 recentissima

147 1450 339 1511 experti
390 1455 519 1497 sunt.
595 1447 862 1513 Presbyter
911 1448 1005 1496 fuit
1059 1447 1256 1511 quidam
1303 1447 1582 1497 Restitutus
1638 1450 1836 1496 nomine

146 1523 196 1569 in
243 1524 471 1586 paroecia
533 1521 831 1571 Calamensis
894 1521 1145 1571 ecclesiae.
1247 1521 1453 1579 Quando
1516 1523 1562 1570 ei
1611 1520 1838 1586 placebat

147 1590 436 1661 (rogabatur
475 1603 639 1647 autem
682 1603 735 1645 ut
766 1595 866 1644 -hoc
907 1596 1093 1644 faceret
1133 1595 1191 1643 ab
1233 1597 1320 1661 eis,
1366 1597 1451 1659 qui
1490 1610 1596 1644 rem
1635 1594 1832 1643 mirabi-

145 1668 241 1717 lem
281 1684 446 1718 coram
479 1672 606 1718 scire
647 1663 952 1736 cupiebant),
991 1668 1051 1718 ad
1090 1671 1303 1718 imitatas
1345 1670 1484 1732 quasi
1523 1668 1835 1717 lamentantis
1869 1681 1924 1721 20

147 1741 410 1791 cuiuslibet
459 1743 672 1791 hominis
722 1758 869 1791 voces
919 1745 988 1790 ita
1038 1757 1090 1790 se
1139 1741 1393 1791 auferebat
1440 1757 1465 1790 a
1519 1741 1746 1790 sensibus
1788 1750 1837 1790 et

145 1815 334 1864 iacebat
367 1816 644 1865 simillimus
676 1823 890 1882 mortuo,
929 1823 984 1864 ut
1022 1830 1123 1863 non
1163 1815 1324 1864 solum
1363 1815 1646 1864 vellicantes
1686 1821 1833 1879 atque

145 1896 423 1953 pungentes
455 1891 656 1938 minime
690 1890 913 1955 sentiret,
953 1889 1039 1937 sed
1078 1888 1341 1953 aliquando
1383 1890 1529 1937 etiam
1568 1891 1680 1953 igne
1721 1903 1832 1937 ure-

144 1970 285 2012 retur
332 1962 526 2012 admoto
574 1965 679 2012 sine
719 1962 818 2011 ullo
869 1962 1053 2012 doloris
1093 1977 1243 2011 sensu
1285 1964 1381 2010 nisi
1418 1962 1734 2026 postmodum
1773 1977 1833 2010 ex

146 2036 371 2102 vulnere3
425 2051 523 2085 non
573 2044 737 2086 autem
789 2035 1084 2102 obnitendo,
1139 2035 1225 2084 sed
1276 2050 1376 2084 non
1424 2035 1681 2084 sentiendo
1733 2051 1832 2083 non
1866 2047 1922 2087 25

146 2125 341 2158 movere
375 2125 558 2174 corpus
591 2125 648 2158 eo
688 2109 1006 2175 probabatur,
1047 2109 1179 2173 quod
1218 2116 1470 2174 tamquam
1507 2110 1558 2156 in
1599 2109 1832 2158 defuncto

145 2183 311 2232 nullus
357 2183 701 2232 inveniebatur
750 2183 1016 2248 anhelitus3
1070 2183 1326 2233 hominum
1376 2190 1540 2231 tamen
1578 2197 1751 2248 voceS,
1792 2185 1833 2230 si

147 2256 327 2305 clarius
351 2255 690 2321 loquerentur,
729 2265 977 2320 tamquam
1002 2256 1060 2305 de
1093 2256 1362 2321 longinquo
1397 2271 1448 2305 se
1489 2255 1658 2304 audire
1697 2263 1831 2320 post-

147 2345 202 2378 ea
249 2329 508 2379 referebat.
609 2329 733 2378 Cum
793 2331 958 2393 itaque
1007 2345 1188 2394 corpus
1237 2332 1383 2379 etiam
1438 2344 1570 2378 nunc
1628 2328 1830 2393 quibus-

145 2403 280 2470 dam,
318 2403 434 2452 licet
471 2406 522 2451 in
563 2418 708 2452 carne
750 2402 1061 2468 corruptibili
1098 2402 1224 2452 hanc
1265 2417 1608 2452 aerumnosam
1647 2403 1828 2451 ducen-
1863 2415 1918 2454 30

144 2476 278 2525 tibus
316 2479 486 2543 vitam,
534 2479 601 2526 ita
647 2478 699 2525 in
748 2476 999 2540 plerisque
1039 2477 1341 2526 motionibus
1394 2485 1442 2526 et
1481 2475 1828 2525 affectionibus

147 2557 283 2598 extra
332 2552 566 2599 usitatum
617 2558 821 2599 naturae
874 2549 1072 2599 modum
1124 2550 1415 2599 mirabiliter
1456 2551 1656 2598 serviat:
1709 2549 1827 2614 quid

146 2638 320 2671 causae
376 2631 472 2690 est,
523 2633 578 2672 ut
632 2639 730 2672 non
771 2622 1030 2671 credamus
1070 2631 1181 2672 ante
1222 2623 1616 2672 inoboedientiae
1655 2637 1826 2686 pecca-

266 2829 336 2866 11·
359 2823 559 2879 paedore
600 2823 713 2877 va;
750 2823 922 2880 pedore
962 2823 1101 2877 A¹F,·
1140 2824 1316 2880 pudore
1348 2823 1416 2866 A2
1460 2825 1476 2879 u
1523 2828 1578 2866 18
1609 2822 1828 2879 paroecia

154 2882 268 2935 V¹v;
298 2883 489 2938 parocia.
528 2881 663 2935 V²F,·
692 2882 916 2938 parochia
947 2883 989 2926 A
1015 2884 1030 2938 Π
1052 2883 1236 2937 quando
1278 2882 1390 2936 VA,·
1422 2882 1501 2937 qui
1532 2881 1716 2937 quando
1746 2895 1773 2925 v

1413 2955 1472 2999 4*
