2004 3140
577 156 644 189 m:
669 155 907 190 CIVITATE
931 155 1020 188 Dm
1043 155 1084 188 L.
1108 155 1212 187 mx.
1238 155 1275 188 c.
1301 157 1354 188 11.
1500 139 1513 144 ’
1691 143 1795 196 371

794 308 985 363 CAPUT
1024 308 1116 362 XI.

114 418 190 468 De
229 418 539 467 beatitudine
577 419 727 479 pacis
775 423 1042 478 aeternae,
1092 419 1142 465 ἰη
1190 430 1291 476 qua
1329 418 1519 465 sanet-ts
1553 418 1673 475 finis
1713 421 1799 477 est,

646 493 700 539 td
737 498 810 540 est
849 505 970 540 vera
1002 489 1270 553 perfectio.

262 593 575 659 Quapropter
620 608 881 659 possemus
931 593 1096 642 dicere
1144 594 1266 641 fines
1314 592 1556 641 bonorum
1605 599 1796 642 nostro-

114 682 224 717 rum
265 683 373 717 esse
411 682 606 734 pacem,
658 669 788 716 sicut
826 674 1075 716 aeternam
1116 666 1327 715 diximus
1368 668 1536 732 vitam,
1575 682 1796 731 praeser-
1831 679 1859 718 5

112 744 201 791 tim
234 743 347 806 quia
391 743 484 807 ipsi
525 743 708 790 civitati
747 740 850 806 Dei,
890 740 949 789 de
990 756 1086 805 qua
1125 740 1268 789 nobis
1308 747 1384 790 est
1422 742 1515 790 ista
1554 742 1798 805 operosis-

114 818 236 864 sima
261 816 541 882 disputatiO,
566 817 617 864 in
643 822 815 864 sanc-to
841 815 1024 863 dicitur
1040 814 1253 879 psalmo:
1278 815 1462 864 Lauda
1479 815 1798 864 Hierusalem

112 890 401 950 Dominum,
449 891 703 940 conlauda
743 890 903 938 Deum
951 895 1088 938 tuum
1129 890 1282 947 Stort;
1329 891 1565 950 quoniam
1612 892 1797 948 confir-

111 967 266 1014 mavit
302 979 446 1013 seras
472 970 742 1026 portarum
774 970 991 1023 tuarum,
1034 964 1292 1013 benedixit
1323 965 1458 1022 filios
1497 969 1607 1012 tuos
1645 965 1697 1011 tn
1738 968 1798 1023 te,

111 1041 202 1099 qui
240 1040 411 1100 posuit
449 1040 579 1097 fines
626 1043 736 1087 tuos
777 1051 972 1099 pacem.
1052 1036 1257 1094 Quando
1310 1038 1441 1085 enim
1481 1037 1796 1085 confirmatae
1835 1049 1888 1088 10

112 1113 298 1161 fuerint
337 1126 474 1160 serae
515 1117 771 1175 portarum
810 1112 939 1176 eiUS,
993 1112 1089 1159 iam
1128 1113 1179 1160 in
1219 1110 1350 1159 illam
1390 1110 1554 1159 nullus
1593 1109 1798 1159 intrabit

111 1201 203 1234 nec
242 1184 301 1234 ab
341 1185 421 1233 illa
470 1184 598 1234 ullus
647 1183 813 1234 exibit.
890 1184 958 1233 Ac
998 1199 1088 1249 per
1125 1184 1219 1233 hoc
1260 1185 1382 1233 fines
1423 1186 1529 1232 eius
1570 1199 1676 1232 eam
1715 1184 1798 1232 de·

109 1258 283 1309 bemus
322 1258 402 1308 hic
441 1258 727 1323 intellegere
766 1272 960 1325 pacem,
1009 1273 1155 1322 quam
1193 1258 1418 1307 volumus
1458 1258 1796 1307 demonstrare

108 1333 316 1382 finalem.
392 1331 514 1381 Nam
553 1339 603 1382 et
640 1333 796 1397 ipsius
836 1333 1046 1381 civitatis
1086 1334 1346 1397 mysticum
1388 1347 1594 1398 nomen,
1633 1331 1682 1381 id
1722 1340 1798 1381 est

108 1406 439 1471 Hierusalem,
479 1406 609 1471 quod
651 1412 700 1455 et
739 1412 850 1455 ante
890 1408 986 1455 iam
1026 1405 1259 1472 diximus,
1311 1408 1431 1455 visio
1471 1408 1605 1471 pacis
1644 1407 1795 1455 inter-
1831 1418 1883 1458 15

109 1487 345 1548 pretatur.
425 1480 520 1529 Sed
569 1481 800 1544 quoniam
847 1482 982 1546 pacis
1031 1495 1212 1529 nomen
1253 1473 1399 1530 etiam
1439 1482 1488 1528 in
1529 1479 1605 1528 his
1645 1479 1795 1528 rebus

112 1553 398 1604 mortalibus
438 1555 804 1620 frequentatur,
855 1553 940 1603 ubi
980 1556 1150 1618 utique
1192 1569 1290 1603 non
1332 1561 1407 1603 est
1448 1556 1541 1603 vita
1582 1560 1796 1620 aeterna,

106 1635 370 1694 propterea
409 1628 556 1685 finem
596 1629 807 1677 civitatis
846 1628 1015 1694 huiuS,
1067 1627 1151 1677 ubi
1191 1630 1286 1677 erit
1325 1643 1572 1677 summum
1611 1626 1795 1677 bonum

109 1704 232 1769 eiuS,
265 1709 511 1751 aeternam
547 1703 694 1750 vitam
718 1701 980 1751 maluimus
1012 1717 1398 1751 commemorare
1432 1717 1577 1766 quam
1609 1717 1794 1766 pacem.

108 1774 177 1825 De
219 1791 316 1840 quo
357 1776 452 1824 fine
493 1775 743 1840 apostolus
783 1777 870 1824 ait:
912 1777 1058 1825 Nurac
1098 1790 1215 1825 vero
1255 1778 1463 1826 liberati
1500 1791 1531 1824 a
1566 1781 1794 1838 peccam,
1829 1788 1884 1827 20

107 1853 246 1899 servi
274 1855 440 1899 autem
467 1848 602 1910 facti
639 1850 752 1907 De0‚
791 1851 986 1898 habetis
1013 1849 1242 1910 fructum
1274 1855 1492 1900 vestrum
1526 1852 1576 1898 in
1608 1852 1794 1899 sancti-

104 1926 411 1984 ficationem,
446 1926 599 1983 finem
633 1937 750 1972 vero
783 1925 935 1972 vitam
975 1930 1250 1973 aeternam.
1330 1922 1426 1971 Sed
1466 1938 1642 1972 rursus
1683 1925 1794 1987 quia

109 1998 205 2046 vita
257 2004 455 2046 aeterna
502 1996 560 2044 ab
610 1998 707 2062 eiS,
754 1998 840 2061 qui
891 1997 1269 2046 familiaritatem
1315 2012 1414 2045 non
1461 1996 1644 2046 habent
1682 2012 1795 2046 cum

110 2072 370 2135 scripturis
418 2072 623 2136 sanctiS,
669 2076 834 2135 potest
878 2073 1035 2136 accipi
1084 2073 1232 2120 etiam
1271 2070 1511 2120 malorum
1551 2072 1670 2137 vita,
1720 2071 1793 2118 vel

112 2145 385 2194 secundum
425 2144 660 2208 quosdam
708 2146 854 2194 etiam
893 2144 1212 2210 philosophos
1250 2151 1456 2210 propter
1495 2146 1682 2193 animae
1722 2146 1793 2192 in·
1829 2156 1883 2196 25

111 2218 458 2275 mortalitatem
512 2217 587 2266 vel
634 2218 908 2268 secundum
955 2220 1101 2267 etiam
1148 2218 1295 2268 fidem
1334 2224 1552 2267 nostram
1591 2225 1795 2282 propter

109 2306 293 2355 poenas
340 2291 729 2340 interminabiles
767 2293 1056 2358 impiorum,
1104 2294 1202 2357 qui>
1237 2294 1408 2356 utique
1447 2294 1498 2340 iu
1538 2299 1795 2340 aeternum

111 2367 322 2414 cruciari
369 2380 469 2414 non
515 2371 775 2432 poterunt,
829 2367 924 2415 nisi
970 2368 1116 2415 etiam
1164 2367 1376 2414 vixerint
1425 2367 1475 2413 in
1515 2372 1794 2414 aeternum:

109 2439 330 2502 profecto
385 2439 496 2487 finis
549 2440 760 2488 civitatis
814 2438 984 2506 huiuS,
1041 2441 1092 2488 in
1148 2454 1245 2504 quo
1298 2454 1543 2488 summum
1595 2437 1794 2487 habebit

110 2510 319 2579 bonum,
375 2512 449 2560 vel
489 2527 582 2577 pax
622 2514 672 2560 in
712 2514 808 2562 vita
848 2520 1047 2562 aeterna
1094 2513 1169 2561 vel
1209 2514 1305 2562 vita
1344 2519 1542 2562 aeterna
1581 2513 1632 2559 in
1673 2526 1790 2576 pace
1825 2524 1882 2564 30

230 2640 300 2695 10)
334 2638 404 2684 Ps.
441 2644 538 2694 146,
574 2644 626 2682 12
660 2654 756 2695 sqq.
821 2642 894 2696 22)
926 2639 1057 2684 Rom.
1093 2644 1134 2696 6,
1167 2643 1236 2685 22.

227 2834 254 2872 4
284 2843 522 2885 possemus
545 2829 637 2874 BA
661 2830 738 2886 (cf.
764 2831 884 2886 quod
906 2833 1133 2886 sequitur:
1167 2829 1257 2873 Sed
1282 2829 1502 2886 quoniam
1534 2832 1655 2887 ete.),·
1685 2843 1792 2887 pos-

109 2900 264 2932 sumus
295 2888 364 2932 Lv
388 2890 404 2945 ΙΙ
427 2893 452 2932 6
485 2891 722 2933 aeternam
754 2902 852 2933 esse
884 2903 910 2933 v
934 2891 948 2946 u
972 2894 1027 2933 23
1061 2890 1120 2934 ab
1151 2889 1223 2932 his
1257 2902 1280 2932 v

1340 2962 1431 3006 24*
