2004 3140
209 147 318 200 530
883 155 918 188 s.
942 155 1216 190 Anousmm

210 277 474 334 conantur,
513 276 569 319 ut
606 268 716 319 ideo
758 268 983 318 videlicet
1021 285 1135 318 vera
1176 271 1294 335 sint,
1335 271 1447 335 quia
1488 285 1568 336 63,
1610 285 1732 334 quae
1774 270 1896 319 dixit

210 345 432 393 homines
474 358 581 392 esse
621 358 878 409 passui·OS,
917 344 1018 407 pati
1057 343 1191 408 digni
1231 351 1370 411 sunt,
1410 359 1507 392 nou
1549 346 1662 408 quia
1700 345 1896 409 passuri

210 425 339 467 sunt.
416 416 626 466 Donabit
677 418 808 466 enim
857 432 968 483 665,
1018 418 1276 484 inquiunt,
1327 417 1559 482 precibus
1612 424 1895 467 sanctorum

212 506 442 557 suorum,
494 492 641 540 etiam
689 497 807 540 tunc
855 498 991 539 tanto
1043 493 1195 555 magis
1247 493 1492 540 orantium
1546 507 1637 556 pro
1684 493 1897 540 inimicis

151 576 176 613 5
211 567 336 632 suiS,
385 571 566 629 quanto
615 570 732 613 sunt
778 566 947 628 utique
997 567 1290 631 sanctiores,
1337 581 1608 630 eorumque
1649 566 1897 615 efficacior

211 646 286 688 est
326 641 480 688 oratio
522 645 571 688 et
610 638 920 687 exauditione
961 639 1049 687 Dei
1089 639 1303 706 dignior,
1350 641 1446 688 iam
1486 639 1674 688 nullum
1714 639 1895 688 haben-

210 715 334 762 tium
390 714 588 761 omnino
639 718 912 777 peccatum.
992 712 1091 761 Cur
1143 728 1260 777 ergo
1317 711 1487 762 eadem
1536 714 1897 778 perfectissima

211 788 467 835 sanctitate
517 792 567 835 et
613 793 789 835 cuncta
836 788 1101 850 impetrare
1149 786 1423 836 valentibus
1470 787 1806 836 mundissimis
1847 793 1896 835 et

210 860 684 909 misericordissimis
716 859 949 924 precibus
990 862 1135 909 etiam
1175 876 1265 925 pro
1306 860 1490 925 angelis
1530 876 1628 909 non
1669 858 1895 926 orabunt,

123 944 177 984 10
211 933 390 998 quibus
445 941 644 998 paratus
700 940 776 982 est
829 935 956 998 ignis
1011 941 1264 995 aeterium,
1319 942 1375 982 ut
1421 933 1552 983 Deus
1601 935 1895 983 sententiam

211 1023 350 1056 suam
398 1009 587 1072 mitiget
634 1013 684 1056 et
731 1007 954 1056 reflectat
999 1009 1051 1056 in
1101 1007 1276 1057 melius
1324 1023 1508 1072 eosque
1555 1007 1614 1056 ab
1662 1007 1742 1056 illo
1782 1009 1895 1072 igne

210 1082 369 1130 faciat·
409 1078 633 1130 alienos?
709 1081 783 1129 An
833 1083 928 1130 erit
978 1082 1182 1131 forsitan
1230 1083 1515 1148 quisquam,
1572 1083 1655 1146 qui
1702 1088 1752 1130 et
1802 1081 1894 1130 hoc

211 1155 434 1204 futurum
481 1170 590 1203 esse
637 1162 919 1220 praesumat
966 1155 1228 1204 adfirmans
1277 1157 1421 1204 etiam
1463 1162 1657 1204 sanctos
1698 1154 1896 1220 angelos

211 1228 357 1278 simul
411 1244 524 1278 cum
574 1230 756 1278 sanctis
803 1228 1114 1295 hominibus7
1170 1231 1255 1293 qui
1301 1236 1420 1278 tunc
1468 1228 1695 1294 aequales
1749 1235 1895 1278 erunt

125 1311 177 1351 15
211 1302 395 1367 angelis
434 1302 544 1368 Dei,
591 1318 681 1367 pro
730 1302 1016 1351 damnandis
1062 1311 1113 1352 et
1151 1302 1336 1367 angelis
1377 1310 1426 1352 et
1463 1302 1745 1352 hominibus
1787 1317 1892 1350 ora-

210 1383 365 1442 turos,
402 1384 459 1425 ut
490 1375 826 1425 misericordia
859 1392 957 1424 non
988 1378 1251 1441 patiantur,
1292 1377 1423 1440 quod
1457 1378 1660 1425 veritate
1699 1391 1891 1425 meren-

211 1457 292 1499 tur
342 1446 477 1514 pati‘?
556 1449 695 1507 Quod
748 1465 891 1498 nemo
940 1465 1084 1498 sanae
1132 1449 1245 1498 fidei
1292 1450 1437 1516 dixit,
1484 1465 1627 1499 nemo
1669 1450 1892 1499 dicturus

211 1530 299 1571 est.
378 1523 571 1587 Alioqui
620 1523 751 1572 nulla
803 1539 948 1572 causa
1000 1530 1098 1590 est,
1154 1538 1243 1572 cur
1293 1539 1392 1572 non
1440 1525 1586 1572 etiam
1635 1539 1766 1572 nunc
1806 1538 1895 1588 pro

211 1595 403 1645 diabolo
445 1603 493 1645 et
533 1597 716 1661 angelis
756 1598 863 1646 eius
903 1604 1012 1646 oret
1052 1597 1273 1663 ecclesia,
1313 1612 1459 1661 quam
1498 1599 1731 1661 magister
1763 1597 1894 1646 Deus

124 1680 179 1720 20
213 1686 302 1736 pro
342 1671 555 1719 inimicis
595 1672 697 1719 suis
729 1672 873 1720 iussit
913 1686 1070 1724 orare.
1147 1670 1279 1720 Haec
1319 1673 1470 1735 igitur
1510 1686 1670 1738 causa,
1710 1686 1804 1735 qua
1845 1666 1899 1718 fit

213 1751 268 1792 ut
307 1759 438 1792 nunc
487 1744 693 1793 ecclesia
740 1759 838 1792 non
887 1752 996 1793 oret
1041 1760 1131 1809 pro
1172 1744 1310 1793 malis
1349 1744 1559 1809 angeliS‚
1617 1760 1740 1809 quos
1780 1759 1896 1793 suos

214 1833 322 1866 esse
363 1820 497 1867 novit
536 1820 760 1866 inimicos
773 1857 786 1883 ,
827 1818 994 1867 eadem
1035 1820 1139 1883 ipsa
1180 1833 1325 1867 causa
1366 1826 1455 1883 est,
1495 1833 1591 1882 qua
1630 1819 1714 1867 fiet
1751 1825 1807 1867 ut
1846 1819 1896 1866 in

212 1890 293 1939 illo
343 1897 460 1940 tunc
506 1891 687 1940 iudicio
738 1893 884 1940 etiam
931 1907 1021 1957 pro
1070 1891 1350 1941 hominibus
1391 1900 1593 1941 aeterno
1632 1893 1744 1956 igne
1786 1907 1896 1940 cru·

214 1964 421 2031 ciandiS‚
470 1967 689 2029 quamvis
729 1966 947 2030 perfecta
988 1967 1052 2015 sit
1091 1967 1371 2032 sanctitate,
1419 1981 1516 2014 non
1558 1973 1678 2014 oret..
1755 1964 1896 2014 Nunc

127 2047 182 2088 25
216 2040 344 2087 enim
401 2046 663 2103 propterea
716 2054 806 2103 pro
863 2041 934 2087 eis
990 2046 1118 2106 orat,
1173 2054 1297 2103 quos
1347 2042 1397 2088 in
1452 2054 1633 2104 genere
1685 2038 1897 2088 humano

214 2110 361 2160 habet
407 2113 658 2177 11111111605,
705 2114 819 2175 quia
866 2119 1062 2177 tempus
1110 2120 1186 2162 est
1231 2115 1558 2177 paenitentiae
1600 2113 1897 2161 fructuosae.

212 2184 337 2232 Nam
382 2185 498 2248 quid
547 2186 753 2233 maxime
800 2200 891 2249 pro
941 2188 1011 2234 eis
1059 2192 1191 2251 orat,
1246 2187 1341 2234 nisi
1386 2192 1444 2235 ut
1489 2189 1573 2235 det
1611 2189 1708 2238 illes
1747 2187 1896 2246 DeuS,

214 2259 342 2306 sicut
381 2257 499 2306 dicit
538 2258 811 2323 apostOIuS,
852 2262 1216 2321 paenitentiam
1256 2266 1305 2308 et
1342 2262 1647 2321 resipiscant
1685 2261 1746 2308 de
1787 2261 1895 2308 dia-

214 2332 314 2380 boli
350 2334 557 2394 laquez'S,
598 2347 630 2380 α
669 2346 765 2393 quo
806 2334 997 2394 captivi
1033 2338 1268 2382 tenentur
1306 2335 1581 2382 secundum
1621 2335 1777 2394 ipsius
1817 2347 1896 2382 vo-

126 2414 182 2454 30
214 2402 490 2455 luntatem‘?
552 2404 772 2469 Denique
806 2407 847 2454 si
880 2405 938 2454 de
972 2405 1215 2469 aliquibus
1255 2407 1320 2454 ita
1361 2412 1495 2455 certa
1536 2412 1680 2470 esset,
1718 2412 1774 2454 ut
1813 2407 1898 2469 qui

219 2480 319 2526 sint
371 2478 441 2527 illi
487 2480 633 2527 etiam
681 2484 874 2544 nosset,
930 2480 1013 2543 qui
1058 2479 1173 2528 licet
1219 2479 1376 2528 adhuc
1423 2481 1473 2528 in
1521 2479 1610 2528 hac
1657 2481 1753 2528 vita
1800 2481 1899 2528 sint

218 2553 500 2618 constituti,
552 2560 715 2601 tamen
765 2552 1117 2616 praedestinati
1165 2560 1280 2602 sunt
1325 2554 1376 2601 iu
1424 2560 1679 2602 aeternum
1733 2554 1898 2617 ignem

217 2626 288 2673 ire
330 2640 441 2673 cum
483 2625 696 2674 diabolo:
736 2632 833 2674 tam
873 2641 963 2690 pro
1003 2628 1074 2674 eis
1115 2641 1213 2674 non
1254 2634 1440 2692 oraret,
1491 2631 1635 2691 quam
1675 2641 1767 2674 1166
1806 2640 1896 2690 pro

216 2699 340 2762 ipso,
419 2697 514 2747 Sed
571 2701 683 2762 quia
738 2698 797 2747 de
849 2699 982 2748 nullo
1035 2707 1168 2748 certa
1222 2707 1324 2766 est,
1380 2700 1487 2748 orat
1532 2711 1620 2764 pro
1669 2698 1896 2747 omnibus

128 2781 186 2820 35
221 2771 471 2820 dumtaxat
515 2771 796 2821 hominihus
843 2774 1054 2822 inimicis
1106 2775 1208 2822 suis
1248 2775 1297 2821 111
1338 2773 1430 2822 1106
1470 2788 1677 2837 corpore
1717 2773 1895 2821 consti-

333 2884 406 2939 30)
439 2888 479 2927 2.
513 2883 630 2927 Tim.
663 2888 704 2940 2,
738 2888 793 2928 25
826 2898 891 2940 sq.
