2004 3140
136 941 191 981 10

136 1309 191 1349 15

135 1679 192 1719 20

138 2192 194 2232 25

136 2560 194 2599 30

223 141 332 193 432
912 149 948 183 s.
974 149 1248 183 Auoosrmi

224 267 435 329 venerit,
486 279 582 328 quo
632 263 713 312 fiat
760 269 809 312 et
848 277 1113 327 corporum
1152 264 1476 328 resurrectiO,
1523 278 1623 312 non
1663 262 1722 312 ad
1760 264 1908 313 vitam

225 338 283 387 de
324 340 656 387 monumentis
695 336 979 403 procedent,
1019 336 1105 385 sed
1145 337 1202 386 ad
1242 336 1501 403 iudicium3
1541 336 1601 386 ad
1641 337 1907 387 damnatio-

223 428 337 461 nem
370 411 572 478 scilicet,
613 426 736 476 quae
771 409 987 460 secunda
1027 425 1159 459 mors
1199 410 1392 460 dicitur.
1470 410 1636 460 Donec
1675 411 1909 460 finiantur

224 488 356 535 enim
396 485 526 534 mille
567 486 696 551 anni,
737 486 1036 549 quicumque
1077 499 1176 533 non
1215 486 1411 549 vixerit,
1450 484 1499 534 id
1539 492 1629 551 est,
1669 492 1774 535 toto
1811 486 1907 534 isto

225 566 462 626 tempore,
502 575 599 624 quo
633 561 794 624 agitur
817 560 975 624 prima
1006 560 1325 624 resurrectiO,
1365 573 1463 607 non
1495 559 1706 608 audierit
1739 574 1909 608 vocem

222 633 308 683 filii
348 633 436 683 Dei
475 640 524 682 et
564 632 623 682 ad
662 635 808 682 vitam
861 632 920 681 de
961 638 1119 682 morte
1159 633 1432 700 transierit,
1478 633 1702 698 profecto
1741 635 1792 682 in
1833 648 1907 682 se-

224 707 383 757 cunda
414 709 796 773 resurrectione,
837 722 959 771 quae
994 707 1155 755 carnis
1189 713 1279 774 est,
1316 708 1366 755 in
1399 712 1611 771 mortem
1643 707 1908 756 secundam

224 797 336 831 cum
375 783 480 847 ipsa
532 797 678 830 carne
730 779 971 830 transibit.
1051 780 1288 845 Sequitur
1329 781 1459 829 enim
1499 787 1548 830 et
1587 780 1727 831 dicit:
1766 781 1909 830 Haec

222 858 534 906 resurrectio
575 858 747 918 prima
795 860 879 904 est.
958 854 1147 904 Beatus
1194 860 1243 904 et
1286 859 1494 904 sanetus
1542 858 1632 916 qui
1667 857 1819 905 habet
1857 858 1909 905 in

222 932 322 980 hae
351 932 522 993 prima
554 931 932 978 resurrectione
959 934 1173 994 partem,
1212 928 1260 977 id
1295 935 1370 978 est
1399 930 1647 994 particeps
1681 930 1787 978 eius
1820 935 1909 979 est.

222 1003 332 1069 Ipse
374 1010 449 1052 est
488 1009 652 1052 autem
691 1004 938 1068 particeps
990 1004 1122 1070 eiuS,
1179 1004 1263 1067 qui
1313 1017 1411 1051 non
1461 1002 1619 1052 solum
1670 1018 1698 1051 a
1735 1009 1910 1068 morte,

223 1093 347 1143 quae
387 1079 438 1126 in
476 1078 692 1142 peccatis
733 1083 822 1143 est,
861 1078 1134 1143 revivescit,
1174 1091 1345 1126 verum
1386 1078 1531 1126 etiam
1572 1079 1622 1126 in
1663 1092 1737 1143 e0,
1776 1078 1907 1142 quod

222 1153 470 1218 revixerit,
507 1149 829 1216 permanebit.
911 1151 970 1200 In
1005 1153 1124 1212 istie,
1165 1152 1341 1217 inquit,
1379 1152 1605 1200 secunda
1637 1165 1772 1200 mors
1810 1165 1910 1201 non

222 1227 372 1274 habet
404 1230 714 1288 potestatem.
790 1223 949 1273 Habet
989 1240 1106 1289 ergo
1146 1226 1196 1273 in
1236 1224 1467 1289 reliquiS,
1507 1224 1567 1274 de
1610 1224 1790 1289 quibus
1829 1240 1908 1274 su-

222 1301 391 1364 perius
432 1300 520 1348 ait:
561 1299 767 1359 Reliqui
804 1313 976 1348 eorum
1016 1313 1114 1348 non
1155 1301 1414 1358 vixerunt,
1465 1301 1623 1348 donec·
1656 1301 1910 1358 finiantur

222 1376 354 1422 mille
401 1375 526 1422 anni
533 1390 551 1430 ;
599 1373 829 1436 quoniam
875 1373 971 1420 isto
1019 1378 1122 1421 toto
1174 1373 1411 1437 temporis
1450 1371 1728 1439 interva110,
1778 1372 1908 1437 quod

223 1446 354 1495 mille
395 1462 548 1495 annos
589 1452 749 1511 vocat,
801 1452 1254 1511 quantumcumque
1294 1447 1345 1494 in
1387 1461 1444 1494 eo
1485 1447 1694 1511 quisque
1737 1461 1910 1495 eorum

222 1522 342 1569 vixit
381 1521 431 1568 in
472 1535 703 1585 corpore,
754 1535 851 1568 non
892 1522 1067 1568 revixit
1107 1535 1134 1568 a
1174 1526 1355 1586 morte,
1394 1521 1445 1568 in
1485 1534 1581 1584 qua
1621 1535 1733 1569 eum
1774 1526 1908 1569 tene-

223 1593 306 1643 bat
356 1595 608 1660 impietaS,
662 1601 717 1642 ut
765 1594 834 1642 sic
890 1593 1238 1643 revivescendo
1290 1595 1475 1658 primae
1527 1595 1910 1643 resurrectionis

222 1669 470 1732 particeps
525 1668 665 1716 fieret
721 1675 865 1731 atque
921 1668 972 1716 in
1028 1683 1085 1716 eo
1138 1674 1434 1733 potestatem
1494 1666 1710 1717 secunda
1775 1683 1909 1716 mors

223 1757 322 1790 non
361 1741 578 1790 haberet.

917 1898 1109 1954 CAPUT
1148 1900 1212 1954 X.

269 2008 403 2066 Quid
439 2009 843 2068 respondendum
881 2010 947 2056 sit
985 2010 1069 2067 εἰς,
1110 2010 1199 2068 qui
1225 2013 1410 2070 putant
1448 2011 1874 2058 resurrectionem

327 2083 399 2129 ad
434 2083 540 2129 sola
581 2095 817 2142 corpora,
856 2095 955 2130 non
996 2084 1145 2130 etiam
1186 2084 1257 2130 ad
1294 2084 1490 2130 animas
1524 2085 1797 2143 pertinere.

377 2181 502 2243 Sunt
544 2184 630 2246 qui
667 2189 842 2246 putant
889 2185 1306 2232 resurrectionem
1355 2184 1451 2232 dici
1492 2200 1590 2232 non
1629 2199 1774 2249 posse
1815 2185 1910 2232 nisi

226 2270 491 2319 corporum
542 2255 751 2319 ideoque
799 2257 942 2304 istam
1002 2271 1197 2320 quoque
1245 2258 1453 2321 primam
1507 2259 1557 2305 in
1616 2256 1908 2322 corporibus

226 2330 443 2378 futuram
493 2344 601 2377 esse
654 2328 971 2378 contendunt.
1051 2329 1273 2387 Quorum
1328 2332 1456 2378 enim
1510 2337 1610 2396 est,
1664 2331 1910 2397 inquiunt,

226 2402 416 2468 cadere,
458 2417 630 2451 eorum
663 2408 738 2451 est
771 2417 1048 2467 resurgere.
1127 2402 1317 2466 Cadunt
1357 2410 1519 2452 autem
1561 2419 1768 2469 corpora
1808 2419 1921 2466 mo·-

225 2475 423 2542 riend03
472 2491 583 2524 nam
632 2483 681 2524 et
729 2492 754 2524 a
805 2476 1022 2525 cadendo
1074 2476 1307 2525 cadavera
1359 2483 1722 2542 nuncupantur.
1798 2476 1908 2526 Non
1976 2508 1979 2509 ν

227 2565 344 2614 ergo
378 2551 666 2616 animarum,
704 2551 951 2616 inquiunt,
990 2553 1292 2599 resurrectio
1324 2557 1487 2615 potest
1519 2566 1643 2617 esse,
1683 2551 1768 2600 sed
1802 2566 1907 2600 cor-

225 2638 416 2687 porum.
497 2623 592 2672 Sed
634 2623 749 2688 quid
792 2630 963 2673 contra
1003 2624 1278 2688 apostolum
1317 2624 1509 2690 dicunt,
1562 2626 1647 2689 qui
1687 2639 1791 2673 eam
1832 2639 1908 2673 re-

227 2698 586 2745 surrectionem
635 2694 879 2762 appellat‘?
957 2697 1078 2746 Nam
1127 2697 1398 2746 secundum
1445 2700 1758 2764 interiorem,
1810 2713 1907 2746 non

227 2769 499 2819 secundum
540 2773 835 2820 exteriorem
874 2770 1123 2820 hominem
1164 2773 1333 2835 utique
1374 2778 1763 2838 resurrexerant,
1803 2773 1907 2836 qui-

348 2884 419 2938 10)
454 2883 596 2939 Apoc.
632 2887 700 2939 20,
735 2888 759 2927 5
794 2898 858 2939 sq.
