2004 3140
563 129 629 161 m:
654 127 893 162 cmTA'rE
918 129 1005 160 Dm
1030 129 1073 162 L.
1099 130 1203 162 xxx.
1230 129 1266 164 c.
1293 132 1322 163 1.
1671 119 1778 172 347

88 248 334 308 ponerent
366 248 415 290 et
446 240 700 289 malorum.
777 239 848 288 Ex
893 256 987 304 qua
1019 243 1267 306 tripertita
1307 242 1437 291 velut
1475 243 1779 307 generalium

21 378 24 382 .
94 314 444 365 distributione
492 320 739 363 sectarum
793 313 988 363 Marcus
1042 314 1193 364 Varro
1240 318 1291 364 in
1339 315 1464 364 libro
1513 317 1571 365 de
1623 316 1777 381 philo-

98 388 268 454 sophia
329 395 429 437 tam
482 387 684 437 multam
740 387 1020 452 dogmatum
1077 391 1358 438 varietatem
1414 390 1675 455 diligenter
1730 398 1780 440 et

93 461 345 512 subtiliter
392 467 641 511 scrutatus
690 461 920 523 advertit,
972 470 1027 511 ut
1066 463 1124 511 ad
1165 463 1402 512 ducentas
1443 466 1691 528 octoginta
1731 471 1780 513 et

92 542 207 585 octo
248 542 421 602 sectaS,
459 550 558 584 non
600 550 723 600 quae
763 537 859 584 iam
900 543 1080 602 essent,
1121 537 1206 586 sed
1247 552 1370 601 quae
1412 553 1520 586 esse
1560 543 1777 604 possent,

83 608 328 658 «adhibens
368 608 603 674 quasdam
642 609 943 659 differentias
983 609 1208 659 facillime
1250 613 1545 675 perveniret.

239 682 381 740 Quod
436 690 490 732 ut
545 683 761 733 breviter
809 683 1089 750 ostendam,
1125 684 1257 733 ‘inde
1299 690 1493 749 oportet
1533 686 1779 749 incipiam,

89 756 223 822 quod
262 758 367 821 ipse
407 757 618 806 advertit
657 765 705 806 et
745 760 908 822 posuit
948 759 1000 806 in
1040 757 1165 806 libro
1205 765 1504 824 memorato,
1544 764 1779 822 quattuor

88 845 201 879 esse
236 831 490 897 quaedam,
530 846 654 896 quae
687 824 910 880 homines
945 833 1049 880 sine
1091 833 1340 897 magistro,
1379 834 1485 881 sine
1526 832 1624 881 ullo
1665 832 1778 881 doc·

90 905 246 953 trinae
296 904 618 971 adminiculo,
674 907 778 954 siue
827 906 1070 954 industria
1117 906 1192 954 vel
1233 913 1336 955 arte
1378 906 1596 971 vivendi,
1652 921 1774 970 quae

89 979 248 1027 virtus
294 978 476 1028 dicitur
523 988 571 1028 et
616 979 790 1043 procul
837 978 986 1028 dubio
1038 979 1268 1045 discitur,
1315 980 1448 1028 velut
1489 979 1775 1028 naturaliter

90 1059 346 1116 appetunt,
386 1059 470 1102 aut
508 1053 833 1118 voluptatem,
873 1068 968 1117 qua
1009 1053 1364 1102 delectabiliter
1403 1061 1628 1102 movetur
1668 1069 1774 1102 cor-

90 1127 228 1190 poris
276 1141 475 1192 sensuS,
523 1136 606 1176 aut
653 1129 894 1192 quietem,
942 1142 1037 1191 qua
1087 1127 1140 1176 fit
1188 1134 1242 1176 ut
1280 1127 1462 1176 nullam
1504 1127 1776 1175 molestiam

90 1201 315 1264 corporis
347 1201 556 1264 quisque
587 1202 816 1266 patiatur,
856 1207 939 1249 aut
971 1207 1247 1266 utramque,
1287 1217 1432 1265 quam
1472 1207 1636 1250 tamen
1677 1215 1775 1249 uno

90 1275 290 1322 nomine
324 1273 585 1339 voluptatis
616 1273 863 1339 Epicurus
904 1273 1127 1339 appellat,
1169 1283 1253 1324 aut
1292 1274 1637 1324 universaliter
1676 1275 1774 1338 pri·

89 1361 168 1395 ma
215 1353 445 1413 naturae,
491 1350 542 1396 in
582 1347 762 1413 quibus
809 1354 858 1397 et
896 1347 1016 1397 haec
1057 1356 1173 1398 sunt
1214 1356 1262 1398 et
1302 1349 1413 1408 alia,
1462 1348 1537 1397 vel
1577 1350 1628 1396 in
1669 1363 1775 1396 cor-

90 1435 228 1486 pore,
265 1427 322 1470 ut
351 1421 688 1471 membrorum
720 1423 979 1487 integritas
1018 1429 1067 1471 et
1107 1422 1238 1471 salus
1278 1430 1423 1486 atque
1464 1421 1776 1471 incolumitas

91 1495 215 1559 eius,
254 1494 329 1543 vel
360 1497 410 1544 in
443 1497 620 1562 animo,
659 1503 715 1545 ut
753 1503 870 1545 sunt
909 1511 980 1562 ea,
1020 1511 1144 1560 quae
1185 1496 1261 1545 vel
1301 1511 1449 1561 parva
1489 1495 1564 1544 vel
1604 1510 1774 1560 magna

89 1569 141 1616 in
188 1567 443 1618 hominum
490 1571 810 1635 reperiuntur
858 1571 1082 1634 ingeniis,
1158 1569 1290 1619 Haec
1337 1572 1488 1634 igitur
1528 1575 1777 1634 quattuor,

90 1640 140 1690 id
180 1649 255 1690 est
294 1642 541 1709 voluptas,
581 1645 736 1707 quieS,
778 1651 1060 1708 utrumque,
1098 1645 1256 1708 prima
1294 1650 1514 1708 naturae,
1553 1645 1620 1692 ita
1660 1649 1777 1692 sunt

90 1717 142 1764 in
175 1715 332 1782 nobiS,
372 1723 426 1765 ut
458 1716 533 1765 vel
565 1718 737 1782 virtuS,
777 1732 923 1781 quam
962 1723 1133 1781 postea
1173 1717 1396 1766 doctrina
1436 1718 1626 1782 inserit,
1663 1731 1776 1781 pro·

92 1795 205 1853 pter
251 1789 372 1838 haec
420 1790 694 1854 appetenda
735 1791 821 1856 sit,
875 1796 959 1838 aut
1005 1791 1097 1839 ista
1136 1798 1341 1854 propter
1379 1792 1639 1855 virtutem,
1694 1796 1779 1838 aut

90 1870 300 1926 utraque
339 1870 545 1928 propter
585 1879 636 1912 se
677 1865 803 1928 ipsa3
843 1878 898 1912 ac
938 1878 1028 1928 per
1067 1864 1159 1912 hoc
1200 1864 1325 1913 fiunt
1363 1863 1476 1912 hinc
1518 1862 1778 1912 duodecim

91 1943 277 2002 sectae3
331 1951 420 2001 per
485 1937 610 1986 hanc
673 1939 804 1986 enim
859 1939 1100 1986 rationem
1155 1937 1375 2001 singulae
1438 1936 1776 2001 triplicantur3

91 2010 221 2073 quod
264 2025 376 2059 cum
422 2011 473 2059 in
515 2026 610 2060 una
650 2011 1074 2076 demonstravero,
1125 2011 1323 2059 difficile
1364 2026 1462 2059 non
1504 2012 1597 2059 erit
1636 2010 1686 2058 id
1724 2011 1776 2058 in

87 2085 271 2132 ceteris
309 2085 544 2134 invenire.
623 2084 746 2135 Cum
793 2100 911 2149 ergo
958 2084 1181 2149 voluptas
1231 2087 1453 2149 corporis
1493 2085 1642 2132 animi
1682 2085 1776 2131 vir-

91 2158 188 2205 tuti
238 2157 321 2206 aut
373 2157 602 2208 subditur
653 2165 735 2212 aut
782 2158 1063 2223 praefertur
1110 2164 1194 2207 aut
1240 2159 1483 2223 iungitur,
1530 2159 1777 2221 tripertita

90 2231 306 2280 variatur
367 2231 649 2282 diversitate
714 2239 974 2281 sectarum.
1065 2231 1304 2280 Subditur
1366 2238 1528 2280 autem
1592 2231 1777 2295 virtuti,

91 2304 286 2367 quando
343 2306 395 2353 in
442 2320 588 2355 usum
635 2307 829 2355 virtutis
870 2305 1159 2354 adsumitur.
1235 2304 1458 2353 Pertinet
1497 2305 1678 2369 quippe
1719 2303 1777 2352 ad

91 2379 287 2426 virtutis
319 2379 537 2428 officium
570 2386 619 2428 et
651 2381 813 2428 vivere
844 2380 1030 2444 patriae
1073 2386 1121 2428 et
1160 2385 1364 2443 propter
1403 2379 1612 2442 patriam
1651 2376 1775 2425 filios

89 2465 383 2517 procreare,
448 2467 658 2516 quorum
724 2459 957 2502 neutrum
1013 2453 1119 2501 fieri
1175 2459 1339 2517 potest
1393 2453 1500 2499 sine
1555 2451 1778 2514 corporis

92 2522 362 2589 voluptate3
409 2540 519 2574 nam
569 2528 674 2575 sine
722 2525 802 2575 illa
842 2541 933 2574 nec
974 2525 1114 2575 cibus
1154 2532 1399 2589 potusque
1441 2525 1677 2589 sumitur,
1723 2530 1779 2572 ut

93 2597 297 2662 vivatur,
337 2613 427 2646 uec
467 2599 837 2665 concumbitur,
877 2607 932 2648 ut
971 2600 1222 2663 generatio
1262 2603 1577 2662 propagetur.
1656 2595 1779 2645 Cum

94 2683 208 2717 vero
258 2671 536 2734 praefertur
583 2675 775 2738 virtuti,
821 2675 926 2737 ipsa
974 2674 1221 2737 appetitur
1272 2677 1476 2735 propter
1515 2685 1566 2719 se
1608 2671 1779 2735 ipsam,

219 2860 247 2897 4
280 2856 327 2899 et
358 2856 462 2900 octo
494 2854 612 2910 RA,·
643 2858 747 2901 octo
779 2871 804 2901 v

1811 914 1866 954 10

1811 1282 1864 1321 15

1808 1650 1866 1690 20

1809 2016 1866 2056 25

1808 2385 1866 2425 30
