2004 3140
485 178 552 210 DE
577 177 815 211 crvrrATE
840 177 926 208 DEI
950 177 991 209 L.
1016 176 1160 210 xvm.
1185 177 1222 211 c.
1246 179 1300 211 37.
1325 179 1379 211 38.
1671 166 1778 219 313

95 292 164 342 ihi
219 298 361 342 natus
409 298 458 340 et
504 305 531 339 a
575 290 673 339 filia
725 289 994 339 Pharaonis
1049 290 1306 355 adoptatus
1361 297 1507 354 atque
1561 293 1779 341 nutritus

98 369 246 416 etiam
290 364 557 414 liberaliter
604 363 842 413 educatus
890 371 978 413 est.
1058 363 1154 413 Sed
1201 379 1292 413 nec
1341 365 1578 429 sapientia
1626 366 1778 431 Aegy-

97 443 313 506 ptiorum
360 439 650 503 sapientiam
699 437 1053 503 prophetarum
1100 445 1386 487 nostrorum
1434 445 1656 503 tempore
1697 454 1778 488 an-

99 513 326 564 tecedere
357 514 534 578 potuit,
573 512 767 576 quando
802 511 1000 576 quidem
1033 519 1081 561 et
1113 511 1355 560 Abraham
1394 512 1635 576 propheta
1673 513 1778 562 fuit.

19 646 21 654 y
99 587 226 647 Quid
278 593 443 636 autem
482 587 748 650 sapientiae
788 588 950 650 potuit
989 601 1097 635 esse
1137 587 1188 634 in
1227 586 1469 652 AegyptO,
1519 593 1781 651 antequam
1813 595 1839 635 5

98 665 168 712 eis
199 661 306 728 Isis,
346 676 493 725 quam
525 667 771 709 mortuam
803 666 1051 728 tamquam
1090 674 1315 724 magnam
1347 659 1487 708 deam
1528 660 1782 709 colendam

98 742 411 802 putaverunt,
450 734 639 784 litteras
671 731 926 783 traderet?
987 734 1079 783 Isis
1111 749 1261 799 porro
1293 732 1461 783 Inachi
1492 734 1589 782 filia
1628 735 1781 783 fuisse

97 809 340 876 proditur,
381 810 465 873 qui
495 810 686 873 primus
718 823 926 872 regnare
959 809 1122 872 coepit
1160 807 1365 874 ArgiviS,
1406 808 1599 872 quando
1632 807 1780 856 Abra-

96 884 186 933 hae
226 885 323 932 iam
361 890 566 947 nepotes
606 883 926 947 reperiuntur
965 884 1137 931 exorti.

678 1054 871 1109 CAPUT
901 1054 1208 1109 XXXVIII,
1818 1067 1873 1106 10

137 1164 282 1223 Quod
316 1165 567 1224 quaedam
604 1169 897 1212 sanctorum
935 1165 1129 1225 scripta
1170 1165 1542 1212 ecclesiasticus
1581 1178 1746 1212 canon

205 1243 416 1299 propter
455 1239 662 1286 nimiam
702 1252 802 1286 non
842 1239 1095 1299 receperit
1133 1242 1439 1298 vetustatem,
1480 1252 1543 1286 ne
1576 1252 1674 1300 per

298 1313 613 1360 occasionem
653 1325 827 1360 eorum
861 1310 1000 1372 falsa
1039 1314 1174 1360 veris
1213 1313 1575 1360 insererentur.

245 1414 346 1463 Iam
384 1429 501 1462 vero
542 1415 583 1462 si
633 1413 776 1477 longe
817 1415 1095 1478 antiquiora
1135 1421 1377 1480 repetam,
1426 1420 1475 1463 et
1514 1420 1625 1462 ante
1665 1413 1785 1462 illud

99 1489 281 1553 grande
323 1487 560 1537 diluvium
608 1494 778 1536 noster
818 1494 924 1536 erat
962 1490 1132 1552 utique
1165 1487 1268 1536 Noe
1307 1487 1599 1553 patriarcha,
1640 1502 1787 1552 quem
1822 1493 1875 1532 15

98 1562 388 1627 prophetam
428 1576 625 1626 quoque
667 1576 764 1609 non
804 1562 1035 1610 inmerito
1083 1561 1315 1627 dixerim3
1362 1563 1404 1610 si
1444 1562 1644 1625 quidem
1682 1563 1787 1625 ipsa

100 1651 227 1702 arca,
266 1651 411 1700 quam
443 1636 575 1701 fecit,
606 1636 657 1683 in
690 1650 785 1699 qua
819 1650 932 1684 cum
964 1637 1067 1684 suis
1099 1637 1265 1702 evasit,
1304 1635 1562 1700 prophetia
1595 1642 1786 1684 nostro—

100 1725 212 1759 rum
266 1716 548 1774 temporum
603 1708 709 1757 fuit.
805 1708 933 1766 Quid
986 1708 1158 1758 Enoch
1214 1711 1453 1773 septimus
1508 1708 1567 1757 ab
1622 1708 1790 1774 Adam,

103 1799 266 1832 nonne
318 1785 464 1832 etiam
516 1785 567 1830 in
618 1783 852 1830 canonica
893 1782 1100 1846 epistula
1142 1782 1349 1846 apostoli
1389 1781 1537 1832 Iudae
1577 1782 1787 1846 prophe-

100 1864 229 1906 tasse
277 1852 624 1922 praedicatur‘?
701 1855 924 1913 Quorum
971 1857 1155 1919 scripta
1204 1862 1260 1904 ut
1306 1855 1435 1920 apud
1483 1855 1690 1904 Iudaeos
1741 1863 1790 1904 et
1821 1861 1878 1901 20

104 1931 232 1995 apud
266 1945 355 1978 nos
387 1931 438 1978 in
471 1930 762 1978 auctoritate
803 1944 902 1977 non
944 1936 1124 1995 essent,
1164 1930 1312 1977 nimia
1353 1929 1470 1977 fecit
1509 1931 1788 1994 antiquitaS,

104 2011 308 2068 propter
347 2018 493 2067 quam
534 2001 824 2052 videbantur
863 2002 1084 2051 habenda
1126 2018 1234 2051 esse
1276 2010 1527 2068 suspecta,
1575 2018 1636 2051 ne
1677 2018 1788 2067 pro-

106 2079 356 2126 ferrentur
403 2076 523 2125 falsa
561 2092 652 2141 pro
701 2077 846 2125 veriS.
922 2076 1044 2125 Nam
1092 2083 1141 2125 et
1186 2077 1511 2141 proferuntur
1552 2076 1790 2140 quaedam

105 2166 227 2215 quae
283 2153 505 2215 ipsorum
552 2165 660 2199 esse
708 2149 936 2199 dicantur
983 2149 1043 2198 ab
1092 2151 1185 2216 eiS,
1234 2151 1318 2213 qui
1365 2165 1454 2214 pro
1508 2165 1597 2198 suo
1639 2165 1788 2199 sensu

104 2226 286 2288 passim
319 2223 449 2288 quod
482 2223 651 2272 volunt
684 2223 905 2272 credunt.
986 2223 1083 2272 Sed
1116 2239 1172 2272 ea
1212 2225 1410 2273 castitas
1451 2225 1652 2272 canonis
1692 2239 1790 2272 non
1823 2227 1880 2267 25

107 2299 316 2364 recepit,
367 2313 464 2346 non
506 2297 636 2362 quod
678 2312 851 2346 eorum
890 2297 1168 2363 hominum,
1216 2298 1301 2361 qui
1340 2296 1440 2345 Deo
1480 2296 1787 2361 placuerunt,

108 2371 403 2437 reprobetur
450 2372 738 2436 auctoritaS,
787 2371 872 2419 sed
921 2371 1052 2435 quod
1102 2373 1196 2420 ista
1236 2386 1344 2419 esse
1386 2386 1486 2419 non
1526 2370 1791 2419 credantur

106 2445 340 2509 ipsorum.
414 2443 515 2493 Nec
554 2446 736 2493 mirum
775 2443 922 2493 debet
959 2444 1130 2510 videri,
1171 2444 1301 2508 quod
1342 2450 1571 2508 suspecta
1609 2443 1789 2492 haben-

108 2524 219 2583 tur,
287 2533 409 2582 quae
473 2517 564 2567 sub
634 2524 795 2566 tantae
846 2519 1148 2582 antiquitatis
1196 2519 1391 2566 nomine
1446 2518 1791 2581 proferuntur3

110 2591 301 2655 quando
354 2591 550 2655 quidem
604 2593 654 2639 in
709 2593 814 2655 ipsa
868 2591 1073 2640 historia
1126 2606 1300 2655 regum
1350 2589 1468 2639 Iuda
1524 2597 1571 2638 et
1617 2604 1791 2654 regum
1824 2596 1881 2635 30

228 2719 272 2773 4)
305 2716 415 2762 Gen.
450 2722 519 2773 20,
555 2723 593 2762 7.

232 2853 254 2891 1
288 2850 424 2892 natus
455 2849 503 2892 et,
532 2848 649 2901 RA,·
687 2850 825 2893 natus
858 2850 930 2892 est
960 2848 1030 2902 F;
1069 2850 1204 2892 natus
1237 2850 1307 2891 est
1339 2849 1386 2892 et
1415 2861 1442 2891 v
1480 2850 1495 2903 ΙΙ
1537 2853 1587 2892 17
1621 2847 1669 2891 in
1701 2862 1793 2903 qua

111 2905 250 2960 R¹A,·
281 2909 329 2951 et
357 2907 406 2950 in
437 2920 529 2962 qua
558 2906 632 2952 Fv
