2004 3140
571 122 637 154 DE
662 119 899 155 CIVITATE
922 121 1011 152 DEI
1035 121 1077 153 L.
1102 121 1204 154 XXI.
1230 121 1268 155 c.
1293 122 1346 154 18.
1689 109 1797 162 523

112 248 224 283 rum
276 234 532 291 sanctitate
584 231 774 281 nullum
822 233 1039 281 inveniet
1079 234 1314 282 orationis
1354 230 1797 299 impedimentum?

110 307 468 356 Testimonium
519 321 636 355 vero
685 306 860 371 psalmi
908 312 957 355 et
1002 305 1071 355 illi
1111 307 1331 374 quidem,
1380 309 1464 372 qui
1503 308 1797 372 permittunt

110 380 332 430 infideles
370 387 517 444 atque
551 382 728 445 impios
761 379 985 428 homines
1026 379 1198 429 saltem
1238 381 1382 445 longo
1422 388 1644 446 tempore
1685 396 1794 430 cru-

111 456 230 503 ciari
269 461 318 503 et
355 460 527 519 postea
559 454 619 502 de
652 453 791 502 malis
832 453 1061 502 omnibus
1102 455 1224 519 erui,
1265 455 1349 503 sed
1390 456 1543 520 magis
1583 456 1665 504 isti
1703 469 1794 519 pro

109 543 162 576 se
195 527 367 577 dicunt
398 543 523 594 esse,
563 527 648 576 ubi
679 527 881 591 legitur:
921 529 1178 589 Numquid
1210 529 1532 578 obliviscetur
1564 531 1798 578 misereri
1828 537 1852 576 5

103 603 239 651 Deus
281 607 372 651 aut
420 603 697 651 continebit
742 604 794 650 in
846 604 928 650 ira
967 617 1061 650 sua
1100 604 1449 652 miserationes
1487 599 1642 651 suas?
1716 602 1795 650 Ira

105 677 212 724 eius
245 682 334 741 est,
365 677 612 740 inquiunt,
645 681 702 724 ut
734 690 904 723 omnes
936 675 1124 739 indigni
1157 674 1459 724 beatitudine
1494 677 1794 739 sempiterna

102 751 211 815 ipso
242 748 491 798 iudicante
523 750 794 813 puniantur
827 748 1069 813 supplicio
1103 750 1419 813 sempiterno,
1498 748 1595 797 Sed
1636 750 1679 797 si
1717 748 1794 797 vel

99 822 301 887 longum
351 822 428 871 vel
477 837 684 887 prorsus
732 822 886 871 ullum
937 837 1046 871 esse
1093 824 1398 888 permiserit,
1444 823 1690 887 profectO,
1738 828 1794 871 ut

31 937 36 942 .
99 898 256 961 possit
303 896 396 945 hoc
442 897 572 962 fieri,
620 895 893 945 continebit
938 898 989 944 in
1042 897 1114 944 ira
1153 911 1241 945 sua
1281 898 1624 945 miserationes
1664 911 1792 956 suaS,
1829 905 1881 942 10

103 970 235 1034 quod
283 985 397 1019 eum
443 969 662 1034 psalmus
710 969 830 1018 dicit
876 985 974 1018 non
1025 984 1132 1018 esse
1175 970 1436 1019 facturum.
1511 969 1620 1018 Non
1661 971 1793 1018 enim

103 1046 192 1093 ait:
222 1043 506 1110 „Numquid
531 1043 615 1093 diu
641 1042 914 1093 continebit
936 1045 987 1092 in
1012 1045 1084 1092 ira
1118 1059 1205 1092 sua
1237 1045 1579 1093 miserationes
1613 1038 1795 1092 ειιειεῬα

104 1117 191 1166 sed
233 1117 363 1182 quod
404 1132 610 1182 prorsus
651 1133 749 1166 non
790 1117 1064 1166 continebit
1103 1117 1334 1166 ostendit.

253 1191 334 1240 Sic
383 1206 499 1255 ergo
547 1192 630 1240 isti
677 1190 846 1240 volunt
884 1191 1054 1240 iudicii
1093 1191 1182 1240 Dei
1222 1193 1650 1240 comminationem
1692 1205 1791 1239 non

103 1280 212 1314 esse
252 1265 561 1331 mendacem,
604 1266 823 1329 quamvis
864 1266 927 1314 sit
966 1267 1215 1314 neminem
1255 1265 1576 1314 damnaturus
1589 1304 1603 1331 ,
1643 1280 1790 1328 quem
1826 1273 1879 1311 15

108 1339 167 1388 ad
207 1338 408 1410 modum
457 1340 564 1387 eius
613 1340 1067 1405 comminationem,
1110 1354 1211 1403 qua
1251 1339 1373 1388 dixit
1414 1354 1702 1387 eversurum
1744 1354 1796 1387 se

109 1428 217 1462 esse
257 1412 479 1461 Nineven
520 1414 790 1478 civitatem,
838 1412 1123 1461 mendacem
1164 1428 1261 1461 non
1303 1427 1566 1478 possumus
1608 1412 1796 1477 dicere3

108 1494 157 1535 et
196 1492 358 1536 tamen
399 1487 583 1535 factum
620 1501 716 1534 non
761 1493 848 1551 est,
887 1488 1135 1553 inquiunt,
1175 1487 1306 1550 quod
1347 1488 1452 1535 sine
1492 1485 1591 1535 ulla
1631 1486 1796 1535 condi-

107 1562 248 1609 cione
279 1560 537 1624 praedixit.
614 1559 723 1608 Non
756 1562 887 1608 enim
928 1562 1014 1609 ait:
1052 1560 1269 1626 „Nineve
1312 1566 1578 1626 evertetur,
1617 1561 1659 1608 si
1698 1574 1796 1608 non

108 1635 301 1698 egerint
337 1635 688 1699 paenitentiam
722 1649 875 1697 seque
916 1629 1275 1699 correxerint“;
1317 1633 1401 1682 sed
1442 1633 1536 1682 hoc
1575 1648 1674 1682 non
1715 1633 1793 1681 ad·
1830 1641 1884 1680 20

106 1707 208 1756 dito
233 1708 596 1772 praenuntiavit
620 1708 836 1756 suturam
861 1709 1168 1756 eversionem
1199 1707 1330 1756 illius
1363 1709 1584 1755 civitatis
1641 1706 1796 1764 Quam

107 1783 538 1830 comminationem
578 1789 839 1846 propterea
879 1796 1105 1830 veracem
1143 1787 1333 1847 putant,
1374 1782 1487 1844 quia
1524 1779 1618 1828 hoc
1657 1795 1795 1845 prae-

106 1855 228 1903 dixit
265 1854 396 1904 Deus
437 1855 567 1919 quod
607 1870 721 1903 vere
778 1855 911 1919 digni
952 1862 1092 1903 erant
1129 1856 1251 1920 pati,
1305 1856 1524 1918 quamvis
1564 1853 1658 1902 hoc
1697 1869 1795 1902 non

110 1934 242 1977 esset
279 1930 384 1993 ipse
426 1929 661 1978 facturus,
738 1928 859 1976 Nam
900 1931 994 1977 etsi
1031 1927 1398 1994 paenitentibus
1437 1929 1683 1993 pepercit,
1721 1929 1794 1975 in-

106 2003 307 2066 quiunt,
354 2003 526 2066 utique
574 2002 684 2050 illos
730 2004 1079 2066 paenitentiam
1127 2017 1226 2050 non
1276 2001 1533 2066 ignorabat
1578 2007 1790 2066 acturOS,
1825 2009 1878 2048 25

107 2082 157 2124 et
195 2081 361 2124 tamen
402 2075 624 2124 absolute
671 2090 726 2123 ac
776 2076 975 2132 ,definite
1017 2090 1187 2124 eorum
1229 2077 1535 2124 eversionem
1574 2075 1790 2124 futuram

103 2164 212 2197 esse
260 2149 516 2213 praedixit.
592 2148 697 2197 Hoc
746 2164 863 2213 ergo
911 2155 1039 2214 erat,
1088 2150 1342 2214 inquiunt,
1381 2151 1432 2197 in
1470 2149 1675 2197 veritate
1717 2163 1790 2196 se-

104 2223 348 2288 veritatis,
390 2224 502 2287 quia
542 2222 590 2270 id
632 2230 771 2271 erant
811 2223 965 2289 digni3
1016 2222 1101 2271 sed
1141 2224 1192 2271 in
1231 2225 1420 2271 ratione
1462 2222 1791 2270 miserationis

101 2311 203 2344 non
245 2303 364 2362 erat,
404 2311 551 2360 quam
582 2311 679 2345 non
715 2298 959 2345 continuit
997 2298 1048 2345 in
1087 2297 1159 2345 ira
1201 2311 1303 2362 sua,
1342 2302 1398 2344 ut
1436 2295 1495 2344 ab
1537 2310 1593 2344 ea
1631 2309 1790 2360 poena

100 2369 410 2434 supplicibus
441 2377 684 2436 parceret,
725 2385 870 2434 quam
910 2371 1072 2420 fuerat
1111 2369 1484 2419 contumacibus
1525 2370 1788 2418 commina-
1822 2378 1878 2416 30

104 2450 200 2492 tus,
278 2442 331 2492 Si
371 2459 487 2507 ergo
520 2450 639 2492 tunc
674 2445 913 2510 pepercit,
952 2445 1104 2509 aiunt,
1144 2443 1338 2508 quando
1379 2450 1603 2491 sanctum
1644 2456 1790 2490 suum

102 2516 394 2581 prophetam
441 2517 603 2565 fuerat
649 2517 895 2581 parcendo
944 2519 1349 2580 contristaturus,
1402 2522 1584 2579 quanto
1633 2516 1786 2579 magis

100 2595 220 2638 tunc
259 2589 589 2639 miserabilius
630 2590 1020 2655 supplicantibus
1060 2596 1256 2655 parcet,
1297 2589 1490 2653 quando
1529 2595 1585 2637 ut
1623 2595 1792 2653 parcat

215 2718 259 2772 6)
290 2716 361 2760 Ps.
398 2721 470 2772 76,
506 2721 574 2761 10.
640 2719 712 2773 17)
745 2718 839 2761 Ion.
874 2722 914 2772 3,
948 2722 987 2760 4.

214 2854 255 2906 6,
290 2853 359 2906 10,
394 2854 447 2893 12
482 2862 564 2893 sua
595 2861 678 2894 om.
710 2849 756 2892 A
