2044 3146
184 575 211 613 αι

155 944 210 983 10

153 1312 207 1351 15

149 1784 206 1824 20

147 2210 203 2249 25

147 2578 204 2617 30

247 147 356 199 256
942 157 978 190 s.
1005 157 1280 191 AUGUST1N1

247 278 392 335 atque
448 270 561 318 inde
618 285 774 334 usque
831 269 888 318 ad
937 269 1180 318 Abraham
1230 285 1406 319 rursus
1453 269 1648 330 ambae,
1700 271 1828 318 sicut
1879 271 1929 318 in

247 343 576 408 temporibuS,
616 346 681 392 ita
723 350 771 392 et
810 345 860 391 in
901 346 1084 392 nostris
1123 344 1301 394 litteris
1342 350 1688 393 cucurrerunt.
1766 342 1863 391 Sed
1903 358 1929 392 a

245 425 384 482 patre
425 417 665 466 Abraham
706 433 862 481 usque
904 417 962 466 ad
1003 410 1175 482 regum
1216 424 1411 482 tempus
1451 417 1804 482 Israelitarum,
1845 416 1930 466 ubi

246 499 439 540 sextum
488 491 733 540 decimum
783 491 1008 540 volumen
1056 491 1375 558 absolvimus,
1422 499 1472 541 et
1517 491 1630 540 inde
1671 506 1828 555 usque
1869 490 1928 539 ad

244 567 400 630 ipsius
438 567 490 613 in
531 581 676 614 carne
720 565 982 614 Salvatoris
1022 565 1304 631 adventum,
1355 581 1450 629 quo
1492 580 1648 629 usque
1690 566 1929 630 septimus

244 639 466 688 decimus
513 638 638 688 liber
687 639 928 704 tenditur,
976 639 1077 687 sola
1124 639 1318 688 videtur
1357 641 1408 687 in
1447 654 1557 687 meo
1598 638 1708 687 stilo
1750 653 1926 687 cucur-

243 715 369 762 risse
402 713 490 762 Dei
523 715 715 779 civitas3
756 728 867 762 cum
908 715 958 761 in
990 712 1083 762 hoc
1117 713 1312 762 saeculo
1354 728 1452 761 non
1492 711 1594 761 sola
1633 714 1927 777 cucurrerit,

243 787 329 836 sed
371 786 539 835 ambae
579 789 750 850 utique
790 788 840 834 in
880 797 1062 851 genere
1101 787 1338 852 human0,
1386 788 1515 835 sicut
1554 785 1612 834 ab
1652 787 1816 850 initio,
1865 787 1927 834 si-

243 860 343 910 mul
391 876 480 910 suo
526 875 772 924 procursu
818 868 1040 924 tempora
1079 862 1387 909 variaverint.
1463 859 1646 908 Verum
1683 859 1776 908 hoc
1815 858 1926 908 ideo

243 935 360 998 feci,
411 936 481 983 ut‘
512 936 673 999 priuS,
721 950 777 982 ex
828 950 924 997 quo
973 936 1246 998 apertiores
1286 934 1371 983 Dei
1423 935 1775 999 promissiones
1817 948 1925 982 esse

243 1016 537 1073 coeperunt,
589 1024 747 1071 usque
797 1008 855 1056 ad
896 1010 1003 1056 eius
1045 1024 1102 1056 ex
1143 1010 1331 1073 virgine
1372 1009 1698 1074 nativitatem,
1738 1008 1788 1055 in
1829 1022 1926 1070 quo

240 1082 437 1131 fuerant
484 1097 607 1145 quae
655 1084 814 1146 primo
862 1081 1276 1146 promittebantur
1315 1081 1582 1147 implenda,
1629 1083 1733 1130 sine
1773 1083 1925 1129 inter-

240 1155 500 1220 pellatione
542 1171 566 1203 a
609 1157 855 1204 contrario
897 1155 1098 1204 alterius
1139 1158 1348 1205 civitatis
1387 1158 1502 1222 ista,
1543 1170 1666 1219 quae
1707 1154 1794 1203 Dei
1835 1161 1925 1219 est,

239 1245 541 1294 procurrens
574 1229 854 1278 distinctius
887 1238 1166 1295 appareret3
1208 1232 1428 1294 quamvis
1459 1244 1618 1293 usque
1651 1229 1708 1277 ad
1742 1227 1923 1276 revela-

240 1305 424 1352 tionem
463 1305 745 1352 testamenti
784 1305 894 1351 novi
936 1319 1033 1352 non
1073 1305 1122 1352 in
1163 1304 1369 1365 lumine,
1410 1303 1495 1352 sed
1535 1304 1587 1351 in
1627 1301 1800 1352 umbra
1840 1317 1922 1350 cu·

240 1379 468 1426 currerit.
544 1376 686 1425 Nunc
735 1392 874 1441 ergO,
922 1377 1052 1440 quod
1093 1379 1477 1443 intermiseram,
1526 1376 1666 1425 video
1708 1391 1815 1424 esse
1856 1376 1922 1423 fa-

239 1451 491 1517 ciendum,
531 1458 587 1499 ut
626 1466 685 1498 ex
725 1450 946 1499 Abrahae
987 1451 1294 1516 temporibus
1335 1467 1431 1515 quo
1472 1450 1615 1499 modo
1657 1452 1800 1499 etiam
1842 1449 1923 1497 illa

240 1526 533 1590 cucurrerit,
573 1531 810 1587 quantum
844 1526 961 1572 satis
1000 1524 1208 1591 videtur,
1249 1525 1507 1591 adtingam,
1548 1531 1602 1573 ut
1642 1523 1811 1572 ambae
1850 1524 1922 1571 in-

238 1606 315 1647 ter
356 1614 407 1646 se
447 1599 638 1662 possint
678 1598 1071 1647 consideratione
1112 1598 1379 1662 legentium
1421 1599 1708 1663 comparari.

934 1770 1128 1824 CAPUT
1169 1771 1238 1823 ΙΙ.

236 1879 314 1926 De
360 1883 598 1927 terrenae
645 1880 865 1928 civitatis
911 1880 1117 1940 reqibus
1165 1884 1317 1939 atque
1364 1879 1691 1942 temporibuS,
1742 1879 1923 1939 quibas

341 1953 404 2001 ab
445 1957 628 2001 emortu
668 1952 910 2001 Abrahae
947 1958 1240 2001 sanctorum
1280 1959 1506 2016 tempora
1544 1957 1817 2014 supputata

918 2028 1232 2075 conveniunt.

386 2127 605 2176 Societas
659 2130 810 2192 igitur
864 2143 1218 2192 usquequaque
1275 2127 1554 2176 mortalium
1605 2128 1779 2177 diffusa
1829 2143 1919 2192 per

236 2208 395 2250 terras
442 2207 492 2250 et
538 2203 589 2249 in
636 2201 858 2250 locorum
899 2201 1215 2265 quantislibet
1254 2201 1619 2250 diversitatibus
1660 2203 1807 2250 unius
1847 2208 1917 2250 ta·

236 2290 349 2323 men
404 2273 723 2338 eiusdemque
778 2281 981 2323 naturae
1036 2275 1244 2338 quadam
1299 2277 1642 2324 communione
1695 2274 1919 2324 devincta

235 2347 472 2398 utilitates
521 2355 568 2396 et
616 2346 908 2412 cupiditates
949 2363 1061 2396 suas
1103 2348 1381 2413 quibusque
1422 2347 1748 2414 sectantibuS,
1800 2348 1917 2397 dum

235 2421 283 2470 id
333 2421 462 2486 quod
511 2423 759 2486 appetitur
810 2427 893 2470 aut
942 2423 1126 2470 nemini
1173 2429 1257 2471 aut
1304 2438 1399 2470 non
1450 2421 1677 2471 omnibus
1717 2422 1914 2486 sufficit,

237 2497 348 2559 quia
381 2510 478 2543 non
512 2502 588 2543 est
619 2494 667 2543 id
706 2496 883 2560 ipsum,
923 2495 1157 2544 adversus
1190 2511 1242 2545 se
1273 2498 1428 2561 ipsam
1468 2496 1758 2561 plerumque
1799 2495 1916 2544 divi·

237 2568 392 2635 ditur,
441 2575 488 2617 et
526 2584 641 2633 pars
679 2575 890 2633 partem,
932 2584 1055 2632 quae
1095 2570 1353 2633 praevalet,
1393 2570 1642 2634 opprimit.
1717 2567 1917 2618 Victrici

237 2644 367 2690 enim
400 2644 525 2690 victa
559 2641 850 2707 succumbit,
890 2641 1210 2691 dominationi
1243 2643 1431 2692 scilicet
1470 2642 1544 2691 vel
1584 2644 1731 2691 etiam
1769 2641 1915 2690 liber-

239 2717 304 2763 ati
354 2715 762 2779 qualemcumque
810 2730 983 2780 pacem
1032 2717 1322 2780 praeferens
1371 2731 1425 2765 ac
1473 2716 1703 2781 salutem,
1755 2717 1820 2764 ita
1860 2721 1916 2764 ut

356 2889 381 2928 5
416 2885 510 2930 dec.
546 2887 659 2942 sept.
695 2899 719 2930 v
