2004 3140
590 155 657 187 DE
681 155 918 189 CIVITATE
942 156 1030 189 DEI
1053 157 1095 189 L.
1119 157 1243 190 xxn.
1268 157 1307 190 c.
1334 158 1387 190 12.
1707 148 1813 201 589

129 268 339 320 multum
378 262 626 332 peribit?“
703 267 933 326 Quamvis
974 277 1023 318 et
1063 269 1122 318 de
1162 271 1283 334 ipsis
1322 269 1508 335 capillis
1547 273 1702 334 possit
1742 273 1813 320 in-

130 344 284 409 quiri,
332 348 501 391 utrum
547 341 716 391 redeat
763 342 1001 407 quidquid
1040 342 1360 393 tondentibus
1400 343 1594 393 decidit.
1672 343 1813 403 Quod

130 420 172 467 si
211 415 487 466 rediturum
528 423 617 481 est,
658 418 768 480 quis
808 431 906 465 non
947 416 1208 467 exhorreat
1246 417 1377 466 illam
1417 416 1815 468 deformitatem?

128 491 251 540 Nam
301 488 394 538 hoc
446 497 495 538 et
543 490 602 538 de
650 489 899 555 unguibus
947 490 1141 540 videtur
1188 493 1468 540 necessario
1509 499 1814 559 secuturum,

128 572 184 615 ut
222 563 392 613 redeat
438 570 537 612 tam
588 564 798 613 multum
845 564 977 629 quod
1028 567 1250 630 corporis
1299 572 1529 614 curatura
1577 566 1813 616 desecuit.
1846 577 1872 616 5

125 639 189 688 Et
234 637 320 687 ubi
367 639 461 686 erit
501 638 674 703 decus,
720 638 852 702 quod
892 645 1026 688 certe
1067 641 1245 705 maius,
1297 654 1442 703 quam
1482 641 1532 687 in
1572 641 1665 689 ista
1705 656 1813 689 esse

126 712 444 777 corruptione
483 713 660 778 potuit,
699 713 750 760 in
789 711 869 761 illa
907 712 1255 762 inmortalitate
1297 727 1406 762 esse
1447 710 1685 763 debebit?
1762 714 1815 763 Si

126 794 290 836 autem
336 801 435 834 non
482 785 683 852 redibit,
732 801 849 850 ergo
895 785 1090 851 peribit.
1168 786 1276 844 Quo
1327 786 1471 845 modo
1518 789 1693 854 igitur,
1740 791 1812 837 in·

129 861 330 926 quiunt,
390 859 594 924 capillus
653 861 826 924 capitis
879 875 979 908 non
1037 858 1256 925 peribit?
1344 860 1413 910 De
1475 863 1628 910 macie
1693 877 1813 927 quo·

128 950 224 999 que
275 932 351 983 vel
395 933 696 998 pinguedine
745 933 971 983 similiter
1024 935 1289 999 disputant.
1378 934 1500 984 Nam
1547 937 1589 984 si
1636 927 1828 1000 aequas
1847 947 1901 986 10

123 1009 195 1058 les
229 1022 399 1056 omnes
433 1014 593 1073 erunt,
633 1023 732 1056 non
765 1009 935 1072 utique
969 1007 1049 1057 alii
1081 1010 1249 1074 macri,
1289 1008 1370 1057 alii
1400 1010 1610 1074 pingues
1650 1016 1811 1059 erunt.

124 1081 339 1131 Accedet
370 1096 488 1146 ergo
522 1081 626 1130 aliis
659 1081 856 1147 aliquid,
897 1081 1003 1130 aliis
1035 1083 1309 1148 minuetur3
1349 1097 1404 1131 ac
1435 1098 1526 1147 per
1564 1083 1657 1132 hoc
1696 1099 1812 1149 non,

125 1155 257 1221 quod
304 1162 431 1222 erat,
477 1155 839 1220 recipiendum,
879 1156 965 1204 sed
1005 1155 1184 1205 alicubi
1223 1155 1502 1206 addendum
1543 1163 1639 1223 est,
1680 1157 1811 1221 quod

125 1245 224 1279 non
263 1229 371 1294 fuit,
411 1235 460 1278 et
499 1228 680 1278 alicubi
716 1229 1044 1296 perdendum,
1089 1230 1220 1294 quod
1260 1230 1366 1279 fuit.

269 1301 338 1351 De
386 1304 507 1368 ipsis
533 1305 700 1359 ,etiam
747 1303 1150 1368 corruptionibus
1199 1311 1249 1353 et
1298 1303 1651 1369 dilapsionibus
1704 1320 1809 1355 cor-
1845 1315 1899 1355 15

122 1392 301 1443 porum
351 1383 689 1442 mortuorum,
740 1392 853 1426 cum
900 1376 1029 1427 aliud
1079 1385 1301 1427 vertatur
1339 1379 1390 1426 in
1430 1378 1709 1445 pulverem,
1759 1381 1810 1427 in

125 1466 268 1500 auras
316 1450 446 1500 aliud
494 1450 771 1511 exhaletur,
819 1452 918 1500 sint
958 1467 1081 1516 quos
1121 1450 1330 1516 bestiae,
1379 1453 1478 1501 sint
1518 1467 1643 1516 quos
1682 1454 1810 1517 ignis

124 1524 359 1590 absumit,
410 1525 664 1589 naufragio
721 1524 795 1573 vel
850 1524 1244 1590 quibuscumque
1299 1527 1440 1590 aquis
1494 1527 1560 1575 ita
1612 1526 1810 1590 quidam

119 1605 346 1665 pereant,
389 1605 448 1647 ut
493 1613 667 1647 eorum
713 1613 886 1648 carnes
933 1601 985 1647 in
1035 1614 1260 1648 umorem
1309 1599 1522 1664 putredo
1562 1599 1809 1666 dissolvat,

122 1688 221 1721 non
272 1671 589 1721 mediocriter
634 1679 986 1736 permoventur
1037 1679 1182 1737 atque
1234 1675 1397 1721 omnia
1444 1675 1537 1722 ista
1587 1673 1807 1738 recolligi
1839 1685 1896 1724 20

122 1748 174 1795 in
214 1761 411 1795 carnem
444 1752 493 1795 et
524 1746 851 1810 redintegrari
881 1761 1027 1810 posse
1069 1762 1167 1795 non
1207 1747 1430 1796 credunt.
1509 1746 1805 1796 Consectari-

120 1827 202 1868 tur
241 1821 387 1869 etiam
435 1834 656 1884 quasque
706 1819 964 1869 foeditates
1012 1827 1061 1869 et
1099 1822 1236 1887 vitia,
1284 1822 1383 1869 sive
1432 1820 1655 1870 accidant
1704 1823 1805 1869 sive

118 1900 406 1959 nascantur,
453 1892 540 1942 ubi
585 1901 634 1943 et
680 1900 986 1942 monstrosos
1031 1900 1204 1959 partus
1250 1909 1364 1943 cum
1410 1894 1618 1943 horrore
1658 1900 1805 1959 atque

118 1968 354 2016 inrisione
405 1974 813 2033 commemorant,
859 1974 910 2016 et
948 1969 1233 2033 requirunt,
1282 1983 1523 2032 quaenam
1563 1970 1804 2032 cuiusque

118 2040 444 2089 deformitatis
475 2042 777 2090 resurrectio
810 2042 875 2089 sit
904 2041 1086 2091 futura.
1147 2041 1199 2090 Si
1230 2043 1362 2090 enim
1401 2041 1523 2090 nihil
1560 2041 1655 2091 tale
1694 2041 1803 2090 red·
1837 2051 1892 2092 25

119 2115 192 2162 ire
239 2115 291 2162 in
338 2129 519 2178 corpus
567 2113 779 2163 hominis
825 2113 1118 2180 dixerimus,
1172 2116 1545 2179 responsionem
1584 2122 1804 2164 nostram

119 2187 179 2236 de
218 2186 339 2236 locis
371 2186 647 2254 vulnerum,
686 2203 800 2236 cum
839 2188 1019 2252 quibus
1051 2188 1314 2237 Dominum
1346 2187 1597 2238 Christum
1638 2203 1802 2237 resur-

118 2262 306 2310 rexisse
360 2260 727 2328 praedicamus,
780 2277 831 2310 se
896 2262 1238 2312 confutaturos
1294 2278 1402 2311 esse
1463 2269 1802 2327 praesumunt.

120 2333 218 2383 Sed
256 2337 385 2384 inter
422 2334 543 2384 haec
583 2337 744 2384 omnia
794 2338 1014 2399 quaestio
1054 2335 1336 2385 difficillima
1375 2335 1455 2385 illa
1492 2338 1802 2401 proponitur,

117 2409 169 2457 in
225 2410 366 2457 cuius
413 2423 611 2457 carnem
658 2409 878 2459 reditura
925 2411 988 2459 sit
1035 2425 1171 2476 caro,
1225 2425 1322 2474 qua
1369 2425 1550 2475 corpus
1599 2409 1801 2458 alterius
1832 2419 1890 2460 30

117 2483 363 2530 vescentis
408 2480 621 2531 humana
666 2484 855 2532 viscera
905 2484 1030 2532 fame
1072 2482 1394 2547 compellente
1435 2483 1668 2532 nutritur.
1744 2481 1801 2531 In

118 2569 317 2604 carnem
354 2556 535 2619 quippe
568 2571 804 2605 conversa
835 2563 911 2605 est
943 2558 1064 2622 ei11S,
1105 2558 1189 2620 qui
1228 2555 1406 2605 talibus
1445 2557 1563 2604 vixit
1601 2555 1799 2604 alimen-

238 2775 261 2814 7
294 2775 346 2814 ut
375 2771 525 2815 editur
555 2770 600 2813 A
610 2787 626 2824 ;
663 2770 712 2813 in
742 2771 826 2814 illa
856 2771 989 2815 mort.
1021 2770 1091 2823 R,·
1130 2770 1176 2813 in
1208 2770 1292 2814 illa
1323 2770 1419 2814 iam
1448 2770 1650 2815 immort.
1682 2784 1708 2814 v
1731 2772 1747 2827 ΙΙ
1771 2775 1796 2816 8

118 2842 229 2885 ergo
259 2843 285 2873 v
309 2830 324 2886 ΙΙ
349 2834 403 2874 18
436 2829 641 2874 absumit
670 2829 811 2883 RAe;
843 2829 1103 2886 absumpsit
1135 2829 1267 2886 abf9;
1299 2829 1514 2873 absumat
1546 2843 1571 2873 v
1594 2831 1610 2885 ΙΙ
1634 2834 1688 2873 22
1722 2843 1798 2874 ac-

117 2887 276 2931 cidant
306 2888 493 2933 AParr.
526 2890 653 2942 (600,
687 2892 758 2944 3);
791 2887 1015 2933 accedant
1045 2887 1117 2932 Rv
