2004 3140
210 154 318 208 378
885 164 920 199 S.
945 164 1221 200 Avensa-tm

210 287 335 345 tura,
375 279 424 327 in
459 293 553 343 qua
585 277 774 327 nullum
813 277 998 327 bonum
1038 280 1118 344 sit,
1157 293 1256 327 non
1294 285 1474 343 potest.
1548 278 1761 329 Proinde
1801 294 1894 330 nee

210 355 365 417 ipsius
406 352 584 401 diaboli
624 358 824 418 natura,
862 353 914 400 in
954 358 1191 416 quantum
1231 359 1404 401 natura
1445 359 1534 418 est,
1574 352 1756 403 malum
1795 361 1893 420 est;

207 426 296 475 sed
336 428 635 491 perversitas
675 441 782 475 eam
831 425 1007 475 malam
1046 426 1174 475 facit.
1251 425 1420 491 Itaque
1459 428 1509 475 in
1550 429 1754 476 veritate
1795 443 1895 477 non

208 501 367 561 stetit,
417 500 503 549 sed
542 502 763 550 veritatis
811 499 1048 549 iudicium
1096 515 1191 548 non
1234 501 1406 567 evasit3
1446 501 1496 549 in
1536 500 1723 550 ordinis
1762 508 1894 551 tran-

148 583 175 623 5
210 573 449 638 quillitate
490 589 589 623 non
629 575 823 634 mansit,
863 589 955 623 nec
995 573 1106 622 ideo
1146 581 1311 622 tamen
1350 589 1376 622 a
1414 580 1658 639 potestate
1698 575 1893 624 ordina·

207 649 330 698 toris
381 649 565 713 effugit.
641 648 834 697 Bonum
884 647 998 713 Dei,
1050 648 1180 712 quod
1227 647 1296 696 illi
1345 654 1421 696 est
1459 650 1511 697 in
1550 655 1746 715 natura,
1794 664 1893 699 non

207 737 322 770 eum
361 721 606 772 subtrahit
644 723 859 772 iustitiae
900 721 1010 788 Dei,
1063 737 1158 786 qua
1197 721 1454 771 ordinatur
1493 723 1543 770 in
1581 738 1760 789 poena3
1801 739 1893 772 nec

206 795 275 844 ibi
306 795 438 845 Deus
469 796 654 845 bonum
685 797 966 860 insequitur
1005 795 1135 860 quod
1177 797 1374 861 creavit,
1414 795 1500 844 sed
1539 796 1720 845 malum
1761 797 1892 861 quod

205 869 286 918 ille
338 871 596 923 commisit.
679 869 851 934 Neque
902 870 1033 918 enim
1086 876 1242 918 totum
1294 870 1455 918 aufert
1506 870 1636 934 quod
1688 877 1891 920 naturae

119 952 175 993 10
207 943 365 1009 dedit,
420 943 505 992 sed
562 943 742 1007 aliquid
794 943 990 1009 adimit,
1041 943 1222 1007 aliquid
1274 942 1535 1009 relinquit,
1590 951 1644 993 ut
1691 946 1755 993 sit
1808 946 1894 1009 qui

205 1017 366 1067 doleat
405 1017 535 1082 quod
577 1017 770 1066 ademit.
846 1016 909 1066 Et
954 1018 1060 1082 ipse
1100 1016 1240 1066 dolor
1279 1018 1618 1067 testimonium
1657 1025 1732 1067 est
1772 1017 1890 1068 boni

204 1091 419 1157 adempti
451 1098 499 1141 et
531 1090 647 1140 boni
685 1090 859 1149 relicti.
936 1091 1040 1141 Nisi
1080 1092 1211 1140 enim
1250 1090 1436 1141 bonum
1475 1091 1703 1141 relietum
1743 1099 1892 1159 esset,

205 1165 388 1215 bonum
443 1167 678 1214 amissum
732 1164 897 1214 dolere
955 1180 1053 1214 non
1110 1172 1293 1231 posset.
1384 1165 1506 1215 Nam
1562 1167 1647 1230 qui
1701 1171 1890 1233 peccat,

204 1241 343 1304 peior
383 1247 481 1305 est,
528 1241 569 1288 si
615 1238 825 1288 laetatur
863 1240 914 1288 in
955 1239 1132 1288 damno
1173 1240 1455 1305 aequitatis;
1496 1240 1581 1304 qui
1620 1255 1736 1288 vero
1778 1255 1892 1290 cru·

118 1322 171 1361 15
205 1315 385 1379 (fiatur,
425 1315 466 1362 si
506 1311 627 1362 nihil
665 1313 778 1361 inde
819 1312 1044 1377 adquirat
1083 1312 1221 1378 boni,
1261 1312 1393 1362 dolet
1433 1313 1664 1362 damnum
1705 1313 1893 1363 salutis,

203 1386 265 1436 Et
305 1389 536 1452 quoniam
576 1388 796 1451 aequitas
835 1402 890 1435 ae
931 1386 1063 1435 salus
1102 1393 1369 1451 utrumque
1409 1386 1595 1436 bonum
1635 1393 1711 1436 est
1750 1386 1890 1436 boni-

203 1477 299 1525 que
347 1463 608 1510 amissione
662 1459 927 1509 dolendum
974 1467 1050 1510 est
1096 1462 1261 1525 potius
1313 1475 1459 1525 quam
1499 1460 1778 1510 laetandum
1819 1455 1888 1528 (si

202 1543 366 1584 tamen
421 1550 519 1583 non
575 1536 638 1583 sit
689 1536 1022 1599 compensatio
1075 1534 1313 1600 melioris3
1368 1534 1542 1583 melior
1595 1541 1671 1583 est
1723 1541 1890 1584 autem

203 1610 350 1658 animi
383 1610 602 1673 aequitas
635 1623 781 1672 quam
813 1609 1036 1673 eorporis
1070 1603 1300 1676 sanitas):
1338 1608 1562 1673 profecto
1596 1610 1890 1658 convenien-

106 1691 170 1745 20
203 1684 302 1732 tius
363 1684 578 1732 iniustus
633 1682 765 1731 dolet
818 1683 869 1731 in
924 1681 1190 1749 supplicio,
1246 1697 1391 1746 quam
1446 1682 1652 1731 laetatus
1708 1689 1783 1732 est
1836 1684 1889 1732 in

203 1756 396 1806 delicto,
475 1756 614 1805 Siout
653 1771 770 1820 ergo
810 1755 994 1805 laetitia
1034 1755 1218 1805 deserti
1258 1755 1375 1804 honi
1414 1758 1464 1804 in
1503 1763 1706 1820 peceato
1745 1757 1888 1806 testis

201 1838 277 1879 est
326 1829 589 1879 voluntatis
637 1830 815 1895 malae,
867 1832 933 1879 ita
985 1829 1124 1879 dolor
1176 1831 1342 1878 amissi
1392 1829 1508 1879 boni
1536 1831 1606 1879 in
1647 1829 1889 1895 supplicio

201 1906 342 1953 testis
375 1910 450 1953 est
483 1910 685 1952 naturae
718 1903 890 1953 bonae.
969 1903 1064 1961 Qui
1096 1905 1227 1952 enim
1260 1903 1391 1952 dolet
1424 1905 1650 1953 amissam
1683 1910 1887 1953 naturae

203 1993 318 2027 suae
359 1993 552 2043 paoem,
601 1993 659 2026 ex
700 1977 945 2042 aliquibus
984 1977 1208 2042 reliquiis
1248 1979 1382 2042 pacis
1422 1977 1470 2026 id
1511 1977 1666 2044 dolet,
1706 1977 1887 2042 quibus

108 2060 168 2100 25
202 2053 268 2111 fit,
309 2059 367 2101 ut
400 2051 492 2100 sibi
525 2053 678 2100 amica
711 2057 885 2100 natura
917 2053 995 2100 sit.
1071 2050 1176 2099 Hoc
1215 2057 1379 2100 autem
1419 2053 1468 2099 in
1510 2058 1730 2100 extremo
1770 2066 1886 2115 sup-

200 2125 346 2189 plicio
398 2131 532 2173 reete
583 2126 662 2190 fit,
712 2131 769 2173 ut
815 2126 973 2188 iniqui
1020 2131 1069 2173 et
1115 2125 1253 2189 impii
1305 2124 1600 2174 naturalium
1639 2124 1885 2174 bonorum

200 2198 375 2247 damna
406 2200 456 2246 in
489 2197 790 2246 eruciatibus
829 2197 1054 2262 defleant,
1093 2199 1363 2246 sentientes
1403 2213 1577 2246 eorum
1617 2197 1883 2247 ablatorem

199 2273 525 2320 iustissimum
577 2270 758 2335 Deum,
817 2286 965 2335 quem
1016 2278 1423 2335 contempserunt
1473 2270 1884 2336 benignissimum

199 2345 496 2410 largitorem.
574 2343 704 2393 Deus
746 2359 863 2409 ergo
902 2350 1190 2394 naturarum
1230 2346 1448 2393 omnium
1489 2346 1883 2409 sapientissimus

104 2427 169 2468 30
201 2418 427 2468 eonditor
477 2425 526 2466 et
575 2419 875 2467 iustissimus
923 2418 1200 2482 ordinator,
1247 2419 1331 2483 qui
1378 2425 1693 2467 terrenorum
1741 2433 1884 2467 orna-

200 2499 481 2542 mentorum
535 2493 800 2542 maximum
851 2493 1066 2540 instituit
1126 2491 1331 2541 mortale
1386 2507 1542 2556 genus
1596 2491 1882 2558 humanum,

201 2566 335 2615 dedit
373 2565 653 2614 hominibus
687 2565 922 2630 quaedam
962 2564 1090 2614 bona
1127 2565 1242 2614 huic
1282 2567 1406 2615 vitae
1447 2581 1677 2631 congrua,
1717 2566 1766 2615 id
1806 2573 1882 2614 est

197 2654 371 2704 pacem
432 2637 749 2704 temporalem
812 2654 901 2704 pro
964 2638 1160 2687 modulo
1216 2639 1434 2690 mortalis
1489 2641 1614 2688 vitae
1670 2641 1720 2688 in
1768 2639 1881 2705 ipsa

319 2754 366 2807 4)
400 2753 462 2796 10.
498 2757 540 2807 8,
573 2757 641 2797 44.

322 2902 375 2941 10
409 2898 586 2942 ademit
617 2934 625 2943 .
661 2933 669 2942 .
703 2898 902 2955 reliquii
935 2899 980 2943 R
1002 2901 1017 2956 Ι]
1043 2904 1093 2942 11
1129 2897 1305 2943 ademit
1335 2911 1446 2953 mss;
1478 2897 1644 2943 adimit
1673 2913 1698 2942 v
