2004 3140
544 171 611 202 DE
635 169 874 203 CIVITATE
897 170 987 202 DEI
1011 171 1052 203 L.
1077 171 1201 204 xxn.
1226 170 1263 204 c.
1289 172 1320 204 8.
1673 160 1776 213 581

100 285 247 333 tertio
287 285 428 333 fieret
467 285 517 332 in
557 281 789 347 gradibus
831 282 1053 350 exedrae,
1091 284 1142 332 in
1183 299 1279 348 qua
1318 283 1377 332 de
1419 286 1674 350 superiore
1715 285 1783 334 lo—

100 357 285 422 quebar
324 358 447 425 loco,
486 357 580 406 feci
620 363 749 405 stare
790 352 958 405 ambos
998 358 1191 424 fratreS,
1233 373 1346 406 cum
1386 373 1557 407 eorum
1598 359 1783 424 legere-

99 439 182 481 tur
230 431 437 481 libellus,
515 429 804 480 Intuebatur
849 430 1060 496 populus
1112 433 1373 480 universus
1414 447 1562 481 sexus
1601 434 1785 482 utrius-

101 520 197 571 que
244 521 400 555 unum
447 512 656 554 stantem
708 506 812 553 sine
854 505 1062 553 deformi
1102 512 1260 573 motti,
1309 505 1511 555 alteram
1551 505 1786 555 membris

100 579 329 630 omnibus
363 586 768 629 contrementem.
846 578 906 628 Et
941 581 1024 643 qui
1056 581 1219 644 ipsum
1251 595 1350 627 non
1389 580 1627 647 viderant,
1669 580 1786 644 quid
1819 591 1844 631 5

99 657 150 703 in
199 670 256 703 eo
307 653 498 702 divinae
550 653 919 702 misericordiae
960 653 1142 702 factum
1184 659 1338 719 esset,
1376 654 1427 701 in
1469 656 1575 703 eius
1615 669 1786 702 sorore

101 727 383 778 cernebant.
461 727 702 776 Videbant
735 728 867 776 enim
900 726 1017 791 quid
1056 728 1108 775 in
1147 726 1228 775 illo
1269 727 1629 793 gratulandum,
1669 727 1787 791 quid

98 818 189 868 pro
222 802 301 851 illa
335 808 466 852 esset
498 801 752 851 orandum.
829 800 964 850 Inter
1003 800 1124 849 haec
1164 802 1371 850 recitato
1412 817 1585 850 eorum
1624 800 1787 850 libello

101 877 160 926 de
211 883 480 942 conspectu
526 875 695 941 populi
743 890 827 923 eos
875 873 1010 923 abire
1055 876 1309 942 praecepi,
1357 882 1405 924 et
1444 875 1504 924 de
1543 878 1646 924 to‘ta
1683 877 1790 940 ipsa

102 966 248 1000 causa
288 950 534 1015 aliquanto
576 949 860 1014 diligentius
901 964 1159 1014 coeperam
1200 948 1478 1015 disputare,
1518 964 1632 999 cum
1673 963 1787 997 ecce
1824 960 1878 1000 10

99 1040 178 1074 me
234 1024 515 1090 disputante
570 1039 715 1072 voces
771 1022 889 1071 aliae
946 1022 1006 1071 de
1061 1025 1297 1072 memoria
1351 1025 1581 1088 martyris
1635 1038 1788 1071 novae

101 1099 442 1163 gratulationis
474 1097 758 1161 audiuntur.
838 1095 1074 1146 Conversi
1114 1104 1229 1146 sunt
1269 1112 1342 1162 ec,
1382 1098 1466 1160 qui
1506 1112 1583 1146 me
1624 1096 1787 1146 audie-

101 1173 234 1239 bant,
275 1179 646 1237 coeperuntque
689 1186 1004 1219 concurrere.
1082 1169 1168 1218 Illa
1208 1172 1366 1236 enim,
1405 1170 1491 1219 ubi
1531 1171 1589 1219 de
1631 1170 1788 1235 gradi-

102 1246 195 1296 bus
251 1245 506 1295 descendit
555 1248 606 1294 in
655 1243 834 1309 quibus
882 1250 1108 1310 steterat,
1160 1243 1217 1292 ad
1260 1250 1484 1293 sanctum
1525 1251 1790 1309 martyrem

103 1335 245 1369 orare
285 1326 594 1385 perrexerat3
637 1333 760 1383 quae
802 1334 914 1367 mox
954 1324 1010 1367 ut
1049 1318 1292 1367 cancellos
1333 1318 1519 1384 adtigit,
1559 1318 1788 1382 conlapsa
1824 1328 1876 1367 15

101 1394 328 1443 similiter
376 1393 511 1443 velut
556 1395 607 1441 in
656 1407 885 1441 somnum
924 1406 1041 1440 sana
1082 1393 1312 1440 surrexit.
1390 1391 1517 1441 Dum
1556 1407 1673 1457 ergo
1714 1407 1790 1440 re-

101 1470 414 1532 quireremus
455 1467 572 1532 quid
613 1467 797 1515 factum
837 1466 1009 1530 fuerit,
1060 1465 1191 1514 unde
1231 1465 1312 1514 ille
1354 1467 1592 1531 strepitus
1632 1465 1790 1514 laetus

103 1543 335 1608 extiterit,
374 1543 587 1605 ingressi
632 1547 748 1590 sunt
793 1555 905 1588 cum
945 1539 1025 1588 illa
1064 1541 1116 1588 in
1155 1538 1420 1606 basilicam,
1459 1542 1509 1588 in
1551 1554 1646 1604 qua
1686 1554 1790 1588 era-

101 1630 228 1682 111113,
269 1615 568 1664 adducentes
602 1629 709 1663 eam
743 1628 908 1662 sanam
942 1613 1001 1662 de
1042 1615 1270 1678 martyris
1306 1613 1428 1662 loco.
1507 1613 1633 1662 Tum
1672 1628 1790 1661 vero

101 1696 268 1738 tantus
316 1688 375 1737 ab
422 1684 636 1752 utroque
689 1703 809 1736 sexu
860 1687 1196 1735 admirationis
1237 1686 1421 1735 clamor
1460 1694 1662 1736 exortus
1703 1693 1792 1752 est,
1824 1697 1880 1737 20

104 1770 160 1812 ut
190 1778 283 1811 vox
316 1763 599 1811 continuata
633 1777 745 1811 cum
777 1761 992 1809 lacrimis
1032 1776 1130 1809 non
1171 1761 1422 1810 videretur
1461 1764 1607 1825 posse
1647 1761 1791 1808 finiri.

102 1836 348 1886 Perducta
387 1843 463 1885 est
502 1836 559 1884 ad
601 1851 712 1884 eum
753 1834 965 1901 locum„
988 1833 1073 1883 ubi
1111 1834 1256 1898 paulo
1298 1841 1410 1883 ante
1451 1840 1656 1884 steterat
1694 1840 1791 1882 tre-

105 1925 259 1960 mens,
337 1908 635 1959 Emltabant
681 1924 786 1958 eam
837 1908 1046 1957 similem
1095 1908 1257 1974 fratri,
1297 1910 1378 1957 cui
1418 1907 1677 1957 doluerant
1716 1923 1791 1956 re-

103 1985 342 2033 mansisse
398 1982 712 2048 dissimilem,
767 1989 816 2031 et
865 1982 1084 2031 nondum
1133 1982 1267 2030 fusas
1313 1997 1489 2046 preces
1537 1997 1651 2031 suas
1701 1996 1792 2045 pro

105 2057 208 2124 illa,
254 2059 350 2106 iam
397 2062 559 2106 tamen
606 2057 853 2120 praeviam
899 2055 1201 2104 voluntatem
1240 2063 1338 2104 tam
1379 2057 1475 2104 cito
1517 2054 1792 2104 exauditam
1826 2064 1881 2104 25

110 2146 219 2180 esse
252 2130 534 2180 cernebant.
612 2128 908 2178 Exultabant
939 2130 989 2177 in
1022 2127 1109 2177 Dei
1148 2128 1342 2178 laudem
1382 2144 1499 2177 voce
1541 2131 1646 2178 sine
1687 2143 1792 2177 ver-

107 2204 199 2271 bis,
238 2211 373 2254 tanto
408 2206 591 2270 sonitu,
624 2210 863 2267 quantum
894 2209 1091 2251 nostrae
1126 2218 1271 2252 aures
1304 2203 1434 2251 ferre
1467 2205 1545 2251 vix
1577 2208 1793 2267 possent,

108 2277 235 2336 Quid
277 2284 383 2327 erat
419 2280 471 2326 in
512 2277 745 2326 cordibus
786 2276 1111 2325 exultantium
1151 2278 1246 2325 nisi
1285 2276 1406 2325 fides
1449 2275 1655 2343 Christi,
1702 2291 1793 2340 pro

107 2366 201 2416 qua
243 2351 478 2416 Stephani
518 2352 716 2415 sanguis
757 2351 944 2399 effusus
985 2347 1096 2399 est‘?

226 2574 248 2611 7
283 2581 337 2612 eo
362 2582 386 2610 v
422 2569 548 2623 (429,
572 2570 626 2621 2)
658 2567 674 2621 ss
714 2570 767 2609 13
793 2564 918 2608 enim
944 2578 1026 2608 om.
1052 2565 1098 2608 R
1121 2566 1136 2620 ΙΙ
1162 2570 1217 2608 14
1251 2564 1382 2607 stetit
1411 2564 1456 2608 R
1479 2566 1495 2620 Η
1522 2568 1572 2606 17
1605 2563 1752 2607 istev
1726 2564 1792 2619 vll

109 2631 162 2671 18
194 2627 519 2682 inquaeramus
559 2626 625 2680 A3
663 2624 962 2680 inqueramus
1001 2623 1047 2665 R
1056 2641 1072 2676 ,·
1111 2623 1192 2666 ubi
1234 2636 1414 2667 eramus
1463 2636 1487 2666 v
1534 2625 1548 2678 ΙΙ
1595 2627 1649 2666 25
1693 2623 1794 2665 tam

91 2685 407 2742 ἱ011111ῒ11129
441 2698 531 2740 quo
563 2683 654 2727 ΕΑ
690 2683 855 2736 Parr.;
886 2683 962 2726 sed
993 2682 1049 2736 cf.
1084 2686 1194 2738 582,
1227 2686 1427 2736 11,·18,
1460 2685 1565 2735 579,
1598 2685 1625 2726 3
