2054 3152
575 163 642 198 DE
666 161 905 197 clver'rE
927 163 1016 195 DEI
1039 163 1082 195 L.
1106 163 1207 195 xlv.
1232 163 1270 196 c.
1294 164 1348 196 17.
1373 164 1424 195 18.
1757 153 1827 203 41

146 284 310 325 tamen
341 273 636 340 genitalibus
674 275 904 339 tegmina,
944 273 1124 338 quibus
1162 289 1252 339 per
1291 280 1456 323 cetera
1494 274 1831 325 membrorum

146 356 330 400 carent.

774 490 970 545 CAPUT
1007 491 1208 545 XVIII.

201 600 277 649 De
310 602 510 662 pudore
549 601 844 649 concubitus
883 614 985 649 non
1023 602 1180 648 solum
1219 602 1460 662 vulqarz'S,
1499 603 1591 650 sed
1628 603 1778 650 etiam

839 676 1134 734 coniuqalis.
1863 683 1888 722 5

294 774 431 840 Opus
477 791 593 824 vero
642 777 827 843 ipsum,
879 775 1011 840 quod
1050 775 1252 825 libidine
1293 775 1378 824 tali
1416 778 1693 842 peragitur,
1732 792 1832 825 non

146 849 304 898 solum
344 851 396 897 in
429 848 708 913 quibusque
750 852 950 916 stupris,
988 849 1075 899 ubi
1113 849 1329 899 latebrae
1370 850 1428 898 ad
1469 849 1831 915 subterfugien-

148 922 206 971 da
239 922 453 971 humana
484 923 664 972 iudicia
697 925 1037 990 requiruntur,
1076 939 1248 972 verum
1289 925 1436 972 etiam
1474 926 1525 973 in
1566 939 1659 972 usu
1700 939 1832 973 scor-

146 1005 337 1062 torum,
393 1012 540 1061 quam
586 1003 783 1045 terrena
832 998 1002 1046 civitas
1054 997 1240 1046 licitam
1293 997 1651 1061 turpitudinem
1704 998 1834 1064 fecit,

147 1071 367 1133 quamvis
414 1070 462 1118 id
513 1076 706 1136 agatur,
754 1070 885 1134 quod
926 1072 1033 1119 eius
1073 1072 1282 1119 civitatis
1319 1070 1450 1120 nulla
1490 1071 1568 1120 lex
1606 1071 1834 1136 vindicat,
1868 1081 1923 1121 10

146 1143 330 1192 devitat
368 1150 534 1192 tamen
572 1142 826 1208 publicum
867 1145 1013 1192 etiam
1052 1146 1291 1208 permissa
1331 1151 1477 1208 atque
1517 1146 1741 1208 inpunita
1779 1144 1834 1192 li·

142 1216 258 1265 bido
299 1223 649 1283 conspectum,
689 1223 739 1266 et
776 1217 1073 1266 verecundia
1112 1217 1324 1266 naturali
1362 1217 1545 1266 habent
1583 1219 1835 1282 provisum

144 1290 398 1356 lupanaria
437 1292 544 1355 ipsa
583 1298 833 1339 secretum
873 1290 1164 1355 faciliusque
1204 1292 1367 1356 potuit
1404 1290 1694 1356 inpudicitia
1735 1306 1835 1339 non

148 1363 331 1413 habere
386 1364 545 1413 vincla
597 1364 975 1431 prohibitioniS,
1038 1380 1183 1429 quam
1237 1365 1526 1429 inpudentia
1579 1379 1834 1414 removere

148 1436 349 1487 latibula
388 1437 519 1487 illius
559 1438 819 1487 foeditatis.
898 1437 995 1487 Sed
1034 1438 1159 1487 hanc
1200 1440 1347 1487 etiam
1385 1440 1480 1503 ipsi
1520 1445 1692 1503 turpes
1730 1444 1834 1487 tur·
1869 1449 1922 1488 15

144 1511 421 1576 pitudinem
460 1518 656 1573 vocant,
705 1514 847 1561 cuius
897 1511 1014 1560 licet
1052 1514 1152 1561 sint
1190 1518 1459 1577 amatoreS,
1506 1518 1836 1561 ostentatores

149 1600 258 1634 esse
290 1600 391 1634 non
423 1585 620 1634 audent.
684 1582 849 1643 Quid?
889 1585 1183 1634 concubitus
1217 1585 1502 1652 coniugaliS,
1543 1587 1627 1650 qui
1660 1600 1833 1634 secun-

145 1658 263 1707 dum
296 1659 728 1708 matrimonialium
759 1661 1066 1724 praescripta
1097 1659 1375 1708 tabularum
1414 1659 1836 1724 procreandorum

144 1732 198 1780 fit
238 1747 385 1780 causa
431 1731 726 1798 liberorum,
773 1748 936 1781 nonne
988 1740 1038 1780 et
1086 1734 1192 1797 ipse
1234 1748 1530 1797 quamquam
1570 1735 1632 1781 sit
1670 1732 1835 1781 licitus

146 1811 196 1854 et
227 1805 483 1871 honestUS,
523 1812 770 1854 remotum
803 1805 862 1854 ab
894 1805 1094 1854 arbitris
1135 1805 1295 1854 cubile
1337 1803 1623 1869 conquirit?
1661 1805 1834 1853 Nonne
1867 1817 1924 1858 20

145 1893 317 1927 omnes
365 1878 574 1927 famulos
620 1885 766 1943 atque
814 1880 948 1943 ipsos
1001 1881 1146 1928 etiam
1193 1878 1553 1943 paranymphos
1602 1886 1650 1927 et
1690 1893 1834 1942 quos·

147 1967 361 2016 cumque
416 1951 609 2016 ingredi
671 1951 920 2016 quaelibet
980 1952 1294 2001 necessitudo
1349 1954 1668 2016 permiserat,
1723 1958 1835 2000 ante

151 2027 303 2074 mittit
351 2025 505 2085 foraS,
561 2041 705 2089 quam
754 2025 830 2074 vel
876 2024 1089 2074 blandiri
1136 2027 1315 2074 coniux
1363 2027 1561 2090 coniugi
1599 2022 1836 2089 incipiat?

152 2096 216 2147 Et
263 2101 517 2165 quoniam,
572 2100 702 2148 sicut
747 2101 814 2148 ait
861 2101 1008 2148 etiam
1055 2098 1255 2163 quidam
1300 2098 1546 2165 „Romani
1595 2100 1836 2147 maximus

149 2178 324 2221 auctor
379 2168 619 2238 eloquii“,
674 2174 836 2221 omnia
883 2178 1019 2221 recte
1067 2173 1195 2222 facta
1240 2174 1290 2221 in
1337 2172 1447 2221 luce
1496 2188 1549 2221 se
1589 2171 1837 2220 conlocari
1869 2183 1924 2223 25

146 2245 332 2312 volunt,
370 2245 418 2294 id
453 2252 530 2295 est
559 2253 797 2310 appetunt
830 2247 968 2295 sciri:
1006 2245 1101 2295 hoc
1141 2252 1276 2294 recte
1317 2246 1501 2295 sactum
1541 2247 1611 2294 sic
1651 2247 1839 2310 appetit

148 2320 289 2385 sciri,
343 2325 400 2367 ut
445 2324 611 2368 tamen
657 2318 919 2368 erubescat
965 2319 1134 2368 videri.
1214 2319 1334 2377 Quis
1382 2321 1514 2368 enim
1553 2320 1734 2379 nescit,
1782 2326 1838 2368 ut

145 2391 232 2441 filii
285 2399 639 2457 procreentur,
693 2392 811 2457 quid
860 2394 991 2442 inter
1038 2408 1091 2441 se
1132 2394 1368 2457 coniuges
1409 2389 1588 2458 agant?
1642 2393 1835 2456 quando

148 2464 349 2529 quidem
395 2471 450 2514 ut
497 2465 546 2514 id
594 2473 787 2531 agatur,
840 2473 972 2515 tanta
1011 2465 1299 2515 celebritate
1342 2466 1595 2516 ducuntur
1633 2481 1836 2531 uxores3

146 2545 196 2587 et
235 2544 398 2587 tamen
447 2554 560 2588 cum
600 2541 782 2606 agitur,
829 2540 959 2588 unde
999 2539 1086 2588 filii
1132 2546 1423 2606 nascantur,
1468 2555 1560 2589 nec
1601 2540 1696 2604 ipsi
1735 2539 1836 2605 filii,
1867 2550 1923 2590 30

265 2665 338 2718 ⁶25)
370 2665 542 2709 Lucan.
575 2666 734 2709 Phars.
770 2671 808 2719 7,
843 2671 912 2709 62.
977 2668 1051 2721 26)
1084 2666 1175 2710 Cic.
1210 2666 1343 2710 Tusc.
1379 2671 1420 2720 2,
1453 2671 1523 2710 26.

265 2831 291 2868 4
323 2839 384 2882 sq.
419 2832 469 2869 ut
501 2828 652 2871 editur
693 2828 754 2880 V,·
790 2827 972 2884 vulgari
1005 2863 1013 2872 .
1049 2862 1060 2873 .
1094 2826 1331 2884 coniugali
1363 2841 1386 2871 v
1411 2829 1426 2883 ΙΙ
1451 2831 1506 2871 20
1538 2827 1734 2882 requirit:
1762 2840 1788 2871 v
1819 2827 1835 2883 Η

148 2888 206 2928 24
238 2884 379 2928 etiam
411 2899 492 2930 om.
525 2899 551 2929 v
