2004 3140
145 944 201 983 10

148 1312 200 1350 15

155 2049 209 2087 25

153 2416 210 2455 30

227 144 335 196 546
910 154 944 188 s,
971 118 1245 188 Ancnsmm

228 270 405 319 Facite
460 282 582 330 erqo
632 267 838 330 fructus
894 269 1071 329 (liquos
1118 268 1488 330 paenitentiae,
1543 268 1717 333 procul
1765 269 1915 318 dubio

228 357 326 391 non
380 343 693 391 invenientur
741 355 822 389 eas
878 341 1061 407 facere,
1109 343 1192 405 qui
1246 344 1393 391 vitam
1449 357 1585 391 suam
1641 358 1797 407 usque
1852 343 1910 391 ad

228 422 439 465 mortem
480 415 838 464 cotidianorum
886 416 1149 463 criminum
1195 418 1561 480 perpetratione
1602 416 1917 482 confodiunt3

232 492 473 556 primum,
514 491 626 553 quia
665 491 715 538 in
757 488 1040 537 auferendis
1080 488 1230 538 rebus
1271 489 1441 544 alienis
1481 489 1623 555 longe
1664 490 1805 554 plura
1845 490 1914 538 di-

231 565 432 629 ripiunt,
466 579 524 612 ex
558 563 737 628 quibus
769 565 1035 627 perexigua
1060 563 1360 628 pauperibus
1390 563 1639 628 largiendo
1666 563 1916 613 Christum

231 654 283 687 se
335 638 393 686 ad
441 638 533 686 hoc
573 652 775 702 pascere
817 638 1118 704 existimant,
1166 643 1220 685 ut
1259 637 1505 686 licentiam
1546 637 1917 687 malefactorum

230 711 289 760 ab
338 712 418 760 illo
469 727 520 760 se
573 713 750 760 emisse
799 710 875 759 vel
915 710 1093 759 cotidie
1133 713 1298 776 potius
1338 725 1503 759 emere
1544 712 1802 762 credentes
1843 727 1916 760 se-

232 787 340 835 curi
388 785 677 834 damnabilia
725 791 858 833 tanta
909 785 1227 834 committant.
1307 785 1401 843 Qui
1449 786 1491 833 si
1535 801 1626 850 pro
1675 801 1773 834 uno
1814 801 1917 834 sce-

232 860 334 909 lere
369 861 531 908 omnia
563 874 650 908 sua
683 857 1039 908 distribuerent
1078 858 1414 922 indigentibus
1456 859 1688 908 membris
1722 859 1919 923 Christi,

234 935 330 982 nisi
370 934 668 982 desisterent
715 947 739 980 a
788 931 967 981 talibus
1019 933 1159 981 sactis
1199 932 1422 981 habendo
1464 935 1742 999 caritatem,
1793 947 1918 997 quae

232 1023 330 1056 non
372 1010 470 1072 agit
507 1021 783 1072 perperam,
823 1005 1005 1070 aliquid
1047 1008 1117 1055 eis
1156 1006 1392 1071 prodesse
1434 1022 1531 1062 nou
1570 1016 1751 1072 posset.
1824 1005 1919 1063 Qui

231 1096 349 1146 ergo
391 1082 560 1145 dignas
599 1096 688 1145 pro
731 1082 833 1128 suis
872 1082 1088 1144 peccatis
1130 1080 1433 1145 elemosynas
1474 1080 1611 1147 facit,
1658 1083 1797 1146 prius
1839 1095 1920 1128 eas

234 1156 394 1204 facere
448 1156 651 1219 incipiat
698 1170 722 1202 a
772 1169 823 1202 se
873 1157 994 1219 ipso‚
1073 1155 1332 1219 Indignum
1374 1161 1448 1203 est
1488 1157 1641 1220 enim,
1681 1161 1736 1203 ut
1775 1156 1826 1202 in
1867 1169 1918 1202 se

234 1245 333 1277 non
374 1230 540 1295 saciat,
588 1230 672 1292 qui
719 1228 836 1277 facit
882 1229 930 1276 in
971 1231 1273 1295 proximum,
1321 1243 1433 1277 cum
1473 1228 1636 1278 audiat
1674 1227 1921 1278 dicentem

236 1303 521 1352 Dominum:
573 1303 765 1363 Diliyes
807 1304 1095 1364 proximum
1144 1309 1280 1352 tuum
1334 1309 1586 1363 tamquam
1633 1308 1680 1351 te
1732 1305 1922 1365 ipsum;

234 1379 449 1441 itemque
485 1376 668 1425 audiat:
702 1376 953 1424 Miserere
984 1379 1186 1426 animae
1217 1383 1336 1425 tuae
1360 1379 1569 1439 placens
1602 1377 1720 1425 Deo.
1784 1373 1921 1423 Hanc

236 1451 589 1516 elemosynam,
634 1450 682 1498 id
724 1457 822 1515 est,
869 1455 924 1498 ut
965 1449 1063 1498 Deo
1107 1449 1318 1515 placeat,
1368 1465 1465 1498 non
1507 1450 1690 1498 faciens
1730 1451 1918 1498 animae

237 1540 351 1573 suae
402 1539 498 1588 quo
547 1524 690 1572 modo
739 1523 909 1587 dignas
956 1539 1046 1588 pro
1095 1526 1309 1589 peccatis
1360 1525 1463 1572 suis
1511 1523 1814 1588 elemosynas
1856 1523 1920 1571 sa-

237 1614 348 1646 cere
398 1597 635 1646 dicendus
683 1593 796 1646 est?
870 1596 941 1645 Ad
982 1598 1075 1646 hoc
1122 1599 1251 1646 enim
1301 1604 1349 1646 et
1387 1597 1506 1646 illud
1547 1599 1787 1662 scriptum
1828 1603 1922 1645 est:

245 1673 343 1731 ,Oui
371 1673 470 1720 sibi
499 1673 749 1732 merlianus
782 1675 867 1731 est,
912 1675 1000 1720 cui
1029 1673 1185 1721 bonus
1217 1668 1350 1721 erit?
1382 1670 1413 1703 ‘¹‘
1448 1670 1707 1720 Orationes
1740 1673 1920 1735 quippe

238 1746 468 1794 adiuvant
508 1744 838 1810 elemosynae3
888 1751 936 1793 et
976 1746 1146 1810 utique
1187 1745 1480 1794 intuendum
1521 1751 1596 1794 est
1636 1745 1766 1809 quod
1805 1744 1950 1808 legi--

238 1834 370 1868 mus:
418 1821 537 1878 Fili,
579 1821 831 1884 peccasti,
878 1834 941 1868 ne
981 1822 1179 1869 adicias
1219 1822 1400 1869 iterum
1447 1825 1495 1868 et
1533 1821 1595 1868 de
1628 1820 1924 1881 praeteritis

240 1896 536 1955 deprecare,
576 1899 632 1942 ut
671 1893 763 1941 tibi
794 1894 1128 1942 dimittantur.
1205 1893 1415 1957 Propter
1454 1893 1547 1941 hoc
1589 1907 1703 1956 ergo
1746 1891 1922 1940 elemo-

243 1982 390 2031 synae
431 1966 680 2015 faciendae
722 1972 860 2032 sunt,
899 1974 976 2034 ut,
1016 1982 1129 2016 cum
1169 1967 1228 2016 de
1268 1968 1548 2031 praeteritis
1587 1967 1802 2031 peccatis
1843 1965 1924 2013 de-

243 2055 535 2107 precamur,
602 2039 941 2107 exaudiamur3
1012 2057 1111 2089 non
1175 2047 1229 2090 ut
1297 2042 1349 2089 in
1420 2042 1489 2089 eis
1551 2046 1924 2105 perseverantes

242 2115 487 2162 licentiam
521 2113 857 2162 malefaciendi
893 2129 983 2163 nos
1021 2130 1111 2179 per
1153 2114 1455 2179 elemosynas
1496 2128 1778 2178 comparare
1819 2128 1923 2161 cre-

238 2187 424 2236 (lamus,

390 2259 505 2308 Ideo
558 2267 721 2309 autem
773 2261 1009 2309 Dominus
1063 2267 1112 2309 et
1162 2261 1348 2309 dextris
1397 2260 1700 2325 elemosynas
1748 2259 1806 2308 ab
1855 2261 1926 2308 eis

244 2335 396 2382 factas
446 2341 495 2382 et
541 2335 756 2383 sinistris
804 2349 901 2382 non
951 2335 1122 2383 factas.
1149 2350 1200 2382 se
1249 2336 1589 2399 inputaturum
1637 2349 1746 2382 esse
1786 2348 1924 2398 prae-

244 2407 386 2467 dixit,
436 2414 493 2457 ut
531 2407 644 2456 hinc
685 2407 970 2456 ostenderet
1016 2415 1254 2472 quantum
1293 2408 1481 2456 valeant
1520 2407 1825 2472 elemosynae
1866 2406 1924 2454 ad

241 2483 407 2546 priora
440 2480 660 2547 delenda,
699 2496 796 2530 non
830 2481 887 2529 ad
927 2488 1166 2546 perpetua
1205 2483 1388 2547 inpune
1429 2479 1775 2530 committenda
1814 2495 1925 2544 pec·
1991 2547 1995 2551 ἡ

362 2611 404 2662 1)
431 2608 511 2652 Mt.
539 2613 580 2662 3,
613 2612 653 2652 8.
720 2611 792 2664 11)
821 2614 856 2653 1.
886 2609 985 2653 Cor.
1015 2614 1083 2664 13,
1115 2614 1155 2652 4.
1221 2610 1293 2664 15)
1326 2609 1408 2652 Mt.
1444 2613 1514 2663 -22,
1546 2614 1615 2653 39.
1682 2609 1752 2662 16)
1785 2607 1926 2650 Eccli.

243 2671 312 2721 30,
346 2671 415 2710 24.
479 2669 552 2722 20)
584 2667 650 2711 lb.
687 2673 756 2724 14,
789 2674 828 2711 5.
892 2670 968 2723 23)
1000 2668 1066 2711 lb.
1099 2672 1170 2722 21,
1205 2673 1242 2711 1.

361 2834 388 2871 4
421 2828 622 2884 primum
655 2829 708 2872 bv
739 2832 867 2884 (538,
892 2833 964 2883 1);
995 2828 1144 2884 primo
1162 2829 1397 2872 RAParr.
1430 2829 1524 2872 rell.
1550 2830 1565 2884 fl
1590 2832 1645 2871 20
1678 2832 1781 2872 ante
1815 2827 1926 2870 Ora-

242 2886 394 2930 tiones
427 2888 568 2930 deesse
600 2888 826 2931 nonnulla
857 2888 1070 2931 videntur
