2004 3140
158 970 230 1010 10v

158 1338 210 1376 15

250 173 357 225 310
929 183 963 216 s.
987 181 1262 217 AUGUSTINI

247 297 416 362 pheta,
471 304 527 346 ut
574 297 685 345 novi
739 298 1019 346 testamenti
1074 302 1324 346 aeternam
1370 295 1749 362 beatitudinem,
1804 311 1927 361 quae

247 386 347 419 non
387 369 583 420 dabitur
615 371 707 419 nisi
740 369 899 436 bonis,
937 370 1264 437 distingueret
1303 386 1330 419 a
1368 371 1548 419 veteris
1588 376 1786 419 terrena
1825 370 1929 420 feli-

248 446 420 511 citate,
479 459 602 508 quae
650 443 941 508 plerumque
989 443 1135 493 datur
1181 450 1230 493 et
1267 443 1429 492 malis:
1477 444 1816 506 Inqravastis,
1857 445 1928 494 in-

249 519 376 584 quit,
417 534 572 581 super
617 532 694 567 me
733 520 888 568 verba
928 522 1120 580 vestra,
1159 519 1286 567 dicit
1322 518 1578 579 Dominus,
1620 524 1668 567 et
1706 519 1931 568 dimistis:

249 593 309 640 In
364 607 461 654 quo
517 594 834 642 detraximus
884 594 947 642 de
998 594 1076 642 te?
1139 592 1375 641 Dixistis:
1434 591 1602 641 Vanus
1648 598 1723 641 est
1758 595 1929 655 omnis,

246 668 336 727 qui
379 669 535 716 servit
580 667 706 727 De0,
754 672 803 716 et
849 668 974 727 quid
1009 668 1145 728 plus,
1193 667 1314 726 quia
1361 667 1714 715 custodivimus
1761 667 1928 716 obser-

246 742 470 790 vationes
511 743 631 800 eius,
673 746 722 790 et
759 743 880 801 quia
914 742 1276 789 ambulavimus
1315 742 1656 802 supplicantes
1696 745 1813 790 ante
1847 739 1930 802 fa-

246 815 374 863 ciem
429 815 633 863 Domini
683 816 1064 876 omnipotentis?
1141 814 1209 862 Et
1261 827 1397 862 nunc
1444 827 1533 862 nos
1584 815 1932 874 beatificamus

246 890 460 948 alienos,
508 893 555 937 et
601 890 1007 947 reaedificantur
1054 901 1234 948 omnes,
1275 890 1366 948 qui
1398 886 1603 948 faciunt
1639 890 1816 949 iniqua
1826 905 1845 945 ;
1883 893 1933 938 et

245 963 508 1010 adversati
551 967 670 1010 sunt
707 962 837 1022 Deo,
891 967 940 1010 et
983 963 1114 1010 salvi
1152 960 1288 1022 facti
1324 966 1452 1010 sunt.
1530 961 1674 1010 Haec
1712 962 1934 1011 oblocuti

243 1041 381 1095 sunt,
422 1038 512 1096 qui
549 1036 790 1085 timebant
828 1037 1116 1096 Dominum,
1157 1037 1500 1096 unusquisque
1539 1035 1610 1084 ad
1641 1037 1931 1096 proximum

242 1123 388 1157 suum
397 1126 416 1166 ;
471 1114 521 1158 et
565 1111 926 1159 animadvertit
975 1110 1218 1158 Dominus
1265 1114 1315 1158 et
1359 1110 1580 1166 audivit;
1635 1113 1684 1157 et
1725 1111 1933 1171 scripsit

244 1183 428 1231 librum
466 1185 738 1232 memoriae
778 1185 830 1232 in
870 1188 1139 1245 conspectu
1178 1196 1269 1232 suo
1309 1184 1395 1248 eis,
1434 1184 1523 1243 qui
1560 1183 1733 1230 timent
1762 1182 1929 1231 Domi-

243 1270 361 1304 num
410 1262 459 1306 et
503 1262 804 1306 reverentur
850 1271 1028 1307 nomen
1077 1258 1198 1305 eius.
1275 1255 1375 1305 Isto
1426 1254 1552 1304 libro
1601 1255 1930 1320 significatum

245 1335 320 1378 est
366 1336 718 1379 testamentum
765 1345 959 1379 novum.
1038 1329 1260 1393 Denique
1309 1328 1440 1393 quod
1489 1330 1715 1393 sequitur
1766 1328 1928 1378 audia-

243 1417 375 1452 mus:
416 1404 482 1452 Et
520 1409 671 1453 erunt
708 1405 851 1464 milii,
892 1406 1018 1453 dicit
1056 1404 1297 1452 Dominus
1336 1404 1666 1465 omnipotens,
1707 1405 1759 1452 in
1800 1405 1931 1453 diem

242 1491 393 1538 quam
448 1492 538 1538 eqo
588 1476 730 1538 facio
778 1480 829 1526 in
882 1479 1290 1539 adquisitionem,
1346 1483 1394 1525 et
1440 1479 1622 1538 eliqam
1669 1490 1752 1525 eos
1799 1479 1934 1527 sicut

243 1553 383 1612 eliqit
420 1553 561 1600 homo
596 1553 759 1610 lilium
796 1566 942 1600 suum
979 1553 1279 1601 servientem
1318 1551 1441 1608 sibi;
1481 1556 1529 1599 et
1566 1552 1929 1611 convertimini,

155 1613 162 1621 ⁴
243 1630 292 1673 et
329 1626 560 1674 videbitis
600 1627 733 1674 inter
773 1627 955 1674 iustum
995 1630 1044 1674 et
1081 1627 1334 1687 iniustum,
1375 1630 1425 1673 et
1462 1626 1596 1673 inter
1633 1625 1931 1674 servientem

154 1706 211 1746 20

153 2074 208 2114 25

154 2443 210 2482 30

243 1698 349 1748 Deo
382 1704 431 1747 et
459 1713 559 1748 non
590 1701 900 1748 servientem.
978 1700 1225 1757 Quoniam
1265 1713 1384 1747 ecce
1425 1699 1531 1746 dies
1569 1699 1705 1746 venit
1743 1699 1931 1747 ardens

241 1774 375 1822 sicut
404 1774 636 1822 clibanus
668 1778 716 1822 et
754 1774 1100 1823 concremabit
1136 1786 1232 1833 eos,
1272 1777 1321 1821 et
1359 1777 1511 1820 erunt
1549 1785 1714 1821 omnes
1755 1773 1929 1822 alieni-

238 1860 405 1907 ,qenae
444 1852 493 1895 et
531 1861 698 1896 omnes
725 1846 976 1908 facientes
1017 1848 1332 1907 iniquitatem
1369 1847 1568 1907 stipula,
1610 1850 1659 1894 et
1697 1847 1934 1895 incendet

243 1922 351 1969 illos
405 1922 532 1981 dies,
588 1923 677 1982 qui
725 1922 982 1981 adveniet,
1039 1922 1166 1969 dicit
1211 1920 1454 1968 Dominus
1502 1921 1838 1981 omnipotens;
1884 1925 1934 1968 et

242 2008 341 2042 non
392 1996 773 2055 derelinquetur
823 2008 996 2043 eorum
1049 1995 1208 2042 radiae
1257 2007 1420 2053 neque
1468 1998 1790 2042 sarmentum.
1866 1992 1934 2041 Et

243 2069 439 2117 orietur
493 2069 629 2117 vobis
683 2069 967 2117 timentibus
1022 2081 1200 2116 nomen
1255 2080 1416 2115 meum
1465 2069 1542 2115 sol
1588 2067 1835 2131 iustitiae,
1883 2071 1934 2115 et

241 2143 436 2190 sanitas
491 2144 542 2190 in
591 2143 765 2203 pinnis
819 2143 953 2198 eius,·
1007 2146 1057 2189 et
1104 2141 1309 2189 exibitis
1364 2144 1414 2188 et
1459 2139 1749 2188 exultabitis
1798 2141 1934 2188 sicut

241 2216 389 2262 vituli
440 2229 506 2263 ex
558 2216 772 2263 vinculis
826 2216 1037 2263 resoluti
1042 2230 1062 2270 ,·
1116 2218 1166 2262 et
1210 2213 1575 2262 conculcabitis
1615 2214 1834 2273 iniquos,
1883 2218 1933 2262 et

243 2293 393 2336 erunt
432 2289 562 2337 cinis
592 2288 683 2336 sub
715 2288 932 2349 pedibus
970 2289 1149 2335 vestris
1189 2288 1239 2334 in
1281 2287 1375 2346 die,
1419 2287 1470 2334 in
1509 2299 1606 2346 quo
1646 2301 1737 2347 eqo
1771 2285 1928 2347 faci0,

243 2363 370 2410 dicit
398 2361 641 2410 Dominus
674 2362 993 2422 omnipotens.
1071 2358 1161 2408 Hic
1203 2365 1278 2408 est
1317 2360 1402 2422 qui
1441 2358 1623 2408 dieitur
1662 2358 1766 2408 dies
1805 2359 1930 2408 iudi-

243 2435 326 2499 cii3
368 2434 427 2483 de
468 2449 565 2498 quo
607 2449 696 2482 suo
736 2433 861 2499 loce,
901 2434 942 2482 si
974 2432 1106 2482 Deus
1146 2431 1369 2498 voluerit,
1408 2431 1670 2496 loquemur
1708 2431 1928 2482 uberius,

361 2561 434 2616 29)
466 2539 574 2606 Mai.
608 2566 649 2617 3,
686 2565 739 2604 13
773 2574 895 2615 sqq.;
928 2564 969 2615 4,
1005 2564 1027 2602 1
1062 2574 1159 2615 sqq.

363 2713 416 2753 16
457 2708 580 2752 diem
618 2707 812 2761 RAFv,·
852 2707 926 2751 die
969 2706 1106 2750 Parr.
1149 2709 1328 2762 excepto
1361 2706 1385 2749 b
1431 2707 1447 2762 ΙΙ
1494 2710 1546 2748 17
1589 2691 1728 2761 quam
1767 2704 1813 2748 R
1844 2717 1924 2749 sec.

243 2766 400 2811 Graec.
411 2784 428 2820 ‚·
467 2781 559 2823 qua
597 2767 718 2810 AFv
765 2769 780 2823 ΙΙ
828 2771 881 2810 18
922 2765 1055 2822 eligit
1091 2765 1231 2808 homo
1271 2763 1317 2808 R
1355 2777 1435 2808 sec.
1479 2763 1662 2817 Graec.;
1709 2763 1853 2820 elegit
1882 2763 1924 2806 h.

242 2825 360 2878 AF,·
390 2826 436 2869 h.
470 2825 604 2882 eligit
633 2839 658 2870 v
683 2827 699 2881 ΙΙ
722 2823 1055 2869 convertemini
1085 2837 1110 2867 v
1135 2825 1150 2879 ΙΙ
1174 2828 1229 2867 26
1262 2823 1482 2889 pennisp
