2004 3140
134 1107 187 1146 10

136 1476 189 1515 15

138 1845 194 1884 20

142 2213 197 2251 25

221 161 327 213 328
894 170 928 204 s,
953 151 1227 205 Anoosmxm

215 293 348 335 esset
404 285 677 349 expectatio
733 285 968 348 gentium.
1044 283 1176 332 Fieri
1230 291 1395 334 antem
1453 299 1549 333 non
1598 292 1796 350 posset,
1852 292 1907 334 ut

217 364 536 424 expectarent
587 373 699 407 eum
755 364 927 423 gentes
979 364 1265 424 venturum,
1321 360 1449 408 sicut
1496 373 1609 407 eum
1657 360 1908 408 cernimus

216 434 496 498 expectari,
550 439 606 481 ut
661 434 822 481 veniat
876 431 934 481 ad
991 431 1268 481 faciendum
1318 432 1555 481 iudicium
1594 435 1646 482 in
1687 433 1906 482 claritate

215 508 490 572 potentiae,
546 507 640 554 nisi
693 507 833 571 prius
887 507 938 564 in
986 521 1100 554 eum
1154 505 1442 572 crederent,
1498 522 1612 556 cum
1660 509 1794 556 venit
1847 506 1905 555 ad

215 580 500 645 patiendum
540 580 776 629 iudicium
815 582 865 628 in
906 579 1179 628 humilitate
1220 581 1498 645 patientiae.

855 753 1049 807 CAPUT
1075 753 1266 807 XLVI.

219 848 295 896 De
334 854 463 920 ortuo
489 847 770 896 Salvatoris
811 849 985 908 nostri,
1024 849 1301 896 secundum
1342 849 1478 908 quoa
1528 848 1743 898 Verbum
1783 862 1914 898 caro

288 919 486 982 factum
526 926 612 980 est,
652 926 703 970 et
740 922 802 969 de
842 922 1155 982 dispersione
1187 921 1499 970 Iudaeorum
1533 936 1631 983 per
1670 936 1837 972 omnes

571 1000 767 1055 (sentes,
806 997 941 1043 sicut
972 993 1151 1055 fuerat
1182 996 1555 1057 prophetatum.

369 1098 622 1162 Regnante
662 1112 780 1162 ergo
814 1095 1008 1146 Herode
1049 1099 1100 1146 in
1140 1097 1332 1164 Iudaea,
1373 1097 1502 1162 apud
1542 1097 1787 1147 Romanos
1828 1113 1910 1147 au·

220 1181 320 1222 tem
360 1174 455 1221 iam
497 1177 683 1221 mutato
715 1172 788 1220 rei
828 1170 1054 1236 publicae
1095 1178 1224 1221 statu
1265 1173 1538 1236 imperante
1573 1170 1779 1221 Caesare
1814 1171 1912 1221 Au·

221 1252 365 1311 gusto
417 1253 466 1295 et
515 1260 605 1310 per
645 1260 756 1294 eum
799 1244 918 1293 orbe
958 1252 1131 1310 pacato
1171 1252 1316 1294 natus
1357 1252 1431 1294 est
1472 1244 1697 1295 Christus
1737 1261 1914 1295 secun-

222 1320 338 1369 dum
386 1319 765 1384 praecedentem
813 1318 1121 1383 prophetiam
1161 1321 1211 1367 in
1251 1318 1504 1367 Bethleem
1545 1318 1713 1385 Iudae,
1765 1319 1916 1368 homo

223 1393 513 1443 manifestus
546 1408 604 1441 ex
636 1392 833 1441 homine
866 1394 1070 1458 virgine,
1110 1392 1242 1442 Deus
1275 1392 1499 1441 occultus
1532 1408 1591 1441 ex
1625 1392 1724 1442 Deo
1751 1392 1912 1443 Patre.

224 1467 306 1516 Sic
359 1468 489 1515 enim
541 1466 780 1531 propheta
826 1467 1158 1530 praedixerat:
1213 1467 1350 1516 Ecce
1397 1469 1540 1527 virqo
1589 1469 1808 1529 accipiet
1860 1470 1914 1516 iit

223 1548 368 1591 utero
420 1547 470 1590 et
509 1544 684 1603 pariet
722 1543 906 1601 filium,
955 1547 1002 1590 et
1049 1542 1301 1590 vocabunt
1347 1554 1525 1589 nomen
1565 1543 1673 1590 eius
1713 1541 1920 1589 Emma->

223 1618 360 1676 nuel,
407 1617 545 1676 quod
589 1621 663 1663 est
711 1616 1122 1676 interpretatum:
1178 1615 1446 1663 Nobiscum
1497 1614 1646 1663 Deus.
1725 1614 1821 1672 Qui
1859 1622 1918 1664 ut

223 1691 274 1738 in
323 1703 374 1737 se
424 1688 791 1737 commendaret
831 1688 1009 1752 Deum,
1060 1687 1293 1736 miracula
1334 1687 1486 1736 multa
1526 1688 1666 1754 fecit,
1707 1703 1766 1737 ex
1807 1690 1912 1753 qui-

225 1762 318 1812 bus
369 1761 627 1827 quaedam,
675 1768 914 1826 quantum
961 1762 1018 1810 ad
1068 1777 1180 1810 eum
1221 1761 1604 1826 praedicandum
1644 1763 1762 1811 satis
1804 1777 1916 1811 esse

226 1838 384 1886 visum
433 1843 534 1902 est,
589 1837 835 1900 scriptura
888 1835 1163 1900 evangelica
1215 1837 1449 1884 continet.
1539 1835 1761 1892 Quorum
1815 1837 1913 1900 pri-

227 1925 361 1960 mum
394 1917 484 1976 est,
524 1907 655 1974 quod
688 1917 787 1958 tam
821 1909 1112 1958 mirabiliter
1146 1916 1288 1958 natus
1329 1916 1425 1975 est3
1466 1908 1694 1958 ultimum
1733 1917 1916 1974 autem,

228 1983 359 2048 quod
401 1999 513 2032 cum
561 1999 651 2032 suo
703 1986 996 2032 resuscitato
1038 1999 1063 2031 a
1102 1971 1311 2032 mor'tuis
1352 1998 1559 2047 corpore
1601 1982 1823 2032 ascendit
1864 1986 1914 2032 in

228 2057 433 2106 caelum.
508 2056 675 2106 Iudaei
725 2064 916 2123 autem,
971 2059 1054 2120 qui
1105 2071 1219 2105 eum
1270 2056 1560 2105 occiderunt
1607 2063 1656 2105 et
1701 2059 1750 2105 in
1802 2072 1915 2106 eum

230 2130 434 2180 credere
469 2130 749 2196 noluerunt,
791 2132 904 2194 quia
936 2129 1196 2194 oportebat
1227 2145 1341 2178 eum
1381 2131 1506 2178 mori
1546 2137 1595 2178 et
1634 2144 1916 2194 resurgere,

231 2205 402 2252 vastati
441 2203 686 2251 infelicius
727 2219 752 2251 a
786 2203 1018 2252 Romanis
1059 2203 1379 2266 funditusque
1420 2217 1445 2250 a
1487 2218 1576 2251 suo
1617 2218 1786 2269 regn0,
1829 2203 1914 2252 ubi

229 2279 326 2326 iam
353 2279 422 2326 eis
454 2276 753 2340 alienigenae
787 2276 1178 2342 dominabantur,
1219 2276 1451 2324 eradicati
1484 2276 1791 2341 dispersique
1825 2293 1917 2342 per

231 2358 389 2400 terras
423 2345 643 2418 (quando
677 2350 874 2414 quidem
906 2349 1089 2414 ubique
1131 2364 1229 2398 non
1268 2344 1472 2414 desunt)
1514 2365 1602 2414 per
1643 2352 1918 2415 scripturas

233 2440 346 2474 suas
378 2425 658 2473 testimonio
691 2423 833 2472 nobis
873 2430 988 2472 sunt
1025 2423 1308 2488 prophetias
1349 2438 1438 2471 nos
1478 2438 1575 2472 non
1616 2424 1814 2473 finxisse
1855 2425 1918 2473 de

235 2498 453 2564 Christo,
501 2513 622 2562 quas
668 2497 867 2562 plurimi
919 2512 1091 2546 eorum
1139 2496 1511 2545 considerantes
1559 2503 1608 2545 et
1656 2505 1767 2546 ante
1807 2514 1912 2563 pas·

146 2582 200 2620 30
236 2574 425 2621 sionem
474 2578 522 2620 et
569 2573 775 2619 maxime
822 2578 934 2636 post
981 2572 1088 2619 eius
1134 2572 1551 2619 resurrectionem
1600 2570 1918 2620 crediderunt

233 2647 284 2694 in
331 2660 469 2712 eum,
525 2645 584 2694 de
635 2644 815 2709 quibus
861 2644 1167 2708 praedictum
1214 2650 1309 2692 est:
1370 2644 1429 2692 Si
1466 2643 1633 2706 fuerit
1677 2651 1918 2694 numerus

228 2721 451 2778 filiorum
487 2719 652 2768 Israel
679 2721 811 2768 sicut
842 2720 1040 2767 harena
1072 2720 1243 2778 maris,
1283 2720 1532 2778 reliquiae
1570 2720 1741 2768 salvae
1775 2721 1915 2778 fient.

237 2908 291 2947 10
340 2847 426 2947 2123)
458 2845 595 2890 Mich.
634 2850 685 2900 5,
724 2850 762 2889 2.
831 2848 899 2901 17)
940 2844 1059 2887 Esai.
1108 2850 1154 2899 7,
1203 2849 1276 2897 143
1316 2844 1396 2889 Mt.
1447 2851 1493 2899 1,
1543 2850 1612 2888 23.
1683 2847 1756 2901 32)
1794 2844 1915 2889 Esai.

296 2940 306 2959 ,
400 2940 408 2948 .
