2054 3152
641 199 708 230 DE
732 197 971 230 CIVITATE
996 199 1085 230 DEI
1109 199 1151 231 L.
1175 199 1280 233 XIV.
1304 199 1342 233 c.
1366 201 1396 233 9.
1794 187 1865 240 23

174 314 246 361 ita
301 326 413 360 cum
463 309 617 359 voluit
670 311 890 374 suscepit
943 311 1104 359 animo
1154 310 1390 378 humanO,
1446 318 1501 360 ut
1552 326 1663 359 cum
1712 310 1865 360 voluit

178 386 336 434 sactus
375 391 451 433 cst
490 384 649 433 homo,

326 457 555 524 Proinde,
596 457 725 521 quod
758 457 1010 506 fatendum
1041 464 1130 518 est,
1171 459 1317 506 etiam
1348 474 1462 507 cum
1501 466 1660 507 rectas
1702 466 1750 507 et
1791 474 1864 507 se-

176 531 394 580 cundum
435 531 591 580 Deum
630 531 868 580 habemus
907 531 994 579 has
1035 532 1341 597 affectioneS,
1381 531 1527 580 huius
1567 534 1692 581 vitae
1734 539 1863 593 sunt,

179 620 276 653 non
315 604 469 671 illius,
517 620 662 669 quam
711 605 928 653 futuram
975 620 1256 671 speramuS,
1304 612 1353 654 et
1393 621 1537 670 saepe
1578 605 1673 654 illis
1714 608 1860 655 etiam
1894 614 1920 654 5

175 680 316 727 iuviti
364 678 598 727 cedimus,
675 678 846 742 Itaque
895 677 1177 744 aliquando,
1225 681 1446 743 quamvis
1493 694 1592 727 non
1633 678 1863 743 culpabili

174 752 466 818 cupiditate,
522 752 608 801 sed
654 751 884 800 laudabili
931 754 1132 801 caritate
1182 767 1486 818 moveamur,
1544 754 1689 801 etiam
1746 753 1862 801 dum

178 825 407 875 nolumus
454 826 644 875 flemus.
721 824 970 874 Habemus
1021 841 1137 890 ergo
1187 841 1268 874 eas
1315 842 1374 875 ex
1413 827 1654 875 humanae
1696 827 1862 875 condi-

171 901 333 948 cionis
372 900 678 965 infirmitate3
719 914 818 948 non
858 905 1022 948 autem
1061 901 1127 948 ita
1160 899 1397 949 Dominus
1437 900 1590 966 lesus,
1630 902 1772 949 cuius
1813 907 1863 948 ct

174 973 433 1022 infirmitas
480 974 574 1022 fuit
621 989 681 1022 ex
726 979 984 1037 potestate.
1064 972 1160 1021 Sed
1208 973 1325 1022 dum
1372 976 1496 1022 vitae
1538 973 1685 1022 huius
1725 974 1859 1022 infir-
1895 983 1950 1023 10

177 1048 395 1095 mitatem
444 1049 684 1112 gerimuS,
734 1049 775 1095 si
823 1061 905 1095 eas
952 1048 1150 1095 omnino
1198 1046 1355 1096 nullas
1404 1047 1692 1113 habeamuS,
1743 1053 1862 1096 tunc

174 1122 339 1184 potius
386 1135 483 1168 non
532 1127 666 1172 recte
714 1121 934 1169 vivimus
1011 1119 1329 1184 Vituperabat
1376 1123 1507 1169 enim
1555 1127 1603 1169 et
1652 1121 1862 1170 detesta-

175 1193 321 1242 batur
371 1193 621 1257 apostolus
674 1193 932 1259 quosdam,
980 1209 1104 1257 quos
1152 1196 1298 1242 etiam
1338 1209 1446 1242 esse
1487 1194 1609 1242 dixit
1650 1196 1754 1242 sine
1797 1195 1863 1242 af-

175 1267 403 1316 fectione.
481 1266 705 1331 Culpavit
752 1268 900 1315 etiam
945 1266 1054 1315 illos
1104 1282 1243 1315 sacer
1289 1267 1532 1334 psalmus,
1582 1267 1641 1315 de
1683 1267 1862 1332 quibus

171 1342 264 1389 ait:
306 1342 537 1389 Sustinui
572 1344 662 1402 qui
697 1343 847 1390 simul
882 1344 1291 1402 contristaretur,
1332 1348 1381 1390 et
1418 1356 1518 1391 uon
1552 1340 1667 1402 fuit.
1738 1341 1858 1390 Nam
1894 1351 1948 1390 15

174 1416 374 1463 omnino
406 1429 505 1462 non
539 1414 720 1480 dolere,
760 1414 878 1463 dum
910 1429 1081 1463 sumus
1113 1417 1164 1463 in
1194 1414 1288 1463 hoc
1321 1414 1428 1463 loco
1471 1416 1711 1481 miseriae,
1749 1430 1861 1479 pro-

174 1489 328 1554 fecto,
385 1490 514 1537 sicut
561 1489 759 1552 quidam
806 1490 953 1537 etiam
1001 1488 1129 1552 apud
1186 1488 1368 1537 saeculi
1422 1488 1571 1537 huius
1619 1488 1862 1537 litteratos

169 1563 330 1610 ‘sensit
361 1568 410 1610 et
442 1561 577 1627 dixit,
617 1577 716 1610 non
748 1564 854 1610 sine
894 1577 1068 1626 magna
1107 1562 1335 1611 mercede
1377 1564 1618 1626 contingit
1657 1564 1861 1611 inmani-

172 1637 288 1683 tatis
326 1637 378 1683 in
418 1637 602 1701 animo,
651 1637 868 1700 stuporis
907 1637 959 1684 in
999 1651 1222 1700 corpore.
1301 1635 1543 1693 Quocirca
1583 1636 1687 1702 illa,
1737 1651 1860 1700 quae

169 1704 396 1757 ἀπάθεια
442 1708 626 1757 Graece
667 1708 848 1758 dicitur
887 1703 1039 1775 (quae
1082 1711 1123 1757 si
1161 1708 1334 1758 Latine
1382 1716 1551 1773 posset
1597 1709 1855 1774 inpassibi-
1892 1719 1949 1759 20

175 1781 285 1830 litas
325 1778 625 1848 diceretur),
678 1784 721 1830 si
759 1784 825 1831 ita
865 1782 1191 1846 intellegenda
1232 1788 1306 1831 est
1346 1778 1422 1849 (in
1462 1784 1623 1831 animo
1665 1785 1861 1848 quippe,

176 1870 274 1903 non
313 1857 364 1903 in
404 1870 611 1919 corpore
651 1850 939 1922 accipitur),
985 1861 1040 1904 ut
1091 1857 1196 1923 siqe
1237 1855 1312 1903 his
1353 1855 1694 1905 affectionibus
1734 1858 1859 1904 viva·

175 1935 272 1994 tur,
313 1943 436 1992 quae
470 1935 641 1977 contra
674 1931 915 1977 rationem
941 1929 1171 1978 accidunt
1202 1935 1517 1993 mentemque
1550 1928 1861 1995 perturbant,

99 2047 102 2050 .
174 2001 301 2050 bona
339 2002 481 2066 plane
514 2009 563 2051 et
594 2004 802 2051 maxime
836 2002 1046 2067 optanda
1079 2009 1168 2069 est,
1209 2002 1294 2051 sed
1329 2018 1420 2052 nec
1453 2005 1557 2067 ipsa
1596 2003 1744 2051 huius
1786 2010 1861 2052 est

170 2077 312 2124 vitae.
389 2075 498 2124 Non
545 2078 677 2124 enim
724 2076 1155 2140 qualiumcumque
1197 2076 1451 2125 hominum
1490 2092 1583 2124 vox
1615 2084 1716 2143 est,
1772 2077 1858 2126 sed
1891 2086 1949 2125 25

173 2150 382 2198 maxime
435 2151 632 2213 piorum
693 2149 1001 2214 multumque
1056 2152 1300 2198 iustorum
1356 2157 1503 2214 atque
1556 2157 1860 2199 sanctornm:

174 2223 234 2271 Si
270 2225 564 2284 dixerimuS,
605 2226 842 2284 quoniam
871 2229 1144 2286 peccatum
1175 2238 1275 2273 non
1308 2225 1559 2284 habemus,
1600 2239 1689 2272 uos
1730 2226 1860 2285 ipsos

173 2298 459 2345 seducimus
491 2302 539 2344 et
570 2299 759 2345 veritas
792 2299 844 2345 in
875 2298 1018 2346 nobis
1048 2311 1148 2346 non
1188 2303 1272 2346 est.
1351 2296 1491 2346 Tunc
1530 2298 1693 2361 itaque
1734 2292 1858 2345 ἀπά-

170 2373 290 2418 θεια
335 2372 430 2418 ista
476 2371 591 2435 erit,
638 2369 833 2433 quando
884 2376 1143 2434 peccatum
1190 2372 1242 2419 in
1282 2370 1478 2419 homine
1520 2370 1710 2419 nullum
1749 2372 1857 2419 erit.

111 2465 113 2469 v
174 2441 316 2491 Nunc
354 2458 470 2491 vero
519 2445 636 2492 satis
675 2443 801 2492 bene
841 2445 1043 2510 vivitur,
1091 2445 1133 2492 si
1171 2445 1277 2492 sine
1319 2446 1551 2509 crimine;
1601 2445 1705 2491 sine
1745 2458 1858 2507 pec·
1892 2453 1947 2492 30

173 2522 283 2565 cato
325 2523 488 2566 autem
537 2518 622 2580 qui
662 2532 713 2565 se
755 2518 918 2565 vivere
959 2519 1225 2582 existimat,
1265 2533 1364 2565 non
1403 2517 1452 2565 id
1493 2518 1611 2582 agit,
1652 2524 1706 2566 ut
1744 2532 1856 2581 pec-

172 2596 338 2638 catum
386 2605 484 2638 non
530 2589 728 2656 habeat,
784 2590 870 2639 sed
917 2597 972 2639 ut
1017 2593 1209 2639 veniam
1257 2605 1356 2639 non
1404 2592 1623 2655 accipiat.
1701 2589 1857 2638 Porro

176 2749 197 2787 1
249 2689 442 2788 Ι141)8
391 2687 523 2731 Rom.
558 2692 596 2742 1,
630 2692 701 2733 31.
766 2689 837 2742 15)
869 2687 942 2730 Ps.
977 2692 1046 2743 68,
1079 2692 1149 2731 21.
1215 2689 1285 2742 18)
1312 2687 1401 2730 Cic.
1437 2687 1571 2731 Tusc.
1606 2691 1647 2742 3,
1681 2692 1720 2731 6.
1784 2689 1858 2742 28)

207 2780 214 2789 .
271 2759 296 2788 ο
344 2750 385 2800 1,
418 2749 457 2789 8.

293 2867 349 2906 30
382 2862 419 2904 si
451 2877 532 2907 om
577 2863 618 2905 ἶ
645 2865 660 2919 ΙΙ
695 2868 749 2906 32
782 2877 919 2919 porro
952 2864 1109 2906 aut-em
1152 2862 1242 2905 I'F
1270 2866 1371 2916 (40,
1415 2866 1508 2914 22;
1548 2862 1634 2906 iol
1668 2862 1722 2914 Ι,
1754 2865 1860 2915 103,

170 2924 287 2974 22„
317 2934 453 2976 porro
485 2923 556 2965 Av
