2004 3140
584 154 649 186 DE
671 152 910 187 CIVITATE
935 155 1023 188 DEI
1046 157 1087 189 L.
1112 158 1195 190 xx.
1221 159 1257 192 c.
1282 160 1334 193 21.
1708 144 1814 196 461

275 275 405 326 Haec
457 291 570 326 cum
621 273 681 324 de
732 273 846 342 ista,
894 286 1017 340 quae
1066 287 1198 325 nunc
1247 275 1514 340 inpertitur
1562 270 1814 340 ecclesiae,

126 351 388 416 perspicua
451 350 692 414 nobisque
756 351 1010 399 notissima
1073 349 1161 399 Dei
1225 347 1539 398 miseratione
1595 349 1815 414 dixisset,

128 425 354 490 promisit
406 430 455 473 et
505 424 650 489 fineS,
705 423 764 472 ad
819 439 944 488 quos
989 439 1079 488 per
1125 423 1354 473 ultimum
1404 423 1642 472 iudicium
1688 424 1815 472 facta

126 498 371 547 honorum
425 497 766 562 malorumque
823 498 1120 547 discretione
1183 499 1438 563 venietur,
1500 497 1670 546 dicens
1724 511 1814 563 per

124 571 437 637 prophetam,
491 571 567 620 vel
622 571 682 619 de
746 571 951 620 Domino
1008 572 1175 620 dicens
1230 573 1335 636 ipse
1385 571 1647 636 propheta:
1710 573 1815 630 Quo
1849 578 1874 617 5

126 648 270 695 modo
311 649 441 695 enim
482 649 678 695 caelum
724 660 904 695 novum
944 652 993 695 et
1031 651 1174 694 terra
1214 660 1343 695 nova
1382 647 1605 694 manebit
1642 660 1815 694 coram

126 734 223 780 me,
273 721 398 769 dicit
435 721 702 780 DominuS,
756 722 831 769 sic
877 722 1032 769 stabit
1075 734 1242 769 semen
1292 726 1510 768 vestrum
1551 723 1600 768 et
1636 733 1811 768 nomen

126 799 367 854 vestrum,
416 799 466 843 et
511 796 611 844 erit
654 796 836 844 mensis
883 809 948 843 ex
995 808 1162 843 mense
1210 799 1259 843 et
1295 794 1559 842 sabbatum
1599 808 1664 842 ex
1702 794 1815 842 sab-

126 869 255 917 bato,
345 868 518 917 Jsf‘eniet
562 870 720 917 omnis
767 883 891 917 caro
942 870 993 916 in
1042 874 1311 930 conspectu
1352 882 1459 917 meo
1499 869 1725 916 adorare
1766 869 1817 915 in

126 943 466 1001 Hierusalem,
516 944 648 991 dixit
692 942 963 999 Dominus;
1017 948 1067 991 et
1110 944 1440 1003 eqredz'entur
1486 948 1535 991 et
1580 942 1819 990 videbunt
1852 946 1906 986 10

127 1017 352 1066 membra
385 1017 650 1082 hominum,
690 1018 779 1077 qui
808 1018 1168 1078 praevaricati
1202 1022 1321 1065 sunt
1359 1019 1410 1065 2'n
1450 1030 1538 1064 me.
1627 1015 1817 1064 Verme's

127 1103 302 1140 eorum
341 1103 441 1139 non
480 1092 738 1150 morietur,
779 1096 828 1139 et
867 1092 998 1151 iynis
1037 1104 1210 1140 eorum
1250 1104 1349 1139 non
1388 1093 1730 1154 εωτὶηῃαεταν,
1771 1093 1820 1137 et

128 1169 283 1213 erunt
312 1166 444 1212 visui
473 1166 608 1212 omni
638 1166 801 1212 carni.
880 1163 951 1211 Ad
992 1163 1085 1212 hoc
1124 1165 1217 1211 iste
1257 1163 1499 1227 propheta
1538 1163 1817 1211 terminavit

128 1236 337 1302 librum,
392 1236 450 1285 ad
502 1236 633 1301 quod
688 1236 1036 1286 terminabitur
1092 1236 1356 1286 saeculum.
1436 1236 1644 1294 Quidam
1700 1251 1815 1285 sane

129 1324 228 1360 non
274 1312 587 1375 interpretati
634 1317 771 1360 sunt:
820 1311 1053 1361 Membra
1099 1312 1372 1371 hominum,
1423 1310 1508 1360 sed
1557 1312 1816 1360 cadavera
1852 1315 1904 1355 15

126 1387 374 1444 virorum,
421 1399 512 1449 per
560 1384 795 1433 cadavera
842 1385 1174 1449 significantes
1223 1384 1499 1434 evidentem
1551 1399 1817 1449 corporum

126 1464 358 1524 poenam3
407 1460 627 1523 quamvis
675 1458 880 1508 cadaver
927 1460 1023 1508 nisi
1069 1473 1183 1507 caro
1231 1461 1470 1508 exanimis
1517 1473 1613 1507 non
1665 1458 1818 1507 soleat

129 1533 422 1598 nuncupari,
461 1531 540 1580 illa
580 1547 696 1580 vero
729 1534 940 1581 animata
979 1540 1127 1582 erunt
1166 1547 1389 1599 corpora,
1429 1532 1645 1596 alioquin
1686 1532 1816 1581 nulla

126 1608 364 1671 poterunt
416 1607 600 1654 sentire
655 1612 922 1672 tormenta3
977 1608 1074 1655 nisi
1128 1606 1282 1673 forte,
1338 1609 1452 1672 quia
1506 1613 1817 1656 mortuorum

128 1682 278 1728 erunt
325 1694 558 1744 corpora,
605 1679 654 1728 id
703 1686 778 1729 est
825 1695 1024 1746 eorum,
1075 1682 1161 1744 qui
1208 1683 1260 1729 in
1300 1681 1566 1730 secundam
1607 1687 1816 1729 mortem
1851 1687 1905 1726 20

127 1753 332 1819 cadent,
385 1753 496 1802 ideo
553 1768 651 1802 non
706 1753 919 1803 absurde
967 1756 1114 1803 etiam
1161 1754 1395 1803 cadavera
1446 1754 1543 1803 dici
1592 1760 1816 1818 possunt.

131 1826 267 1876 Unde
319 1834 393 1876 est
440 1834 489 1875 et
534 1826 677 1891 illud,
729 1827 861 1891 quod
902 1827 960 1876 ab
1003 1827 1175 1876 eodem
1215 1828 1456 1892 propheta
1496 1827 1681 1877 dictum
1720 1829 1816 1876 iam

124 1915 276 1965 supra
320 1903 485 1965 posui:
554 1901 714 1950 Terra
762 1916 880 1951 vero
932 1904 1197 1964 impiorum
1244 1905 1406 1951 cadet.
1485 1901 1605 1959 Quis
1653 1907 1818 1950 autem

129 1976 230 2023 non
269 1974 430 2023 videat
470 1990 496 2022 a
537 1974 753 2023 cadendo
795 1990 904 2024 esse
946 1975 1183 2040 appellata
1223 1972 1494 2024 cadavera?
1582 1975 1817 2024 Virorum

129 2053 298 2097 autem
336 2063 428 2112 pro
468 2063 526 2097 eo
566 2050 792 2113 posuisse
831 2048 942 2097 illos
981 2051 1304 2115 interpreteS,
1346 2049 1477 2114 quod
1517 2055 1593 2098 est
1630 2048 1815 2114 „homi·
1851 2053 1906 2093 25

131 2116 302 2187 num“‚
350 2122 664 2171 manifestum
713 2129 801 2171 est.
879 2122 1051 2187 Neque
1100 2125 1231 2172 enim
1280 2125 1540 2188 quisquam
1592 2122 1816 2172 dicturus

127 2200 206 2243 est
242 2197 675 2259 praevaricatrices
715 2196 922 2245 feminas
968 2199 1020 2245 in
1058 2196 1140 2245 illo
1181 2197 1422 2262 supplicio
1462 2212 1561 2246 non
1602 2197 1815 2262 futuras3

127 2267 214 2317 sed
256 2283 315 2317 ex
346 2270 553 2334 potiore,
592 2271 884 2334 praesertim
926 2271 985 2320 de
1027 2286 1123 2335 quo
1165 2271 1347 2320 femina
1386 2271 1513 2320 sacta
1553 2276 1644 2335 est,
1682 2276 1815 2319 uter-

129 2356 226 2406 que
267 2357 413 2391 sexus
461 2345 714 2408 accipitur.
791 2342 999 2409 Verum,
1040 2345 1172 2408 quod
1211 2345 1270 2393 ad
1311 2360 1418 2393 rem
1457 2346 1664 2394 maxime
1706 2359 1813 2408 per·

127 2417 273 2480 tinet,
321 2431 434 2464 cum
473 2423 522 2466 et
561 2418 611 2466 in
650 2416 793 2466 bonis
834 2418 1036 2468 dicitur:
1095 2418 1270 2468 Veniet
1306 2421 1464 2468 omnis
1504 2433 1650 2478 carO,
1702 2419 1815 2480 quia
1849 2425 1905 2464 30

129 2502 190 2535 ex
243 2491 376 2537 omni
431 2505 611 2553 genere
667 2490 922 2540 hominum
977 2491 1189 2556 populus
1240 2494 1334 2540 iste
1393 2490 1637 2540 constabit
1691 2486 1816 2555 (non

131 2561 264 2608 enim
304 2575 474 2610 omnes
514 2563 738 2612 homines
778 2563 847 2613 ibi
888 2572 1056 2630 erunt,
1110 2564 1304 2629 quando
1345 2567 1395 2613 in
1434 2565 1608 2629 poenis
1647 2563 1815 2628 plures

131 2629 317 2699 erunt),
349 2662 421 2669 —
453 2634 554 2702 sed,
593 2643 649 2685 ut
681 2637 845 2686 dicere
880 2653 1153 2703 coeperam,
1194 2653 1307 2686 culn
1350 2645 1396 2686 et
1438 2640 1487 2686 in
1519 2636 1662 2686 bonis
1701 2653 1814 2686 caro

252 2747 323 2801 13)
358 2746 478 2789 Esai.
513 2751 583 2802 66,
614 2752 670 2791 22
704 2762 800 2803 sqq.

253 2897 276 2935 7
311 2891 422 2936 dicit
454 2892 523 2948 R÷
556 2892 673 2937 dixit
701 2907 727 2938 v
751 2896 766 2949 n
791 2899 845 2938 23
879 2895 1035 2951 posuit
1066 2895 1157 2939 ΒΑ
