2044 3146
563 139 629 171 DE
655 138 893 172 curru-rr:
917 139 1005 171 Dm
1028 139 1070 171 L.
1095 139 1218 172 xv11.
1242 138 1280 172 c.
1305 141 1357 173 20.
1381 141 1435 172 21.
1734 129 1840 180 251

159 251 279 300 tieo:
318 251 560 312 Aequitas
592 252 771 301 dilexit
802 256 863 313 te,
902 258 952 300 et
992 267 1186 318 sponsa,
1225 267 1349 316 quae
1390 251 1457 301 ibi
1497 252 1654 301 audit:
1700 253 1841 301 Care·-

158 330 237 373 tas
284 326 336 374 in
383 327 577 374 deliciis
623 327 734 374 luis,
813 324 977 374 Tacita
1025 325 1177 375 multa
1228 328 1496 375 transimus
1536 341 1655 375 eura
1696 325 1842 375 huius

155 399 322 462 operis
361 397 671 448 terminandi.

807 571 1000 626 CAPUT
1040 573 1184 625 XXI.

157 679 234 729 De
271 679 477 741 reqibus
510 685 623 743 post
663 680 975 730 Salomonem
1021 682 1125 729 sive
1164 682 1215 729 in
1257 680 1389 729 Iuda
1428 682 1531 729 sive
1571 682 1621 729 in
1663 680 1841 730 Israel.
1875 689 1900 729 5

307 781 470 832 Ceteri
516 790 630 847 post
670 781 979 832 Salomonem
1033 797 1174 848 reges
1213 781 1551 832 Hebraeorum
1591 784 1670 831 vix
1709 785 1841 832 inve-

157 858 363 905 niuntur
410 872 500 921 per
546 856 705 921 aliqua
754 859 1023 922 aenigmata
1072 857 1315 906 (lictorum
1368 872 1573 906 suorum
1612 872 1841 906 rerumve

157 937 432 996 gestarum,
473 930 603 995 quod
644 930 701 978 ad
743 930 992 980 Christum
1034 939 1084 980 et
1123 930 1378 986 ecclesiam
1418 933 1690 995 pertineat,
1728 947 1840 995 pro·

158 1003 410 1070 phetasse‚
458 1006 558 1053 sive
606 1006 654 1052 in
694 1003 812 1053 Iuda
866 1007 966 1054 sive
1008 1007 1055 1053 in
1097 1005 1262 1054 Israel.
1340 1004 1421 1053 Sic
1461 1006 1591 1054 enim
1632 1005 1839 1069 appella-

159 1086 234 1126 tae
284 1084 399 1126 sunt
445 1078 576 1127 illius
622 1078 791 1143 populi
838 1086 1025 1143 partes,
1073 1094 1132 1127 ex
1185 1094 1281 1143 quo
1321 1086 1525 1143 propter
1566 1078 1840 1128 Salomonis
1876 1089 1930 1128 10

158 1152 392 1200 offensam
443 1159 664 1216 tempore
713 1151 798 1200 filii
845 1155 951 1202 eius
998 1152 1240 1218 Roboam‚
1291 1154 1374 1217 qui
1421 1154 1550 1217 patri
1601 1155 1842 1202 successit

156 1226 206 1274 in
261 1240 495 1291 regnum,
548 1225 649 1274 Deo
702 1225 977 1276 vindicante
1027 1226 1211 1275 divisus
1264 1235 1350 1275 est.
1427 1226 1641 1275 Proinde
1682 1225 1840 1275 tribus

159 1299 345 1366 decem,
385 1314 506 1364 quas
538 1301 727 1365 accepit
758 1300 1067 1365 Hieroboam,
1108 1316 1280 1350 servus
1315 1300 1605 1367 SalomoniS‚
1644 1316 1731 1349 rex
1771 1303 1842 1349 eis

156 1375 207 1422 in
249 1373 464 1422 Samaria
504 1377 826 1441 constitutuS,
872 1377 1072 1440 proprie
1112 1374 1412 1424 vocabantur
1450 1374 1624 1440 Israel,
1674 1390 1840 1438 quam·

157 1448 228 1496 vis
267 1447 360 1498 hoc
401 1451 618 1498 universi
666 1449 796 1498 illius
836 1450 1004 1515 populi
1044 1465 1223 1498 nomen
1266 1457 1409 1498 esset.
1487 1448 1686 1497 Duabus
1726 1464 1841 1497 vero
1877 1457 1931 1497 15

156 1521 385 1572 tribubus
397 1562 411 1589 ,
451 1523 598 1573 Iudae
639 1523 826 1573 scilieet
865 1531 915 1573 et
953 1523 1228 1589 Beniamin,
1270 1538 1393 1588 quae
1434 1530 1637 1587 propter
1677 1522 1842 1590 David,

158 1611 219 1646 ne
252 1599 451 1662 penitus
483 1613 691 1662 regnum
724 1599 893 1663 stirpis
934 1600 1040 1647 eius
1081 1598 1257 1647 suisset
1295 1596 1612 1663 eradicatum,
1651 1611 1841 1645 reman-

157 1678 324 1721 serant
372 1670 683 1721 subiacentes
731 1673 914 1721 civitati
952 1671 1287 1738 Hierusalem,
1326 1670 1474 1719 Iudae
1515 1685 1694 1719 nomen
1735 1671 1842 1737 fuit,

157 1746 271 1809 quia
310 1747 415 1810 ipsa
463 1752 568 1794 erat
614 1744 774 1802 tribus
821 1745 950 1795 unde
991 1744 1155 1793 David.
1231 1744 1486 1793 Beniamin
1525 1760 1641 1793 vero
1682 1743 1843 1793 tribus

158 1818 310 1867 altera
358 1819 415 1868 ad
455 1819 586 1868 idem
626 1835 858 1884 regnum,
906 1821 1035 1868 sicut
1073 1818 1194 1883 dixi,
1240 1819 1496 1883 pertinens
1536 1825 1662 1884 erat,
1711 1818 1841 1866 unde
1875 1827 1931 1867 20

158 1892 251 1941 fuit
300 1892 415 1942 Saul
461 1908 548 1942 rex
597 1900 708 1942 ante
749 1892 913 1942 David.
993 1892 1088 1941 Sed
1139 1892 1284 1942 simul
1333 1893 1454 1941 istae
1502 1891 1626 1940 duae
1667 1890 1843 1957 tribuS‚

159 1972 215 2014 ut
253 1966 437 2016 dictum
481 1974 576 2033 est,
615 1966 732 2016 Iuda
775 1966 1095 2031 vocabantur,
1135 1974 1184 2014 et
1222 1966 1315 2015 hoc
1355 1967 1553 2014 nomine
1593 1965 1841 2014 discerne-

158 2038 338 2089 bantur
385 2039 444 2089 ab
492 2039 666 2107 Israel,
714 2040 842 2106 quod
896 2039 1265 2106 appellabantur
1304 2041 1503 2104 proprie
1545 2039 1716 2088 decem
1756 2040 1841 2087 tri-

157 2111 251 2162 bus
298 2112 535 2163 habentes
583 2130 727 2164 suum
775 2130 956 2179 regem.
1041 2113 1161 2163 Nam
1211 2113 1371 2163 tribus
1418 2112 1560 2179 Levi,
1611 2114 1842 2177 quoniam

158 2187 475 2237 sacerdotalis
507 2189 613 2254 fuit,
653 2187 756 2254 Dei,
796 2204 894 2237 non
926 2203 1098 2252 regum
1133 2189 1331 2236 servitio
1372 2188 1659 2251 mancipata,
1698 2187 1844 2236 tertia
1874 2197 1930 2236 25

158 2259 345 2310 decima
393 2261 759 2312 numerabatur.
835 2262 1013 2327 Ioseph
1064 2263 1245 2326 quippe
1298 2276 1427 2310 unus
1477 2275 1535 2309 ex
1582 2259 1843 2309 duodecim

157 2333 268 2383 filiis
300 2334 464 2402 Israel,
503 2351 601 2385 non
635 2351 797 2402 unam,
837 2338 965 2385 sieut
1004 2337 1158 2384 ceteri
1199 2334 1430 2400 singulaS‚
1470 2333 1556 2382 sed
1597 2333 1716 2382 duas
1757 2335 1841 2382 tri-

156 2407 251 2457 bus
302 2409 443 2476 feeit,
472 2409 738 2474 Ephraem
791 2417 842 2459 et
892 2409 1163 2458 Manassen.
1249 2408 1430 2457 Verum
1482 2415 1644 2456 tamen
1696 2409 1843 2456 etiam

157 2480 316 2532 tribus
348 2481 465 2532 Levi
497 2482 555 2532 ad
587 2499 795 2548 regnum
829 2482 1325 2548 Hierosolymitanum
1357 2480 1636 2546 pertinebat
1674 2481 1842 2546 magiS,

159 2553 245 2604 ubi
276 2563 381 2605 erat
413 2555 500 2606 Dei
533 2556 787 2624 templum,
827 2559 907 2606 cui
940 2554 1197 2605 serviebat.
1275 2554 1437 2604 Diviso
1469 2555 1620 2619 igitur
1658 2553 1839 2618 populo
1873 2571 1930 2610 30

279 2685 323 2738 1)
356 2682 484 2727 Cant.
519 2689 557 2739 1,
591 2690 630 2728 4.
693 2686 740 2740 2)
773 2683 903 2728 Cant.
940 2689 980 2737 τ,
1012 2687 1052 2726 e.
1116 2684 1190 2739 14)
1226 2687 1263 2727 1.
1297 2682 1410 2738 Reg.
1446 2686 1513 2726 12.

279 2880 335 2920 28
367 2889 578 2920 manasse
610 2874 733 2928 131³,-
765 2875 821 2929 cf.
854 2875 982 2920 Neue
1014 2875 1049 2917 I
1071 2887 1120 2930 p.
1155 2877 1248 2919 603
