2004 3140
581 154 649 187 DE
673 152 910 187 chITA'rE
934 154 1023 187 Dm
1047 154 1088 188 L.
1113 155 1194 188 xx.
1220 155 1257 189 c.
1283 156 1313 189 7.
1678 145 1787 197 419
1832 191 1837 196 t

105 270 308 333 insuper
372 269 515 316 etiam
570 269 619 316 in
677 268 910 331 quasdam
964 267 1196 317 ridiculas
1251 267 1438 318 fabulas
1494 275 1786 319 verteretur.

106 343 183 391 Ait
223 344 402 407 quippe
435 343 484 390 in
517 340 643 390 libro
678 348 946 391 memorato
987 342 1228 391 Iohannes
1268 343 1539 408 apostolus:
1581 343 1647 392 Et
1684 345 1792 392 vidi

106 421 338 479 anqelum
372 417 751 466 descendentem
785 418 847 465 de
887 420 1043 482 caelo,
1082 418 1348 466 habentem
1389 420 1578 468 clavem
1618 419 1791 480 abyssi

105 498 155 541 et
207 496 437 540 catenam
495 493 546 539 in
602 504 753 539 manu
808 506 915 540 sua.
995 491 1060 540 Et
1110 493 1273 540 tenuit
1325 493 1601 541 draconem
1649 494 1787 541 illum

103 571 381 628 serpentem
433 567 719 626 antiquum,
773 567 862 626 qui
907 567 1287 626 coqnominatus
1340 571 1414 614 est
1459 567 1689 615 diabolus
1739 571 1790 615 et
1819 575 1844 614 5

103 645 335 700 satanas,
385 646 434 688 et
480 641 709 699 alliqavit
755 641 891 688 illum
938 642 1071 688 mille
1111 641 1258 687 annis
1299 646 1346 688 et
1385 641 1519 688 misit
1558 642 1695 688 illum
1735 642 1787 688 in

105 714 339 776 abyssum
350 730 369 771 ;
417 719 465 762 et
503 715 654 762 clusit
692 718 740 761 et
777 715 998 774 siqnavit
1034 728 1188 776 super
1227 728 1360 774 eam,
1411 719 1464 762 ut
1502 728 1600 762 non
1640 715 1786 762 sedu-

103 794 243 837 ceret
282 790 382 836 iam
418 792 614 849 aemes,
663 788 823 836 donec
857 778 1112 847 finiant’ar
1151 789 1284 837 mille
1323 790 1450 837 anni
1455 805 1474 846 ;
1507 793 1622 850 post
1659 789 1788 837 haec

103 868 298 925 oportet
343 875 453 911 eum
500 864 626 910 solvi
670 862 813 909 brevi
857 867 1089 923 tempore.
1169 862 1235 910 Et
1279 863 1385 911 vidi
1427 863 1570 911 sedes
1618 867 1669 910 et
1712 877 1786 910 se*

104 938 275 985 dentes
328 951 481 998 super
535 950 642 995 eas‘,
698 940 748 983 et
798 937 1042 984 iudicium
1089 937 1263 985 datum
1310 942 1394 985 est.
1474 936 1540 985 Et
1585 938 1787 985 animae
1821 944 1874 984 10

102 1011 383 1060 occisorum
427 1016 639 1072 propter
686 1011 1018 1059 testimonium
1070 1010 1185 1059 Iesu
1234 1015 1282 1059 et
1319 1015 1534 1074 propter
1581 1011 1788 1060 verbum

103 1084 222 1150 Dei,
270 1091 318 1134 et
361 1086 408 1133 si
452 1086 540 1144 qui
585 1097 684 1132 non
733 1085 1083 1133 adoraverant
1129 1085 1337 1133 bestiam
1384 1099 1478 1134 nec
1518 1085 1788 1145 imaqinem

104 1161 233 1218 eius,
288 1173 449 1219 neque
496 1164 810 1219 acceperunt
854 1160 1232 1220 inscriptionem
1280 1160 1331 1206 in
1374 1157 1548 1219 fronte
1595 1164 1686 1207 aut
1735 1161 1788 1207 in

101 1246 254 1281 manu
293 1246 402 1290 sua,
443 1238 491 1280 et
530 1238 876 1292 reynaverunt
914 1247 1026 1281 cam
1060 1233 1176 1281 Iesu
1217 1234 1349 1281 mille
1389 1234 1536 1281 annis
1545 1249 1565 1290 ;
1603 1234 1791 1292 reliqui

102 1320 274 1355 eorum
314 1320 411 1355 non
451 1307 711 1366 vixerunt,
761 1307 921 1355 donec
967 1308 1219 1365 finiantur
1258 1308 1391 1355 mille
1430 1308 1566 1355 anni.
1644 1306 1787 1356 Haec
1822 1314 1875 1353 15

100 1382 411 1430 resurrectio
445 1382 615 1441 prima
656 1385 741 1428 est.
818 1380 1007 1429 Beatus
1046 1387 1095 1430 et
1130 1385 1338 1430 sanctus
1377 1386 1474 1439 est,
1513 1382 1605 1441 qui
1638 1381 1791 1429 habet

103 1457 153 1503 in
207 1455 307 1503 hac
354 1456 526 1516 prima
581 1456 959 1503 resurrectione
1001 1460 1214 1516 partem.
1294 1455 1354 1503 In
1405 1457 1510 1504 istis
1560 1456 1790 1503 secunda

101 1542 234 1578 mors
272 1542 371 1577 non
411 1529 562 1576 habet
592 1532 888 1589 potestatem
899 1545 918 1586 ,·
955 1530 1051 1577 sed
1087 1535 1240 1578 erunt
1276 1530 1567 1578 sacerdotes
1607 1529 1705 1577 Dei
1741 1532 1791 1577 et

108 1602 298 1651 Christi
342 1609 396 1651 et
436 1603 727 1662 reynabunt
773 1616 886 1651 cum
933 1617 989 1652 eo
1038 1605 1170 1651 mille
1210 1605 1370 1651 annis.
1450 1601 1544 1660 Qui
1583 1608 1788 1666 propter

99 1675 221 1724 haec
273 1675 422 1724 huius
472 1674 586 1723 libri
638 1674 787 1723 verba
839 1677 1048 1740 primam
1090 1677 1519 1725 -resurrectionem
1570 1677 1788 1725 suturam
1820 1683 1875 1724 ‘20

102 1750 337 1814 suspicati
384 1755 499 1797 sunt
547 1748 877 1814 corporalem,
931 1751 1062 1798 inter
1110 1756 1275 1798 cetera
1322 1751 1529 1798 maxime
1578 1764 1787 1797 numero

101 1837 343 1871 annorum
394 1821 525 1870 mille
572 1824 784 1886 permoti
825 1831 961 1889 sunt,
1007 1829 1256 1887 tamquam
1296 1830 1550 1887 oporteret
1588 1823 1638 1870 in
1680 1837 1787 1871 san-

102 1898 194 1944 ctis
234 1911 291 1944 eo
332 1895 476 1944 modo
528 1895 677 1944 veluti
716 1897 839 1944 tanti
878 1899 1116 1961 temporis
1156 1897 1263 1945 fieri
1304 1895 1671 1961 sabbatismum,
1710 1911 1787 1944 va-

103 1971 293 2018 catione
336 1969 524 2018 scilicet
570 1976 736 2027 sancta
783 1976 896 2034 post
941 1970 1133 2019 labores
1174 1985 1415 2019 annorum
1456 1985 1542 2018 sex
1583 1969 1788 2035 milium,

101 2059 160 2092 ex
208 2058 306 2107 quo
354 2049 550 2092 creatus
596 2049 672 2091 est
718 2043 864 2092 homo
914 2052 963 2092 et
1011 2045 1174 2109 magni
1212 2043 1342 2093 illius
1380 2045 1571 2109 peccati
1610 2045 1786 2092 merito
1820 2051 1875 2091 25

101 2120 151 2165 in
190 2117 339 2165 huius
372 2116 682 2166 mortalitatis
714 2132 974 2167 aerumnas
1007 2118 1065 2167 de
1097 2117 1311 2183 paradisi
1351 2117 1580 2167 felicitate
1621 2117 1787 2166 dimis-

101 2206 186 2239 sus
219 2197 308 2255 est,
346 2198 415 2256 ut,
456 2193 686 2254 quoniam
720 2193 959 2256 scriptum
999 2199 1096 2241 est:
1144 2193 1278 2242 Unus
1311 2194 1418 2241 dies
1450 2194 1591 2254 apud
1618 2192 1786 2241 Domi-

101 2278 217 2313 num
256 2267 389 2314 sicut
426 2267 557 2314 mille
596 2268 732 2326 anni,
773 2272 822 2314 et
859 2268 990 2315 mille
1030 2269 1156 2315 anni
1191 2269 1325 2315 sicut
1363 2268 1470 2315 dies
1509 2280 1660 2329 unus,
1701 2280 1787 2313 sex

102 2353 342 2387 annorum
389 2337 587 2387 milibus
633 2346 880 2403 tamquam
922 2355 1007 2388 sex
1047 2338 1220 2388 diebus
1260 2339 1498 2405 impletiS,
1550 2345 1786 2403 sequatur

100 2411 232 2461 velut
301 2413 540 2476 septimus
604 2411 791 2461 sabbati
863 2415 913 2461 in
976 2415 1116 2462 annis
1178 2412 1308 2462 mille
1372 2414 1634 2478 postremis
1646 2452 1659 2478 ,
1725 2410 1784 2459 ad
1817 2421 1875 2460 30

99 2483 194 2532 hoc
234 2485 421 2534 scilicet
466 2485 722 2535 sabbatum
769 2485 1117 2536 celebrandum
1164 2485 1540 2551 resurgentibus
1588 2486 1784 2534 sanc-tis

103 2555 237 2614 Quae
277 2560 440 2623 opinio
475 2569 607 2608 esset
637 2566 906 2624 utcumque
949 2560 1231 2626 tolerabiliS,
1272 2562 1313 2608 si
1353 2560 1542 2623 aliquae
1582 2558 1784 2607 deliciae

223 2671 294 2725 19)
325 2671 467 2728 Apoc.
501 2676 571 2728 20,
607 2677 627 2714 1
664 2686 762 2727 sqq.
826 2674 901 2729 28)
936 2677 975 2717 2.
1009 2671 1131 2716 Petr.
1164 2676 1205 2727 3,
1239 2675 1278 2715 8.

220 2837 246 2876 6
277 2833 325 2876 et
356 2832 503 2890 allig]
536 2835 584 2877 et
614 2845 697 2877 om.
730 2833 892 2886 RAL,·
923 2834 1086 2878 habent
1116 2837 1268 2877 tamen
1297 2836 1405 2886 420,
1430 2836 1491 2876 24
1531 2834 1545 2888 Η
1585 2836 1608 2875 7
1645 2831 1784 2876 clusit

100 2888 289 2934 RParr.
323 2896 374 2935 ut
407 2892 602 2946 Amiat.;
635 2892 803 2936 clausit
834 2893 906 2935 Av

1332 2965 1425 3008 27*
