2004 3140
202 154 312 206 294
889 162 923 198 S.
947 165 1224 200 AUeUs'rIm

201 281 483 329 hominibus
527 279 778 328 Christum
816 292 988 336 suum;
1036 285 1086 327 et
1125 278 1217 327 alio
1255 278 1386 329 loco:
1441 281 1503 329 In
1543 283 1631 330 illa
1671 283 1773 342 die,
1814 283 1886 330 in-

203 354 329 418 quit,
377 354 689 402 resuscitabo
737 353 1124 402 tabernaculum
1170 353 1361 414 David,
1410 356 1548 415 quod
1584 356 1790 417 cecidit,
1840 361 1890 406 et

202 428 562 487 reaedificabo,
603 442 734 488 quae
773 428 1071 476 ceciderunt
1109 428 1230 487 eius,
1271 433 1322 476 et
1358 429 1619 478 destructa
1659 431 1766 477 eius
1806 445 1885 478 re-

200 502 454 550 suscitabo
503 506 551 549 et
596 502 940 560 reaedificabo
989 515 1050 549 ea
1096 502 1229 550 sicut
1279 503 1384 550 dies
1438 505 1660 559 saeculi;
1709 505 1779 552 ita
1834 509 1890 552 ut

143 583 168 622 5
202 577 482 635 exquirant
518 589 595 624 me
632 577 831 624 residui
866 576 1118 623 hominum
1158 579 1207 624 et
1244 589 1411 624 omnes
1446 581 1647 638 qenteS,
1689 578 1740 625 in
1781 579 1886 638 qui-

201 649 293 697 bus
340 651 624 698 invocatum
671 654 745 698 est
792 663 970 698 nomen
1017 662 1180 698 meum
1218 663 1372 710 super
1411 663 1516 712 eos,
1557 651 1683 700 dicit
1718 651 1887 700 Domi·

200 737 295 771 nus
328 722 530 783 faciens
567 724 709 772 haec.

828 879 1025 934 CAPUT
1058 879 1253 935 XXIX.

251 988 393 1046 Quae
432 990 495 1037 ab
536 989 694 1038 Esaia
735 990 797 1038 de
843 989 1039 1037 Christo
1080 994 1128 1036 et
1167 990 1383 1037 ecclesia
1421 990 1522 1037 sint
1554 990 1842 1050 praedicta.

114 1099 166 1139 10
350 1090 517 1140 Esaias
563 1091 805 1156 propheta
853 1106 951 1140 non
999 1098 1074 1140 est
1122 1092 1172 1139 in
1211 1090 1337 1140 libro
1378 1090 1637 1140 duodecim
1676 1091 1886 1156 prophe-

200 1171 388 1231 tarum,
443 1167 528 1230 qui
573 1173 837 1231 propterea
885 1165 1118 1214 dicuntur
1166 1165 1410 1231 minoreS,
1467 1166 1580 1228 quia
1631 1180 1887 1214 sermones

201 1254 373 1287 eorum
413 1246 529 1289 sunt
567 1239 766 1306 breveS,
814 1241 864 1288 in
906 1254 1077 1288 eorum
1118 1239 1506 1304 comparatione,
1555 1240 1638 1303 qui
1678 1240 1890 1288 maiores

199 1311 309 1361 ideo
350 1320 601 1379 vocantur,
642 1315 755 1378 quia
786 1313 974 1378 prolixa
1006 1312 1253 1362 volumina
1292 1312 1642 1377 condiderunt3
1683 1328 1742 1361 ex
1782 1314 1887 1376 qui-

199 1385 292 1435 hus
333 1392 408 1436 est
446 1387 526 1435 hic
565 1387 759 1454 Esaias,
801 1402 947 1451 quem
986 1392 1192 1451 propter
1232 1386 1401 1435 ead'em
1440 1386 1728 1450 prophetiae
1769 1393 1889 1435 tem-

114 1469 166 1508 15
198 1475 320 1524 pora
359 1460 603 1526 subiungo
637 1460 933 1526 supradictis
973 1459 1179 1510 duobus
1257 1459 1425 1508 Esaias
1466 1474 1583 1524 ergo
1623 1461 1754 1509 inter
1792 1459 1888 1526 illa,

200 1549 324 1598 quae
366 1537 527 1599 arguit
572 1535 741 1599 iniqua
781 1542 830 1584 et
869 1536 998 1583 iusta
1036 1535 1290 1599 praecepit
1330 1541 1378 1582 et
1416 1535 1666 1598 peccatori
1703 1533 1885 1598 populo

199 1607 324 1656 mala
370 1608 536 1658 sutura
582 1608 846 1674 praedixit,
894 1610 1040 1666 etiam
1089 1607 1148 1656 de
1191 1607 1386 1656 Christo
1428 1613 1477 1655 et
1517 1607 1746 1674 ecclesia,
1792 1607 1886 1656 hoc

200 1687 275 1730 est
329 1682 388 1730 de
438 1698 555 1747 rege
607 1690 656 1732 et
707 1697 763 1731 ea
814 1697 960 1747 quam
1008 1681 1227 1730 condidit
1278 1683 1499 1747 civitate,
1551 1680 1704 1730 multo
1743 1680 1887 1745 plura

201 1770 347 1819 quam
394 1758 548 1805 ceteri
598 1756 931 1822 prophetavit,
978 1758 1045 1804 ita
1097 1762 1152 1804 ut
1190 1771 1216 1803 a
1257 1754 1550 1819 quibusdam
1591 1754 1887 1819 evangelista

113 1838 168 1877 20
201 1844 346 1893 quam
396 1829 635 1895 propheta
682 1832 847 1895 potius
901 1829 1166 1878 diceretur.
1245 1828 1342 1878 Sed
1389 1834 1593 1893 propter
1644 1829 1885 1877 rationem

201 1904 365 1967 operis
406 1904 702 1954 terminandi
751 1919 903 1953 unum
954 1903 1013 1952 de
1053 1902 1221 1952 multis
1261 1902 1354 1951 hoc
1395 1901 1502 1951 loco
1542 1917 1735 1966 ponam.
1812 1901 1886 1950 Ex

198 1992 411 2041 persona
443 1979 623 2043 quippe
656 1977 744 2026 Dei
776 1978 936 2027 Patris
969 1977 1198 2041 loquens:
1239 1977 1388 2037 Ecce,
1421 1977 1597 2041 inquit,
1638 1978 1890 2038 intelleget

192 2065 328 2112 puer
366 2066 504 2101 meus
544 2058 594 2101 et
631 2053 944 2101 exaltabitur
991 2058 1040 2100 et
1071 2051 1450 2112 „clorificabitur
1489 2052 1649 2098 valde.
1734 2050 1888 2108 Quem

201 2126 272 2173 ad
308 2127 506 2174 modum
544 2131 831 2188 stupescent
866 2140 1020 2187 super
1060 2130 1108 2173 te
1146 2126 1302 2183 multi,
1344 2126 1416 2172 ita
1452 2125 1623 2183 cloria
1658 2124 1886 2185 privabi—

113 2207 167 2246 25
201 2202 285 2245 tur
318 2199 381 2246 ab
413 2200 694 2247 hominibus
725 2201 927 2261 species.
949 2204 1037 2247 tua
1070 2203 1119 2246 et
1152 2186 1323 2258 ¹cloria
1356 2203 1444 2245 tua
1477 2197 1540 2245 ab
1579 2197 1893 2254 hominibus;

201 2273 273 2319 ita
320 2273 644 2321 mirabuntur
688 2278 863 2333 qentes
912 2275 1097 2320 multae
1135 2286 1288 2332 super
1328 2285 1439 2319 eum
1477 2275 1527 2319 et
1565 2271 1893 2320 continebunt

201 2359 347 2405 reyes
401 2359 454 2394 os
503 2360 676 2403 suum,·
730 2347 965 2406 quoniam
1017 2345 1196 2406 quibus
1243 2358 1342 2393 non
1390 2349 1464 2392 est
1500 2346 1787 2393 nuntiatum
1828 2345 1890 2393 de

201 2421 297 2479 illo,
338 2420 587 2479 videbunt,
628 2426 676 2468 et
706 2422 794 2480 qui
830 2433 930 2468 non
970 2420 1259 2479 audierunt,
1300 2420 1599 2478 intelleqent.
1662 2418 1889 2475 Domine,

200 2495 311 2552 quis
352 2495 574 2542 credidit
620 2495 821 2542 auditui
872 2498 1063 2554 nostr0,
1113 2497 1162 2541 et
1208 2493 1507 2540 bracchium
1556 2491 1761 2539 Domini
1806 2492 1894 2539 cui

113 2575 168 2615 30
202 2569 478 2615 revelatum
518 2569 622 2616 est?
685 2567 1105 2616 Adnuntiavimus
1145 2579 1321 2614 coram
1361 2567 1465 2625 illc,
1507 2570 1563 2612 ut
1601 2563 1793 2625 infans,
1836 2569 1890 2612 ut

325 2679 366 2733 1)
401 2680 542 2722 Amos
575 2683 617 2734 4,
653 2684 704 2722 12
740 2693 805 2733 sq.
871 2680 913 2733 7)
945 2678 1088 2721 Amos
1121 2682 1161 2732 9,
1197 2681 1248 2720 11
1284 2691 1353 2731 sq.

323 2844 376 2881 23
411 2839 584 2896 glorifi]
618 2839 999 2883 honorificabitur
1030 2839 1074 2881 A
1099 2840 1193 2894 1125
1228 2837 1381 2894 specie
1413 2836 1480 2882 R¹
1503 2839 1518 2893 ΙΙ
1542 2842 1596 2881 27
1629 2836 1895 2881 nunt-iatum

203 2910 319 2950 mss;
352 2899 541 2943 annunt.
573 2913 598 2943 v
622 2900 637 2954 ΙΙ
661 2903 716 2942 29
749 2896 1019 2942 bracchium
1050 2896 1096 2941 R
