2004 3140
156 569 182 608 5

126 939 182 978 10

125 1308 178 1348 15

125 1678 180 1718 20

123 2119 179 2159 25

217 138 325 190 466
656 175 659 179 κ
906 150 942 185 S.
967 150 1243 186 AUGUSTIM

216 266 359 314 libro.
437 265 504 312 Et
534 266 676 313 multi
707 266 1059 314 dormientium
1095 267 1146 314 in
1187 271 1359 315 terrae
1398 281 1589 328 accere
1628 273 1904 328 exuryent:

214 341 272 388 hi
320 341 372 387 in
421 340 574 387 vitam
622 333 904 399 aeternam,
954 344 1003 388 et
1048 340 1103 387 hi
1148 342 1199 388 in
1239 341 1564 403 opprobrium
1604 346 1654 390 et
1691 343 1743 390 in
1783 355 1899 391 con-

210 412 462 474 fusionem
494 418 770 462 aeternam.
826 413 893 461 Et
922 414 1262 474 intelleyentes
1287 412 1556 475 fulyebunt
1585 417 1719 463 sicut
1749 417 1903 464 clari-

216 492 294 535 tas
320 489 643 546 firmamenti,
684 492 733 535 et
763 501 829 536 ex
860 489 1004 536 iustis
1042 489 1186 535 multi
1221 490 1355 536 sicut
1389 491 1564 537 stellae
1603 491 1654 537 in
1693 491 1902 538 saecula

215 565 264 610 et
313 562 497 610 adhuc.
578 559 860 609 Sententiae
913 559 983 608 illi
1030 560 1336 624 evangelicae
1386 567 1462 610 est
1508 561 1646 611 locus
1693 563 1787 611 iste
1840 563 1901 611 si-

214 633 446 683 millimus
479 633 539 682 de
572 636 939 683 resurreetione
980 633 1232 684 dumtaxat
1271 649 1536 699 corporum
1574 642 1904 685 mortuorum.

213 707 335 756 Nam
390 709 475 772 qui
527 707 626 756 illie
682 708 801 757 dieti
847 714 963 757 sunt
1016 723 1125 756 esse
1174 711 1226 758 in
1273 712 1622 771 monumentis,
1674 711 1770 774 ipsi
1823 709 1903 758 hic

215 784 519 831 dormientes
565 784 618 830 in
666 788 839 832 terrae
886 797 1099 843 accere,
1147 782 1244 847 vel,
1293 784 1422 831 sicut
1469 782 1550 831 alii
1588 784 1902 848 interpretati

214 863 356 922 sunt,
412 858 464 905 in
511 861 685 905 terrae
727 859 967 918 pulvere;
1021 863 1071 904 et
1117 857 1247 905 sieut
1292 855 1361 905 ibi
1393 858 1677 919 procedent
1715 857 1902 906 dictum

214 936 311 996 est,
365 930 433 978 ita
478 928 559 978 hie
607 936 888 991 exuryent;
944 931 1073 979 sicut
1118 929 1188 978 ibi
1234 933 1323 991 qui
1360 932 1490 980 bona
1525 929 1791 997 fecerunt,
1846 933 1901 979 in

213 1005 640 1053 resurrectionem
671 1006 836 1061 vitae,·
874 1007 965 1065 qui
994 1008 1161 1053 autem
1192 1007 1327 1053 mala
1367 1009 1595 1066 efferunt,
1637 1007 1688 1054 in
1728 1019 1901 1054 resur-

213 1080 488 1127 rectionem
528 1079 730 1127 iudicii:
768 1079 835 1126 ita
876 1083 925 1126 et
963 1079 1058 1126 isto
1099 1077 1206 1126 loco
1247 1080 1302 1127 hi
1339 1081 1391 1127 in
1431 1081 1585 1127 vitam
1624 1084 1900 1141 aeternam,

213 1156 263 1200 et
299 1153 356 1200 hi
400 1153 453 1200 in
500 1153 826 1214 opprobrium
872 1157 920 1201 et
966 1155 1018 1201 in
1058 1151 1402 1213 confusionem
1442 1158 1716 1201 aeternam.
1794 1151 1904 1200 Non

213 1231 378 1274 autem
410 1224 661 1274 diversum
691 1231 909 1291 putetur,
951 1225 1096 1290 quod,
1138 1240 1250 1274 cum
1282 1224 1351 1274 ibi
1381 1227 1598 1290 positum
1632 1227 1695 1274 sit
1734 1239 1903 1275 omnes

213 1302 447 1360 quisunt
477 1301 529 1347 in
560 1302 902 1358 monumentis,
942 1298 1022 1347 hic
1062 1314 1161 1347 non
1201 1300 1268 1347 ait
1304 1299 1546 1363 propheta
1585 1314 1772 1365 omneS,
1812 1299 1900 1348 sed

212 1375 358 1422 multi
409 1374 762 1422 dormientium
816 1376 869 1422 in
923 1377 1097 1422 terrae
1151 1387 1355 1434 afficere.
1433 1372 1580 1421 Ponit
1634 1374 1766 1421 enim
1817 1372 1900 1421 ali-

213 1445 408 1510 quando
472 1447 717 1511 scriptura
778 1461 868 1511 pro
931 1446 1160 1495 omnibus
1223 1446 1416 1496 multos.
1518 1445 1788 1511 Propterea
1850 1452 1902 1495 et

212 1519 433 1569 Abrahae
474 1519 661 1569 dictum
701 1527 796 1570 est:
837 1521 1043 1569 Patrem
1082 1523 1356 1570 multarum
1392 1522 1618 1582 centium
1651 1522 1804 1583 posui
1841 1526 1904 1579 te,

212 1595 294 1643 eui
331 1601 496 1643 tamen
536 1593 627 1642 alio
667 1594 799 1643 loco:
839 1595 902 1643 In
939 1597 1146 1655 semine,
1187 1595 1370 1660 inquit,
1411 1600 1495 1643 tuo
1536 1595 1902 1644 benedicentur

212 1682 379 1717 omnes
423 1672 611 1729 centes.
688 1667 757 1717 De
797 1667 883 1717 tali
933 1674 1098 1717 autem
1137 1669 1505 1717 resurreetione
1545 1667 1661 1717 huie
1701 1682 1899 1732 quoque

210 1743 306 1806 ipsi
352 1741 622 1806 prophetae
662 1741 849 1790 Danieli
894 1741 1039 1806 paulo
1085 1748 1199 1806 post
1245 1741 1451 1791 dieitur:
1499 1742 1567 1790 Et
1605 1747 1658 1791 tu
1699 1744 1814 1791 veni
1851 1746 1902 1791 et

211 1819 472 1877 requiesce
480 1832 500 1873 ;
546 1817 716 1865 adhuc
763 1818 893 1865 enim
941 1818 1047 1864 dies
1087 1819 1139 1865 in
1178 1818 1550 1878 completionem
1590 1829 1902 1865 consumma-

212 1892 385 1949 tionis,
441 1894 491 1939 et
544 1892 830 1950 requiesces
885 1895 934 1939 et
986 1904 1223 1951 resuryes
1278 1892 1330 1939 in
1376 1894 1513 1940 sorte
1561 1894 1649 1939 tua
1701 1891 1752 1938 in
1794 1891 1900 1949 fine

212 1965 422 2013 dierum.

839 2106 1032 2160 CAPUT
1071 2106 1266 2160 XXIV.

212 2213 274 2262 In
296 2215 509 2275 psalmis
540 2214 817 2278 Dauidicis,
857 2228 989 2273 quae
1028 2216 1090 2262 de
1116 2217 1222 2273 fine
1252 2216 1449 2263 saeculi
1477 2215 1627 2262 huius
1659 2218 1709 2262 et
1739 2216 1898 2263 novis-

602 2289 724 2335 simo
764 2287 863 2335 Dei
901 2289 1089 2336 iudicio
1122 2289 1503 2349 prophetentur.

357 2388 508 2438 Multa
548 2389 606 2437 de
646 2389 827 2438 iudicio
868 2391 1132 2438 novissimo
1173 2390 1405 2439 dicuntur
1444 2391 1494 2438 in
1533 2389 1755 2455 psalmiS,
1807 2389 1894 2438 sed

210 2478 384 2512 eorum
432 2463 574 2528 plura
620 2469 937 2512 transeunter
993 2471 1042 2513 et
1088 2465 1310 2513 strictim.
1399 2463 1503 2512 Hoc
1550 2469 1714 2512 tamen
1762 2463 1893 2527 quod
1966 2508 1970 2509 ⁷

329 2577 375 2631 5)
408 2575 524 2620 Dan.
560 2580 629 2630 12,
665 2581 687 2619 1
714 2591 812 2632 sqq.
879 2578 951 2630 12)
983 2576 1045 2619 Io.
1080 2580 1120 2632 5,
1153 2581 1209 2621 28
1236 2590 1301 2631 sq.
1365 2578 1438 2633 18)
1472 2575 1586 2620 Gen.
1621 2580 1691 2632 17,
1724 2579 1765 2620 5.
1821 2576 1895 2631 20)

209 2633 274 2677 lb.
310 2638 380 2689 22,
417 2639 483 2678 18.
547 2637 620 2689 24)
654 2634 768 2680 Dan.
805 2639 874 2690 12,
909 2640 979 2679 13.

327 2771 355 2808 4
386 2766 524 2810 multi
548 2766 806 2812 RA2Parr.
839 2781 890 2820 v,·
921 2766 1079 2810 multis
1106 2766 1172 2810 A1
1202 2780 1282 2811 sec.
1317 2766 1501 2819 Graec.‚·
1531 2767 1608 2810 sed
1640 2767 1695 2821 cf.
1732 2765 1890 2811 Sabat.

209 2825 290 2879 II,
323 2829 413 2869 881
438 2826 453 2881 ΙΙ
476 2825 524 2868 in
557 2826 742 2870 saecula
773 2827 821 2869 et
851 2826 1014 2869 adhuc.
1079 2825 1344 2870 Sententiae
1376 2826 1542 2881 scripsi
1573 2823 1658 2881 (εἰς
1681 2821 1792 2875 τοὺς
1816 2822 1890 2868 αἰ-

210 2884 334 2934 ῶνας
365 2883 446 2927 καὶ
479 2881 587 2940 ἐ’τι);
618 2883 667 2927 in
698 2885 895 2930 saecula.
958 2884 1020 2928 Et
1051 2885 1201 2932 adhue
1235 2883 1492 2929 sententiae
1525 2898 1551 2928 v
