2004 3140
201 166 307 219 316
879 175 913 210 S.
937 175 1211 210 Aueus'rm1

869 342 1062 397 CAPUT
1099 344 1210 397 XL.

203 456 279 504 De
317 456 680 517 Aeqyptiorum
719 457 1106 504 mendacissima
1144 458 1381 516 vanitate,
1422 471 1554 517 qaae
1593 459 1886 517 antiquitati

348 531 592 578 scientiae
640 544 765 578 suae
804 534 1002 578 centum
1041 531 1180 578 milia
1221 531 1435 596 ascribit
1472 544 1735 580 annorum.

348 631 553 682 Frustra
584 634 749 696 itaque
783 634 1043 681 vanissima
1075 634 1475 697 praesumptione
1515 635 1738 697 garriunt
1777 635 1882 698 qui-

143 711 169 750 5
202 705 313 753 dam
353 705 589 771 dieentes,
629 721 686 754 ex
725 721 821 770 quo
854 706 1102 771 Aegyptus
1142 707 1383 755 rationem
1423 706 1639 755 siderum
1680 722 1884 772 conpre-
1930 729 1936 735 ยน

201 778 399 846 hendit,
454 779 660 844 amplius
711 794 855 843 quam
903 787 1102 829 centum
1150 795 1390 828 annorum
1438 779 1570 828 milia
1622 782 1885 829 numerari.

202 851 255 900 In
312 853 491 916 quibus
547 855 677 902 enim
727 852 865 901 libris
911 855 1060 902 istum
1107 869 1370 903 numerum
1419 852 1749 918 collegerunt,
1803 855 1888 918 qui

202 940 301 974 non
357 916 566 975 multum
621 934 732 975 ante
785 942 1026 976 annorum
1081 927 1178 976 duo
1230 927 1361 976 milia
1414 926 1603 976 litteras
1654 929 1887 992 magistra

203 998 330 1047 Iside
365 997 682 1050 didicerunt?
742 999 852 1049 Non
884 1002 1016 1049 enim
1048 1016 1228 1066 parvus
1267 1008 1439 1051 auctor
1479 1008 1555 1050 est
1593 1003 1643 1049 in
1683 1001 1887 1050 historia

116 1078 169 1117 10
203 1071 377 1134 Varro,
427 1075 510 1138 qui
549 1074 642 1122 hoc
682 1074 920 1140 prodidit,
969 1075 1099 1139 quod
1140 1090 1166 1123 a
1205 1075 1481 1124 litterarum
1522 1076 1665 1123 etiam
1707 1074 1888 1123 divina-

202 1161 315 1195 rum
368 1149 571 1197 veritate
628 1163 726 1196 non
782 1148 1013 1198 dissonat.
1092 1148 1214 1198 Cum
1269 1150 1397 1197 enim
1453 1148 1512 1197 ab
1567 1150 1674 1214 ipso
1728 1149 1888 1213 primo

203 1218 422 1287 homine,
471 1223 555 1286 qui
605 1228 679 1270 est
727 1222 997 1287 appellatus
1037 1222 1216 1289 Adam,
1263 1221 1481 1271 nondum
1522 1237 1607 1271 sex
1647 1237 1888 1270 annorum

204 1294 335 1343 milia
391 1295 755 1361 compleantur,
813 1312 908 1360 quo
965 1296 1109 1345 modo
1174 1312 1272 1344 non
1334 1298 1417 1344 isti
1479 1295 1670 1344 ridendi
1723 1296 1889 1360 potius

204 1381 350 1429 quam
388 1368 644 1417 refellendi
685 1377 813 1434 sunt,
853 1372 937 1433 qui
978 1370 1036 1418 de
1077 1372 1233 1435 spatio
1274 1376 1553 1434 temporum
1591 1376 1689 1418 tam
1729 1369 1890 1417 diver-

117 1447 170 1486 15
205 1454 256 1488 sa
305 1448 354 1491 et
400 1441 516 1491 huie
564 1442 839 1507 exploratae
892 1445 1086 1492 veritati
1136 1450 1234 1492 tam
1290 1445 1535 1492 contraria
1587 1443 1887 1507 persuadere

207 1513 485 1565 conantur?
547 1516 637 1565 Cui
676 1517 807 1564 enim
847 1517 1022 1566 melius
1061 1518 1279 1565 narranti
1319 1518 1584 1582 praeterita
1625 1516 1888 1582 eredimUS,

206 1604 353 1652 quam
407 1591 492 1653 qui
553 1592 698 1639 etiam
761 1590 927 1639 futura
975 1591 1239 1656 praedixit,
1295 1606 1417 1654 quae
1468 1591 1746 1655 praesentia
1795 1591 1892 1638 iam

209 1660 467 1712 videmus?
543 1663 664 1712 Nam
705 1670 754 1712 et
793 1665 898 1728 ipsa
939 1664 1290 1713 historicorum
1328 1666 1459 1713 inter
1500 1679 1550 1712 se
1592 1663 1893 1712 dissonantia

209 1738 397 1800 copiam
431 1736 575 1786 nobis
607 1737 825 1802 praebet,
865 1745 920 1787 ut
954 1739 997 1786 ei
1037 1740 1202 1802 potius
1243 1738 1446 1786 eredere
1488 1736 1769 1801 debeamUS,
1807 1738 1892 1801 qui

119 1817 174 1856 20
209 1809 423 1876 divinae,
479 1826 624 1875 quam
671 1818 898 1860 tenemus
910 1852 924 1878 ,
973 1827 1071 1860 non
1119 1819 1361 1876 repugnat
1411 1811 1660 1860 historiae.
1736 1810 1892 1859 Porro

209 1890 371 1932 autem
423 1886 553 1933 cives
599 1886 776 1949 impiae
819 1887 1026 1934 civitatis
1067 1885 1231 1935 diffusi
1270 1900 1625 1949 usquequaque
1664 1899 1754 1949 per
1794 1890 1890 1932 ter-

209 1971 289 2005 ras
322 1972 435 2006 eum
467 1957 637 2022 legunt
676 1958 986 2007 doctissimos
1026 1959 1265 2025 homineS,
1305 1974 1515 2023 quorum
1556 1957 1738 2007 nullius
1779 1973 1892 2005 con-

209 2030 472 2080 temnenda
511 2032 735 2081 videatur
767 2034 1049 2098 auctoritas,
1087 2035 1220 2081 inter
1260 2048 1311 2081 se
1352 2033 1411 2081 de
1453 2031 1603 2081 rebus
1642 2033 1793 2095 gestis
1834 2029 1893 2078 ab

211 2106 382 2152 aetatis
438 2111 635 2153 nostrae
691 2108 926 2154 memoria
988 2107 1331 2154 remotissimis
1387 2105 1722 2168 discrepantes
1737 2143 1752 2170 ,
1815 2104 1895 2152 cui
1943 2102 1961 2117 โธ

122 2179 176 2218 25
210 2178 376 2240 potius
441 2177 644 2226 eredere
705 2178 940 2244 debeant,
1003 2194 1100 2226 non
1162 2181 1432 2227 inveniunt.
1516 2177 1616 2226 Nos
1671 2192 1786 2225 vero
1841 2179 1893 2225 in

211 2255 408 2298 nostrae
442 2250 691 2314 religionis
724 2251 928 2300 historia
961 2251 1071 2300 fulti
1109 2253 1398 2300 auctoritate
1440 2251 1615 2317 divina,
1656 2249 1893 2314 quidquid

211 2323 257 2370 ei
295 2325 496 2389 resistit,
536 2339 635 2372 non
676 2323 957 2373 dubitamus
997 2339 1105 2373 esse
1147 2325 1487 2391 falsissimum,
1528 2322 1895 2389 quomodolibet

212 2403 319 2444 sese
352 2396 563 2445 habeant
595 2405 758 2446 cetera
790 2399 840 2446 in
882 2397 1215 2447 saecularibus
1255 2398 1446 2463 litteris,
1487 2413 1611 2462 quae
1653 2413 1739 2446 seu
1779 2411 1894 2445 vera

212 2483 300 2517 seu
332 2470 449 2518 falsa
483 2472 595 2534 sint,
635 2470 754 2519 nihil
788 2473 1023 2520 momenti
1057 2472 1299 2538 adferunt,
1340 2487 1435 2535 quo
1478 2478 1612 2520 recte
1652 2471 1892 2533 beateque

121 2550 176 2589 30
209 2544 439 2592 vivamus,

334 2733 386 2772 13
418 2729 495 2772 isti
528 2743 607 2774 om,
638 2730 684 2774 R
