2044 3146
155 926 211 967 10

157 1294 212 1335 15

158 1665 214 1705 20

159 2032 215 2072 25

161 2401 218 2442 30

240 127 350 182 260
926 136 961 171 s.
986 135 1263 171 Aneusrm

238 253 534 317 Argivorum
581 250 725 301 simul
780 265 894 300 cum
932 248 1156 299 Abrahae
1196 249 1459 315 nepotibus
1499 257 1664 300 ortum
1704 256 1802 317 est,
1849 249 1935 300 ubi

238 327 432 391 primus
464 326 687 390 regnavit
717 323 943 374 Inachus
1021 322 1165 385 Sane,
1205 323 1338 388 quod
1376 322 1797 389 praetereundum
1835 339 1935 373 non

240 401 360 466 fuit,
409 401 555 449 etiam
609 398 740 464 apud
797 397 1083 464 sepulcrum
1137 398 1334 463 septimi
1391 399 1470 447 sui
1519 398 1652 463 regis
1701 397 1935 448 Thuriaci

242 473 521 523 sacrificare
586 472 843 538 Sicyonios
904 471 1064 521 solere
1126 470 1279 520 Varro
1341 471 1509 523 refert.
1595 470 1934 537 Regnantibus

242 562 393 612 porro
427 548 613 597 octavis
644 546 862 613 regibus,
893 546 1188 595 Armamitre
1220 545 1550 612 Assyriorum,
1591 545 1936 611 Sicyoniorum

241 621 494 687 Leucippo
552 627 601 670 et
650 623 811 686 primo
863 619 1158 685 Argivorum
1203 618 1383 668 Inacho
1434 618 1566 669 Deus
1616 619 1813 669 locutus
1860 626 1937 669 est

242 695 302 745 ad
341 695 477 745 Isaac
517 701 663 760 atque
711 696 807 760 ipsi
846 709 1044 760 quoque
1084 694 1277 760 eadem,
1329 708 1453 758 quae
1491 695 1622 759 patri
1659 695 1790 761 eiuS,
1837 693 1935 743 duo

241 769 323 819 illa
369 771 622 835 promisit,
674 769 851 818 semini
897 768 1087 818 scilicet
1134 770 1242 818 eius
1287 773 1472 816 terram
1520 766 1749 817 Chanaan
1796 774 1846 817 et
1883 769 1935 816 in

244 845 351 893 eius
413 844 601 892 semine
664 842 1063 892 benedictionem
1125 848 1426 891 cunctarum·
1478 843 1714 906 gentium.
1805 840 1936 891 Haec

242 919 349 982 ipsa
394 918 639 982 promissa
684 922 802 966 sunt
849 917 997 966 etiam
1042 915 1142 965 filio
1182 917 1313 982 eiUS,
1351 917 1522 980 nepoti
1559 914 1804 983 Abrahae,
1852 917 1938 980 qui

244 998 319 1040 est
358 990 632 1056 appellatus
671 992 832 1056 primo
873 989 1043 1056 Iacob,
1079 997 1193 1055 post
1232 989 1400 1057 Israel,
1439 1004 1554 1040 cum
1591 991 1690 1039 iam
1727 989 1937 1039 Beloous

243 1080 331 1114 rex
378 1080 541 1115 nonus
590 1061 815 1130 Assyriae
865 1070 915 1114 et
960 1064 1252 1114 Phoroneus
1298 1063 1467 1114 Inachi
1512 1063 1642 1114 filius
1689 1064 1937 1114 secundus

244 1146 479 1203 regnaret
516 1138 734 1206 ArgiviS,
788 1137 1040 1204 Leucippo
1081 1138 1240 1188 adhuc
1281 1138 1411 1204 apud
1451 1138 1707 1204 Sicyonios
1746 1153 1936 1203 perma-

244 1219 409 1263 nente.
486 1212 575 1262 His
630 1212 940 1278 temporibus
995 1211 1198 1262 Graecia
1254 1211 1346 1262 sub
1397 1212 1659 1262 Phoroneo
1710 1212 1936 1278 Argolico

244 1302 362 1351 rege
400 1286 565 1352 legum
605 1293 655 1336 et
692 1286 992 1336 iudiciorum
1031 1286 1328 1351 quibusdam
1367 1286 1545 1335 clarior
1583 1287 1711 1335 facta
1750 1293 1827 1336 est
1863 1288 1937 1335 in·

245 1362 449 1411 stitutis.
541 1360 771 1426 Phegous
830 1367 996 1410 tamen
1057 1360 1211 1410 frater
1264 1360 1413 1410 huius
1467 1360 1718 1410 Phoronei
1771 1362 1938 1410 iunior

247 1449 361 1484 cum
402 1442 534 1484 esset
573 1442 815 1501 mortuuS,
855 1434 915 1483 ad
956 1435 1062 1484 eius
1103 1434 1389 1500 sepulcrum
1427 1434 1668 1500 templum
1707 1441 1783 1484 est
1823 1450 1937 1484 con-

245 1510 504 1575 stitutum,
558 1510 611 1558 in
673 1523 770 1573 quo
834 1507 1083 1559 coleretur
1145 1515 1200 1558 ut
1255 1507 1387 1558 Deus
1443 1515 1492 1558 et
1545 1510 1591 1558 ei
1645 1507 1795 1558 boves
1849 1510 1938 1557 im-

245 1582 564 1632 molarentur.
643 1581 802 1632 Credo
849 1582 1037 1632 honore
1084 1589 1220 1632 tanto
1272 1582 1383 1631 ideo
1435 1582 1640 1647 dignum
1685 1588 1940 1648 putarunt,

247 1658 362 1721 quia
408 1658 460 1705 in
499 1658 642 1721 regni
679 1658 757 1706 sui
795 1663 934 1721 parte
987 1652 1155 1723 (pater
1195 1658 1376 1722 quippe
1416 1656 1524 1706 loca
1563 1655 1802 1706 ambobus
1841 1657 1937 1706 dis-

244 1729 513 1798 tribuerat,
565 1732 616 1779 in
671 1730 854 1795 quibus
910 1745 968 1779 eo
1019 1732 1212 1780 vivente
1272 1725 1563 1798 regnarent)
1615 1732 1708 1780 iste
1764 1730 1940 1780 sacella

247 1805 573 1854 constituerat
621 1804 681 1853 ad
721 1804 954 1854 colendos
1002 1805 1121 1854 deos
1162 1810 1211 1854 et
1249 1804 1487 1854 docuerat
1526 1803 1779 1854 observari
1815 1811 1938 1854 tem-

245 1893 367 1943 pora
422 1893 513 1943 per
574 1893 771 1928 menses
837 1885 984 1943 atque
1048 1893 1228 1944 annoS,
1290 1878 1410 1943 quid
1467 1894 1640 1928 eorum
1695 1885 1940 1943 quatenus

248 1953 547 2002 metirentur
587 1959 734 2017 atque
767 1959 1102 2002 numerarent.
1178 1952 1311 2002 Haec
1350 1955 1403 2001 in
1443 1968 1500 2002 eo
1541 1967 1664 2001 nova
1703 1955 1940 2002 mirantes

249 2025 400 2074 rudes
439 2025 598 2075 adhuc
638 2026 863 2075 homines
903 2033 1062 2076 morte
1103 2026 1236 2075 obita
1275 2025 1423 2075 deum
1464 2041 1573 2075 esse
1613 2026 1798 2075 factum
1837 2028 1938 2075 sive

248 2100 434 2163 opinati
464 2106 582 2149 sunt
615 2101 715 2148 sive
748 2099 1026 2149 voluerunt,
1102 2099 1225 2148 Nam
1265 2105 1314 2148 et
1352 2099 1404 2148 Io
1443 2099 1541 2148 filia
1579 2099 1747 2149 Inachi
1785 2100 1937 2150 fuisse

247 2171 553 2239 perhibetur,
595 2187 719 2236 quae
750 2181 922 2237 postea
961 2172 1052 2222 Isis
1093 2172 1333 2238 appellata
1371 2179 1426 2222 ut
1466 2188 1639 2238 magna
1678 2173 1770 2222 dea
1809 2174 1942 2224 culta

248 2252 326 2295 est
374 2247 425 2294 in
472 2246 713 2312 Aegypto;
764 2248 985 2310 quamvis
1033 2246 1114 2297 alii
1170 2246 1388 2296 scribant
1437 2262 1545 2296 eam
1585 2263 1642 2296 ex
1683 2247 1942 2313 Aethiopia

247 2321 301 2369 in
340 2319 616 2385 Aegyptum
655 2321 848 2369 venisse
896 2321 1140 2386 reginam,
1188 2327 1237 2369 et
1277 2320 1409 2385 quod
1447 2320 1543 2370 late
1582 2323 1810 2387 iusteque
1849 2323 1938 2371 im·
1984 2372 1992 2382 ,

249 2395 498 2458 peraverit
548 2395 718 2458 eisque
773 2393 926 2450 multa
988 2394 1243 2443 commoda
1299 2401 1348 2444 et
1407 2395 1596 2445 litteras
1651 2397 1940 2462 instituerit,

248 2467 382 2517 hunc
433 2467 674 2517 honorem
726 2467 798 2517 illi
850 2466 1073 2517 habitum
1120 2483 1228 2518 esse
1277 2468 1520 2536 divinum,
1572 2475 1744 2534 postea
1792 2484 1939 2534 quam

249 2541 318 2590 ibi
366 2549 560 2591 mortua
608 2548 710 2609 est,
761 2547 811 2591 et
858 2547 1050 2591 tantum
1088 2542 1353 2607 honorem,
1404 2550 1459 2592 ut
1499 2542 1694 2608 capitali
1732 2544 1937 2592 crimine

250 2630 367 2681 reus
407 2616 563 2682 fieret,
603 2617 646 2664 si
685 2616 796 2680 quis
836 2630 944 2665 eam
984 2616 1135 2666 fuisse
1171 2610 1426 2666 ‘hominem
1466 2617 1667 2667 diceret.

372 2774 426 2814 12
460 2771 661 2827 assyrIae
693 2771 812 2826 RA‚·
843 2771 1043 2830 Assyriis
1075 2787 1100 2817 z·
