2004 3140
513 178 579 210 DE
604 177 844 211 οΙἮΤΑΤΕ
868 179 957 211 DEI
980 179 1021 211 L.
1047 180 1191 212 xvm.
1217 180 1253 213 o.
1278 182 1332 214 35.
1667 170 1773 223 309

95 295 375 342 custodient
425 293 686 341 scientiam
741 297 790 340 et
841 293 998 352 leyem
1051 295 1310 353 inquirent
1370 309 1435 343 ex
1498 309 1587 344 ore
1640 299 1748 346 eius
1758 316 1776 355 ;

93 369 330 424 quoniam
376 367 585 426 anqelus
632 365 838 414 Domini
880 368 1227 427 omnipotentis
1274 374 1358 417 est.
1444 367 1544 417 Nec
1596 371 1773 419 miran-

94 438 210 486 dum
265 445 362 504 est,
416 440 527 503 quia
576 437 767 487 Domini
825 440 1175 504 omnipotentis
1234 441 1434 505 angelus
1486 442 1646 492 dictus
1699 451 1775 493 est

94 511 320 562 Christus
352 511 503 561 Iesus.
584 511 722 561 Sicut
753 514 884 561 enim
926 528 1098 562 servus
1138 521 1342 578 propter
1382 515 1588 565 formam
1630 520 1773 583 servi,

88 588 139 635 in
179 601 274 651 qua
312 588 446 635 venit
485 586 542 634 ad
583 585 822 652 homines,
848 588 930 639 sic
970 587 1172 651 angelus
1210 595 1415 652 propter
1455 591 1774 656 evangelium,
1808 600 1833 640 5

89 659 219 725 quod
271 661 512 710 nuntiavit
557 659 853 709 hominibus.
931 659 1052 709 Nam
1093 662 1135 709 si
1175 659 1358 710 Graeca
1397 663 1492 711 ista
1530 665 1772 729 interpre-

88 742 274 800 temur,
324 742 373 783 et
413 733 717 799 evangelium
756 733 884 783 bona
922 736 1164 783 nuntiatio
1205 742 1281 785 est
1321 742 1369 785 et
1408 736 1610 801 angelus
1651 754 1773 788 nun-

87 809 199 857 tiuS.
276 807 344 857 De
377 810 485 873 ipso
519 809 700 873 quippe
741 809 922 857 iterum
954 807 1095 858 dicit:
1134 809 1272 859 Ecce
1309 813 1501 859 mittam
1541 815 1775 873 anqelum

86 896 268 943 meum,
318 889 367 932 et
406 884 685 945 prospiciet
729 885 860 931 viam
908 888 1027 932 ante
1060 881 1250 944 faciem
1289 899 1448 933 meam
1459 903 1478 943 ;
1526 890 1575 941 et
1611 887 1773 936 subito

89 958 252 1006 veniet
288 959 341 1006 in
374 959 605 1020 templum
643 971 788 1006 suum
821 957 1076 1017 Dominus,
1118 972 1262 1018 quem
1301 972 1385 1007 vos
1424 962 1685 1021 quaeritis,
1725 966 1774 1009 et
1806 970 1860 1010 10

87 1033 297 1091 anqelus
343 1033 643 1091 testamenti,
691 1045 835 1092 quem
882 1045 966 1080 vos
1014 1033 1172 1080 vultis.
1259 1032 1396 1081 Ecce
1441 1036 1595 1094 venit,
1649 1036 1775 1083 dicit

88 1105 330 1154 Dominus
387 1107 692 1167 omnipotens
700 1122 720 1162 ,·
781 1110 831 1153 et
883 1107 995 1166 quis
1048 1107 1311 1154 sustinebit
1358 1108 1488 1155 diem
1537 1109 1773 1157 introitus

88 1179 227 1227 eius?
282 1184 373 1227 aut
420 1181 532 1239 quis
581 1180 781 1228 resistet
827 1181 877 1227 in
928 1184 1136 1239 aspectu
1189 1181 1332 1228 eius?
1407 1178 1512 1228 Hoc
1564 1180 1671 1229 loco
1725 1188 1774 1229 et

52 1309 56 1313 .
87 1253 300 1316 primum
337 1256 386 1301 et
417 1251 691 1301 secundum
724 1250 906 1300 Christi
945 1253 1309 1316 praenuntiavit
1348 1253 1634 1319 adventum3
1674 1256 1771 1319 pri-

86 1340 222 1373 mum
269 1324 478 1391 scilicet,
533 1325 592 1374 de
641 1341 738 1390 quo
787 1327 875 1375 ait:
938 1326 1005 1374 Et
1041 1327 1204 1375 subito
1244 1330 1411 1376 veniet
1449 1329 1500 1376 in
1540 1330 1772 1390 templum
1808 1337 1860 1377 15

85 1413 243 1459 suum,
283 1398 333 1448 id
373 1405 448 1449 est
486 1401 538 1448 in
578 1414 778 1448 carnem
817 1414 970 1466 suam,
1011 1399 1070 1448 de
1112 1414 1206 1464 qua
1245 1399 1368 1449 dixit
1407 1402 1458 1450 in
1500 1400 1773 1466 evangelio:

86 1473 270 1523 Solvite
316 1477 548 1536 templum
594 1475 714 1539 boc,
762 1479 812 1523 et
849 1476 902 1522 in
943 1475 1113 1522 triduo
1153 1476 1466 1524 resuscitabo
1507 1477 1659 1533 illud;
1699 1490 1772 1524 se-

86 1546 303 1596 cundum
342 1563 480 1614 vem,
527 1546 614 1596 ubi
661 1549 748 1597 ait:
797 1548 932 1597 Ecce
971 1550 1124 1608 venit,
1172 1549 1299 1611 dicit
1336 1549 1579 1598 Dominus
1618 1552 1771 1598 omni-

17 1619 30 1634 ‘
80 1626 278 1683 potens,
326 1627 375 1671 et
419 1624 532 1682 quis
577 1623 842 1671 sustinebit
887 1623 1017 1670 diem
1066 1623 1302 1671 introitus
1342 1625 1483 1672 eius?
1533 1628 1625 1672 aut
1662 1625 1774 1684 quis

86 1697 286 1744 resistet
331 1698 383 1744 in
431 1701 638 1758 aspectu
688 1697 830 1744 eius?
918 1694 1059 1753 Quod
1108 1702 1271 1744 autem
1320 1696 1460 1745 dicit:
1515 1697 1772 1756 DominuS,
1806 1706 1862 1746 20

86 1783 230 1830 quem
270 1783 354 1818 vos
391 1772 652 1835 quaeritis,
693 1775 741 1818 et
774 1772 985 1830 anbelus
1024 1773 1320 1831 testamenti,
1361 1785 1506 1831 quem
1546 1785 1632 1820 vos
1670 1774 1772 1820 vul-

86 1845 163 1903 tis,
204 1843 494 1907 significavit
525 1844 697 1906 utique
738 1844 884 1892 etiam
924 1842 1130 1892 Iudaeos
1171 1843 1446 1892 secundum
1485 1845 1772 1910 scripturaS,

87 1931 207 1980 quas
233 1915 417 1983 legunt,
450 1915 699 1965 Christum
733 1931 973 1981 quaerere
1006 1923 1055 1965 et.
1087 1916 1224 1965 velle.
1283 1917 1378 1966 Sed
1412 1917 1553 1966 multi
1586 1932 1773 1984 eorum,

87 2003 234 2054 quem
281 1991 601 2054 quaesierunt
649 1998 698 2039 et
745 1989 1030 2056 voluerunt,
1083 1992 1274 2039 venisse
1315 2006 1413 2040 nou
1454 1998 1774 2058 agnoverunt,

88 2065 349 2113 excaecati.
388 2065 438 2112 in
495 2063 726 2114 cordibus
783 2065 885 2113 suis
939 2063 1353 2128 praecedentibus
1410 2066 1599 2114 meritis
1656 2067 1772 2114 suis.
1807 2074 1862 2115 25

91 2135 233 2194 Quod
282 2152 398 2186 sane
438 2137 517 2186 hic
558 2140 778 2187 nominat
816 2144 1189 2205 testamentum,
1230 2138 1306 2187 vel
1346 2154 1522 2205 supra,
1561 2138 1647 2188 ubi
1686 2140 1773 2188 ait:

92 2210 454 2260 Testamentum
492 2226 654 2261 meum
693 2217 808 2261 erat
845 2226 960 2261 cum
998 2226 1077 2272 e0,
1117 2211 1192 2260 vel
1230 2212 1334 2278 hic,
1375 2212 1459 2262 ubi
1500 2227 1612 2261 eum
1653 2212 1774 2261 dixit

87 2284 311 2348 angelum
335 2287 632 2351 testamenti,
663 2300 843 2334 novum
868 2285 1043 2350 procul
1068 2284 1217 2334 dubio
1250 2292 1600 2335 testamentum
1625 2285 1771 2335 debe-

87 2372 196 2407 mus
235 2360 482 2425 accipere‚
521 2358 607 2408 ubi
646 2361 970 2425 sempiterna,
1010 2373 1108 2408 non
1149 2366 1315 2425 vetuS‚
1362 2359 1448 2409 ubi
1488 2359 1772 2424 temporalia

87 2438 201 2481 sunt
223 2433 486 2498 promissa3
511 2448 635 2497 quae
667 2449 757 2498 pro
786 2447 961 2497 magno
987 2431 1224 2482 habentes
1263 2433 1464 2498 plurimi
1502 2433 1684 2482 infirmi
1725 2440 1772 2481 et
1805 2443 1861 2482 30

88 2502 186 2552 Deo
218 2520 336 2553 vero
369 2505 539 2554 talium
572 2521 742 2555 rerum
784 2506 1012 2555 mercede
1048 2507 1334 2573 servienteS,
1374 2506 1567 2570 quando
1607 2505 1774 2555 vident

90 2577 161 2625 eis
199 2579 376 2642 impios
408 2578 674 2645 abundare,
713 2578 991 2629 turbantur.
1068 2578 1280 2643 Propter
1321 2579 1450 2643 quod
1491 2579 1620 2627 idem
1660 2594 1771 2643 pro-

205 2691 250 2744 2)
281 2690 390 2734 Mal.
424 2695 464 2746 2,
497 2695 523 2734 5
557 2705 653 2746 sqq.
721 2693 792 2747 13)
826 2691 890 2735 Ib.
925 2697 966 2747 3,
1001 2696 1022 2734 1
1059 2706 1126 2746 sq.
1191 2693 1262 2746 17)
1294 2692 1358 2736 10.
1392 2696 1433 2745 2,
1467 2695 1534 2735 19.

139 2854 231 2949 ‘tt2
265 2851 435 2908 omnip.
468 2850 556 2894 Dei
586 2865 612 2896 v
657 2854 672 2908 ΙΙ
721 2857 745 2895 5
779 2853 844 2897 sic
876 2852 994 2906 BA,
1034 2851 1097 2895 sic
1131 2853 1178 2895 et
1211 2865 1236 2895 v
1275 2853 1290 2907 ΙΙ
1330 2855 1355 2894 8
1387 2851 1571 2895 mittam
1605 2851 1770 2909 RAey‚·

88 2919 151 2948 m1
196 2921 222 2950 o
254 2921 278 2951 v
