2004 3140
196 147 306 198 412
864 157 898 190 S.
921 156 1198 192 Ancnsmm

201 274 333 321 dicio
385 285 499 320 cum
546 272 878 332 qeneratione
929 273 1024 319 ista
1077 276 1127 319 et
1175 271 1529 320 condemnabit
1575 283 1714 328 eum;
1763 271 1888 330 quia

200 348 335 394 venit
380 361 412 393 a
453 346 641 404 finibus
690 350 862 393 terrae
909 346 1095 394 audire
1143 347 1443 407 sapientium
1483 345 1789 404 Scdomonz'S,
1837 349 1890 393 et

202 434 321 468 ecce
360 421 476 481 plus
527 433 677 480 quam
718 418 954 467 Salomon
993 420 1090 468 hic.
1168 417 1297 467 Duas
1337 433 1419 467 res
1458 417 1551 466 hoc
1591 417 1698 466 loco
1739 416 1882 466 disei-

201 507 311 541 mus
323 532 336 558 ‚
377 499 426 541 et
465 500 728 541 venturum
770 507 878 540 esse
918 491 1154 541 iudicium
1204 499 1252 541 et
1306 507 1419 541 cum
1458 498 1770 540 mortuorum
1808 505 1885 539 re-

143 575 168 616 5
202 568 511 615 surrectione
543 573 822 614 venturum.
885 564 954 614 De
987 565 1226 621 Ninevitis
1267 567 1396 615 enim
1437 572 1486 615 et
1523 567 1693 630 regina
1717 564 1887 613 Austri

204 639 398 704 quando
447 643 540 689 ista
592 638 807 706 dicebat,
858 639 917 688 de
969 642 1179 689 mortuis
1227 642 1332 688 sine
1380 638 1529 688 dubio
1575 637 1887 703 loquebatur,

203 729 328 777 quos
361 721 523 763 tamen
555 715 606 762 in
640 714 716 762 die
749 712 919 762 iudicii
961 721 1276 763 surrecturos
1318 728 1426 762 esse
1464 712 1721 778 praedixit.
1781 711 1886 760 Nec

201 786 313 836 ideo
368 788 510 837 dixit:
570 783 1082 854 ,‚Condemnabunt“‚
1129 789 1243 852 quia
1290 789 1383 852 ipsi
1430 785 1742 851 iudicabunt3
1797 784 1885 834 sed

202 863 316 925 quia
356 863 675 926 ex-ipsorum
716 863 1079 926 comparatione
1119 863 1203 911 isti
1240 863 1418 910 merito
1458 859 1834 909 damnabuntur.

115 945 170 986 10
350 934 543 984 Rursus
581 934 673 983 alio
705 934 828 1000 loeo,
868 950 982 984 cum
1021 935 1081 984 de
1121 935 1377 985 hominum
1416 933 1660 983 honorum
1700 940 1749 982 et
1787 947 1886 981 ma-

198 1009 362 1058 lorum
401 1024 533 1058 nunc
571 1010 923 1076 permixtione,
968 1016 1140 1074 postea
1179 1011 1510 1075 separatione,
1551 1023 1675 1073 quae
1714 1009 1890 1072 utique

201 1083 278 1132 die
317 1082 488 1133 iudicii
527 1083 693 1132 sutura
745 1090 840 1149 est,
887 1083 1203 1151 loqueretur,
1253 1082 1475 1132 adhibuit
1515 1081 1884 1132 similitudinem

201 1157 260 1206 de
293 1158 459 1206 tritico
491 1159 731 1206 seminato
766 1163 815 1206 et
846 1159 1252 1222 superseminatis
1285 1158 1496 1223 zizaniiS‚
1536 1171 1742 1220 eamque
1783 1157 1886 1204 suis

202 1245 453 1296 exponens
500 1230 775 1296 discipulis:
831 1232 931 1290 Qua·
971 1235 1207 1294 seminat,
1255 1233 1437 1296 inquit,
1485 1233 1665 1280 bonum
1704 1244 1895 1291 semen,

114 1314 168 1354 15
202 1311 275 1354 est
307 1307 445 1364 filius
484 1306 724 1362 hominm
770 1320 898 1366 ayer
937 1313 1104 1355 autem
1143 1312 1218 1355 est
1255 1307 1498 1363 mundus;
1549 1306 1730 1354 bonum
1769 1317 1888 1353 vero

201 1393 367 1428 semen
414 1380 469 1427 lu·
513 1385 630 1427 sunt
669 1381 770 1438 filu·
814 1382 990 1440 reone]
1037 1382 1251 1428 zizania
1300 1386 1467 1428 autem
1509 1380 1611 1438 filu·
1646 1383 1763 1427 sunt
1800 1393 1884 1426 ne-

202 1467 383 1513 quam;
430 1454 663 1501 inimicus
711 1458 898 1513 autem,
947 1456 1036 1513 qui
1078 1455 1343 1502 seminavit
1382 1468 1464 1514 eu,
1517 1459 1590 1502 est
1629 1452 1890 1508 diabolus;

202 1529 373 1575 messis
405 1540 524 1575 vero
557 1528 918 1575 consummatio
948 1530 1147 1576 saeculi
1183 1533 1268 1588 est,
1308 1541 1551 1576 messores
1592 1531 1758 1575 autem
1799 1540 1887 1573 an-

199 1602 305 1661 qeli
348 1605 477 1648 sunt.
555 1600 702 1648 Sicut
746 1614 869 1661 erqo
922 1603 1231 1661 colliquntur
1270 1603 1484 1649 zizania
1524 1605 1574 1649 et
1612 1602 1722 1660 ἔφη·
1758 1613 1903 1663 εοφηχ

113 1683 169 1723 20
203 1675 481 1722 buruntur:
513 1676 586 1722 sic
619 1676 719 1723 erit
751 1676 802 1722 in
834 1677 1260 1723 consummatione
1289 1676 1496 1723 saeculi.
1559 1673 1727 1722 Mutet
1750 1675 1890 1732 filius

202 1749 415 1796 hominis
463 1749 670 1808 onyelos
716 1762 856 1808 su03,
904 1753 954 1797 et
991 1750 1234 1809 colliyunt
1273 1749 1335 1797 de
1374 1762 1533 1809 reqno
1573 1750 1680 1796 eius
1720 1749 1888 1795 omniu

204 1822 453 1870 scandala
494 1826 542 1869 et
580 1835 683 1883 e03,
732 1824 821 1882 qui
852 1821 1058 1882 faciunt
1096 1824 1433 1884 iniquitatem,
1481 1827 1530 1870 et
1568 1823 1769 1869 mittunt
1806 1834 1888 1868 eos

205 1898 254 1943 in
311 1897 564 1944 caminum
620 1897 780 1956 ἐμπίῃ
831 1896 903 1944 ibe·
955 1899 1056 1944 erit
1100 1897 1251 1956 fletus
1307 1901 1356 1945 et
1406 1897 1599 1945 stridor
1652 1896 1895 1944 dentium.

209 1967 348 2017 Tunc
395 1970 518 2017 iusti
559 1967 831 2029 fulyebunt
876 1971 1011 2018 sicut
1058 1972 1136 2018 sol
1183 1972 1233 2018 in
1281 1983 1439 2030 reqno
1477 1971 1647 2031 patris
1701 1982 1887 2017 eorum.
1937 2030 1939 2033 v

114 2051 170 2091 25
211 2043 310 2101 Qui
338 2043 490 2091 habet
521 2057 689 2108 aura,
729 2044 921 2092 audiat.
998 2042 1089 2091 Hic
1128 2043 1366 2092 iudicium
1407 2042 1604 2107 quidem
1645 2040 1720 2098 vel
1758 2039 1889 2088 diem

201 2114 371 2164 iudicii
409 2130 508 2163 non
548 2118 844 2181 nominavit,
885 2115 970 2164 sed
1013 2131 1125 2165 eum
1164 2116 1319 2166 multo
1360 2116 1539 2165 clarius
1578 2116 1699 2180 ipsis
1737 2113 1895 2163 rebus

203 2189 446 2252 expressit
486 2195 535 2236 et
573 2190 624 2236 in
664 2189 759 2237 fine
801 2189 984 2238 saeculi
1023 2190 1246 2238 futurum
1286 2205 1395 2239 esse
1434 2189 1690 2254 praedixit.

350 2260 472 2309 Item
513 2261 769 2326 discipulis
809 2264 934 2311 suis:
973 2263 1151 2323 Amen,
1192 2265 1368 2328 inquit,
1409 2265 1522 2312 dico
1563 2263 1712 2323 vobis,
1753 2262 1891 2322 quod

205 2349 302 2395 vos,
351 2337 441 2395 qui
480 2338 645 2384 secuti
690 2338 806 2384 estis
852 2350 942 2396 me,
993 2339 1043 2385 in
1090 2338 1490 2397 reyeneratz‘one,
1539 2350 1652 2384 cum
1698 2336 1891 2383 sederit

112 2420 169 2459 30
198 2411 337 2469 filius
384 2410 597 2458 hominis
645 2412 695 2457 in
742 2411 860 2458 sede
905 2412 1182 2458 maiestatis
1231 2425 1382 2471 suae,
1436 2410 1672 2459 sedebitis
1718 2414 1768 2458 et
1804 2422 1891 2456 vos

200 2497 355 2545 super
393 2483 535 2531 sedes
576 2484 839 2532 duodecim
880 2485 1163 2532 iudicantes
1203 2485 1467 2533 duodecim
1507 2485 1668 2532 tribus
1709 2482 1890 2531 Israel.
1967 2507 1979 2514 =

321 2612 366 2663 3)
397 2609 479 2652 Mt.
516 2614 584 2664 12,
617 2615 670 2652 41
707 2624 773 2664 sq.
837 2612 910 2666 25)
943 2609 1008 2655 Ib.
1043 2615 1113 2664 13,
1147 2615 1203 2654 37
1236 2625 1332 2666 sqq.
1397 2612 1472 2666 31)
1505 2610 1569 2654 Ib.
1607 2614 1675 2665 19,
1708 2613 1777 2654 28.

323 2775 346 2814 7
380 2785 491 2815 surr.
526 2769 640 2823 RL,·
678 2784 841 2815 resurr.
875 2771 947 2815 Ao
987 2773 1002 2828 ΙΙ
1042 2777 1093 2815 21
1128 2785 1190 2828 sq.
1224 2772 1451 2829 colligunt
1482 2809 1492 2819 ,
1527 2807 1536 2815 .
1569 2770 1765 2814 mittunt,
1795 2769 1887 2812 ΕΑ

201 2833 253 2872 ut
287 2829 441 2874 Palat.
484 2829 674 2873 Vindob.
707 2831 804 2882 (sed
828 2831 884 2883 cf.
910 2834 1021 2884 428,
1045 2834 1149 2886 13),·
1182 2831 1406 2887 colligent
1437 2866 1446 2875 .
1483 2866 1491 2874 .
1523 2830 1715 2873 mittent
1742 2842 1769 2872 v
1792 2830 1807 2884 ΙΙ
1831 2832 1886 2871 25

201 2900 334 2930 aures
366 2887 458 2930 ΒΑ
489 2890 660 2944 (proyr.
685 2902 736 2944 p.
769 2889 871 2945 13),·
905 2903 1036 2934 aures
1068 2889 1286 2933 audiendi
1317 2904 1342 2934 v
