2054 3152
615 163 681 195 nn
705 160 945 196 cxvrrA'rE
969 162 1057 194 nm
1080 163 1123 196 L.
1150 163 1232 196 XV.
1256 162 1294 197 c.
1319 164 1350 196 9.
1755 151 1823 204 75

286 276 384 323 Vix
420 276 565 323 illum
604 267 814 341 (inquit)
856 275 975 323 lecti
1011 275 1088 324 bis
1129 290 1216 323 sex
1254 276 1443 324 cervice
1484 276 1726 337 subirent,

287 348 465 406 Qualia
502 364 632 397 nunc
670 348 927 397 hominum
965 349 1196 410 producit
1235 364 1442 411 corpora,
1480 350 1649 414 tellus,

138 451 419 515 significans
465 452 650 499 maiora
706 457 824 499 tunc
886 465 1093 514 corpora
1146 451 1423 514 producere
1475 451 1634 501 solere
1686 451 1827 501 tellu-

138 540 258 573 rem.
322 524 514 582 Quanto
550 525 704 589 magis
737 525 888 588 igitur
920 523 1227 588 temporibus
1259 524 1621 574 recentioribus
1654 525 1827 574 mundi

136 604 248 647 ante
303 597 424 646 illud
479 597 641 646 nobile
690 597 1088 661 diffamatumque
1137 596 1394 646 diluvium!
1460 597 1555 646 Sed
1604 599 1663 647 de
1720 614 1827 647 cor-
1861 608 1888 646 5

136 686 315 736 porum
384 671 718 735 magnitudine
787 670 1080 735 plerumque
1151 670 1434 720 incredulos
1496 672 1677 721 nudata
1738 687 1828 736 per

136 750 433 794 vetustatem
473 747 572 794 sive
620 759 711 810 per
749 746 846 792 vim
884 744 1143 793 fluminum
1183 746 1441 808 variosque
1483 760 1626 794 casus
1667 744 1827 810 sepul-

137 833 221 867 cra
260 820 580 884 convincunt,
633 817 719 867 ubi
759 825 1095 883 apparuerunt
1142 818 1218 867 vel
1256 818 1387 868 unde
1429 819 1718 867 ceciderunt
1755 820 1827 866 in-

137 891 387 940 credibilis
435 891 783 959 magnitudinis
834 906 944 940 ossa
999 898 1325 941 mortuorum.
1415 891 1521 941 Vidi
1571 894 1675 957 ipse
1729 907 1829 940 non

136 964 287 1031 solus,
327 965 412 1014 sed
446 965 632 1030 aliquot
663 980 856 1014 mecum
889 967 940 1014 in
971 964 1192 1014 Uticensi
1222 965 1364 1015 litore
1396 965 1632 1014 molarem
1670 965 1824 1014 homi·
1861 975 1916 1015 10

136 1040 214 1087 nis
238 1039 437 1088 dentem
462 1046 560 1088 tam
584 1041 849 1104 ingentem,
874 1046 944 1105 ut,
968 1040 1010 1087 si
1034 1041 1085 1087 in
1103 1045 1389 1088 nostrorum
1406 1039 1628 1088 dentium
1653 1039 1824 1088 modu·

135 1111 210 1160 los
243 1114 522 1162 minutatim
552 1112 913 1178 concideretur,
953 1119 1151 1161 centum
1193 1112 1334 1161 nobis
1373 1113 1625 1162 videretur
1664 1113 1826 1161 facere

136 1187 373 1250 potuisse.
452 1185 549 1235 Sed
596 1185 734 1235 illum
781 1187 990 1250 gigantis
1046 1185 1252 1235 alicuius
1307 1187 1460 1234 fuisse
1515 1186 1825 1235 crediderim.

138 1259 262 1308 Nam
315 1266 513 1324 praeter
567 1259 699 1324 quod
762 1266 903 1308 erant
964 1260 1186 1308 omnium
1238 1259 1392 1308 multo
1457 1274 1602 1323 quam
1656 1266 1825 1308 nostra

137 1335 322 1382 maiora
352 1340 471 1383 tunc
505 1348 728 1398 corpora,
767 1335 988 1398 gigantes
1019 1332 1163 1397 longe
1197 1335 1377 1381 ceteris
1418 1332 1689 1399 anteibant3
1731 1334 1822 1382 sic·
1862 1342 1916 1381 15

139 1413 192 1456 ut
243 1406 348 1456 aliis
399 1407 575 1456 deinde
625 1408 907 1472 nostrisque
964 1406 1271 1471 temporibus
1310 1422 1422 1455 rara
1461 1406 1681 1472 quidem,
1738 1406 1824 1455 sed

136 1496 406 1545 numquam
430 1481 584 1530 ferme
618 1481 899 1547 defuerunt,
932 1495 1054 1544 quae
1088 1480 1288 1530 modum
1321 1480 1530 1530 aliorum
1560 1480 1830 1545 plurimum

138 1554 450 1604 excederent.
527 1554 717 1604 Plinius
759 1554 1042 1620 SecundUS,
1082 1554 1397 1604 doctissimus
1436 1554 1604 1615 home,
1646 1560 1828 1618 quanto

140 1630 294 1693 magis
341 1630 596 1693 magisque
643 1631 881 1694 praeterit
935 1628 1119 1677 saeculi
1165 1643 1428 1693 excursuS,
1483 1630 1672 1677 minora
1721 1643 1828 1676 cor-

137 1717 258 1766 pora
297 1708 523 1751 naturam
569 1703 700 1751 ferre
750 1709 982 1767 testatur3
1030 1702 1163 1765 quod
1203 1703 1349 1751 etiam
1388 1701 1659 1750 Homerum
1698 1715 1828 1750 com-
1863 1711 1919 1750 20

137 1781 379 1824 memorat
411 1790 556 1840 saepe
589 1777 804 1824 carmine
838 1776 990 1824 fuisse
1024 1781 1366 1840 conquestum,
1406 1790 1505 1823 non
1536 1775 1657 1823 haec
1696 1774 1830 1823 velut

142 1849 336 1913 poetica
382 1849 612 1912 figmenta
659 1848 912 1914 deridenS,
960 1847 1047 1897 sed
1093 1850 1144 1896 in
1191 1848 1476 1897 historicam
1523 1848 1670 1896 fidem
1708 1854 1828 1896 tam-

139 1937 288 1986 quam
319 1922 670 1972 miraculorum
703 1922 1000 1972 naturalium
1041 1923 1254 1986 scriptor
1293 1921 1570 1971 adsumenS.
1631 1919 1829 1986 Verum,

140 2002 198 2045 ut
242 1994 365 2062 dixi,
411 1997 728 2060 antiquorum
777 1995 1138 2060 magnitudines
1187 2010 1454 2060 corporum
1491 1997 1688 2044 inventa
1726 1994 1827 2058 ple-

141 2084 352 2133 rumque
379 2084 503 2135 ossa,
537 2072 767 2134 quoniam
792 2069 1026 2118 diuturna
1059 2075 1189 2134 sunt,
1222 2071 1369 2117 etiam
1402 2068 1555 2118 multo
1586 2069 1826 2133 posterio·
1861 2076 1918 2115 25

139 2141 279 2192 ribus
349 2142 557 2192 saeculis
626 2143 857 2208 produnt.
956 2142 1211 2191 Annorum
1273 2149 1438 2192 autem
1499 2143 1830 2191 numerositas

139 2217 382 2280 cuiusque
422 2216 657 2281 hominiS,
705 2231 829 2281 quae
869 2215 1178 2281 temporibus
1217 2215 1312 2265 illis
1353 2216 1467 2281 fuit,
1508 2215 1655 2264 nullis
1695 2230 1829 2263 nunc

141 2288 322 2338 talibus
369 2289 679 2339 documentis
726 2292 894 2338 venire
940 2291 993 2338 in
1041 2291 1436 2354 experimentum
1474 2295 1651 2354 potest.
1728 2287 1829 2337 Nec

138 2368 306 2412 tamen
329 2362 440 2411 ideo
472 2363 594 2412 fides
625 2378 792 2412 sacrae
825 2363 940 2412 huic
971 2362 1205 2412 historiae
1240 2362 1517 2427 deroganda
1558 2368 1647 2428 est,
1688 2363 1829 2411 cuius

140 2442 277 2485 tanto
330 2436 652 2500 inpudentius
702 2443 897 2484 narrata
945 2451 1045 2485 non
1085 2435 1357 2502 credimuS,
1412 2442 1594 2500 quanto
1633 2434 1828 2499 impleri
1862 2443 1919 2483 30

142 2510 328 2558 certius
359 2512 703 2574 praenuntiata
735 2511 1080 2574 conspicimus.
1157 2509 1286 2559 Dicit
1317 2515 1481 2558 tamen
1514 2510 1660 2557 etiam
1698 2507 1830 2557 idem

141 2581 330 2631 Plinius
378 2598 486 2631 esse
533 2583 691 2632 adhuc
742 2589 963 2648 gentem,
1009 2581 1097 2631 ubi
1147 2582 1387 2632 ducentos
1435 2597 1588 2631 annos
1638 2583 1829 2630 vivitur.

262 2711 307 2764 2)
339 2710 451 2754 Aen.
482 2715 550 2766 12,
583 2714 667 2754 899
693 2724 760 2766 sq.
826 2710 899 2765 18)
930 2708 986 2754 Η.
1005 2708 1062 2753 N.
1099 2713 1138 2762 τ,
1174 2714 1240 2753 16.
1305 2712 1378 2764 32)
1411 2707 1465 2752 H.
1484 2708 1541 2753 N.
1577 2713 1616 2763 7,
1650 2711 1706 2752 48
1723 2708 1829 2764 (49).

263 2891 319 2930 29
350 2885 459 2930 huic
500 2885 614 2930 VFv
644 2889 742 2940 (78,
774 2889 876 2941 15);
907 2885 1043 2930 hujus
1075 2884 1168 2929 ΒΑ
1190 2887 1206 2940 ΙΙ
1229 2883 1502 2941 deneganda
1533 2883 1579 2927 R
