2004 3140
497 158 562 189 DE
588 155 826 189 CIVITATE
851 157 939 188 DEI
963 157 1004 188 L.
1030 157 1171 189 xvm.
1197 156 1234 189 c.
1260 159 1313 190 24.
1340 158 1392 190 25.
1674 145 1779 197 289

100 271 197 320 Sed
230 271 420 320 etiamsi
449 270 725 334 posteriora
758 276 979 333 tempora
1012 269 1129 318 deos
1162 269 1386 318 homiues
1419 276 1641 319 mortuos
1683 285 1781 318 non

98 347 440 409 instituerunt,
487 350 651 392 tamen
699 342 757 392 ab
806 345 1021 407 antiquis
1072 345 1325 393 institutos
1367 343 1528 392 colere
1569 350 1624 392 ut
1663 344 1781 392 deos

99 426 149 467 et
194 418 372 467 habere
420 432 519 466 non
567 417 885 482 destiterunt3
942 419 1060 481 quin
1109 420 1254 466 etiam
1303 417 1603 483 simulacriS,
1656 433 1780 482 quae

98 499 288 541 veteres
321 506 418 540 non
451 490 711 557 habebant,
751 498 994 540 auxerunt
1026 507 1173 540 vanae
1207 498 1352 555 atque
1392 493 1568 556 impiae
1610 507 1781 556 super-

97 567 319 614 stitionis
363 564 690 624 inlecebram,
745 565 792 613 id
841 565 1168 614 efficientibus
1216 565 1466 614 inmundis
1517 567 1567 614 in
1609 581 1782 615 eorum
1814 586 1840 626 5

97 639 244 688 corde
297 638 617 688 daemonibus
665 654 754 703 per
795 638 981 687 fallacia
1020 654 1215 703 quoque
1257 639 1455 688 oracula
1494 639 1780 704 decipienti-

95 711 204 779 bus,
236 720 291 762 ut
315 712 534 762 fabulosa
561 714 706 762 etiam
739 714 944 761 crimina
977 712 1198 779 deorum,
1231 729 1355 777 quae
1387 715 1483 761 iam
1516 713 1781 762 urbaniore

96 786 290 836 saeculo
338 802 437 835 non
483 786 819 853 fingebantur,
874 802 964 851 per
1014 787 1156 836 ludos
1208 794 1370 836 tamen
1419 789 1469 835 in
1510 787 1782 836 eorundem

95 860 330 909 falsorum
364 863 620 910 numinum
655 860 946 925 obsequium
981 863 1194 926 turpiter
1235 868 1514 925 agerentur.
1592 861 1780 926 Regna-

94 936 162 983 vit
202 934 376 983 deinde
417 934 573 983 Numa
614 942 726 999 post
764 935 1043 1002 Romulum,
1084 937 1168 999 qui
1209 951 1321 984 cum
1360 935 1491 983 illam
1532 937 1778 984 civitatem
1817 952 1871 991 10

93 1010 340 1072 putaverit
378 1008 582 1057 deorum
623 1009 845 1073 profecto
887 1008 1122 1058 falsorum
1162 1011 1515 1058 numerositate
1556 1011 1779 1058 munien-

94 1082 220 1149 dam,
259 1084 309 1130 in
343 1082 547 1131 eandem
578 1082 774 1131 turbam
814 1083 993 1131 referri
1034 1090 1259 1132 mortuus
1298 1085 1404 1147 ipse
1446 1098 1544 1131 non
1584 1085 1782 1148 meruit,

94 1163 341 1220 tamquam
396 1158 463 1204 ita
524 1163 724 1220 putatus
785 1159 848 1205 sit
909 1156 1096 1205 caelum
1149 1156 1464 1205 multitudine
1519 1158 1780 1205 numinum

95 1231 421 1295 constipasse,
470 1237 525 1278 ut
570 1229 734 1279 locum
780 1230 848 1278 ibi
900 1232 1121 1295 reperire
1162 1246 1259 1279 non
1301 1237 1484 1295 posset.
1560 1230 1664 1279 Hoc
1705 1245 1780 1278 re-

93 1309 270 1367 gnante
311 1303 492 1352 Romae
542 1310 591 1352 et
630 1303 757 1368 apud
797 1303 1049 1353 Hebraeos
1096 1306 1235 1353 initio
1284 1305 1426 1368 regni
1464 1303 1713 1370 Manasse,
1755 1319 1780 1352 a
1818 1318 1870 1356 15

94 1392 189 1441 quo
239 1379 389 1442 impio
438 1393 553 1442 rege
603 1377 845 1442 propheta
884 1377 1053 1427 Esaias
1094 1377 1385 1443 perhibetur
1425 1379 1644 1444 occis11S,
1699 1378 1780 1426 Sa-

93 1453 238 1499 miam
278 1451 440 1500 fuisse*
472 1450 700 1516 Sibyllam
741 1452 921 1501 ferunt.

737 1610 934 1664 CAPUT
967 1610 1135 1664 XXV.

100 1718 199 1776 Qui
230 1719 520 1780 philosophi
569 1720 847 1768 enituerint
891 1723 1140 1779 reqnante
1179 1720 1322 1780 apud
1358 1719 1613 1768 Romanos
1659 1718 1779 1768 Tar-

92 1794 264 1852 quinio
307 1793 500 1852 Prisco,
542 1794 683 1853 apud
718 1792 978 1841 Hebraeos
1011 1792 1275 1850 Sedeehicc‚
1317 1806 1429 1840 cum
1462 1793 1780 1842 Hierusalem
1816 1804 1870 1843 20

447 1871 599 1927 capta
639 1871 714 1914 est
751 1869 1081 1927 templumque
1117 1867 1425 1914 subversum.

240 1966 491 2031 Regnante
532 1983 648 2017 vero
690 1968 818 2033 apud
858 1967 1109 2017 Hebraeos
1152 1968 1390 2017 Sedechia
1430 1975 1478 2017 et
1517 1970 1646 2034 apud
1687 1969 1780 2018 Ro-

93 2055 262 2089 manos
319 2040 586 2106 Tarquinio
641 2041 812 2091 Prisco
826 2083 840 2109 ,
894 2043 980 2106 qui
1036 2048 1345 2091 successerat
1399 2042 1533 2092 Anco
1584 2043 1782 2109 Marcie,

93 2114 273 2163 ductus
305 2121 405 2163 *est
461 2117 681 2180 captivus
744 2118 792 2165 in
850 2115 1163 2181 Babyloniam
1218 2116 1432 2181 populus
1486 2116 1780 2167 Iudaeorum

94 2202 264 2236 eversa
301 2187 609 2238 Hierusalem
659 2196 708 2239 et
756 2190 939 2255 templo
987 2189 1068 2238 illo
1111 2205 1136 2239 a
1178 2189 1435 2239 Salomone
1477 2198 1780 2241 constructo.
1816 2202 1870 2240 25

92 2260 410 2326 Increpantes
458 2265 589 2313 enim
638 2279 721 2313 eos
766 2263 1037 2329 prophetae
1094 2263 1153 2312 de
1201 2264 1545 2328 iniquitatibus
1597 2271 1646 2314 et
1692 2267 1780 2314 im-

92 2334 357 2399 pietatibus
414 2339 517 2385 suis
574 2337 694 2386 haec
760 2339 830 2386 eis
885 2345 1091 2387 ventura
1145 2338 1517 2404 praedixerant,
1573 2341 1780 2388 maxime

92 2407 364 2458 Hieremias
377 2449 390 2476 ,
446 2413 530 2474 qui
586 2413 731 2460 etiam
785 2427 1049 2460 numerum
1103 2410 1323 2461 definivit
1377 2427 1632 2461 annorum.
1709 2412 1780 2460 Eo

92 2487 314 2547 tempore
353 2483 573 2534 Pittacus
613 2485 934 2550 Mitylenaeus
946 2525 960 2551 ,
1000 2485 1122 2534 alius
1164 2500 1189 2533 e
1232 2491 1422 2550 septem
1462 2485 1780 2550 sapientibuS,

94 2554 246 2604 fuisse
297 2557 603 2621 perhibetur.
680 2558 743 2608 Et
795 2561 1012 2623 quinque
1062 2565 1280 2624 ceterOS‚
1337 2560 1441 2623 qui,
1490 2565 1545 2607 ut
1591 2565 1782 2623 septem
1815 2570 1870 2609 30

94 2636 447 2698 numerentur,
498 2631 714 2698 Thaleti,
767 2648 914 2697 quem
962 2647 1111 2697 supra
1159 2634 1674 2698 commemoravimUS,
1731 2640 1779 2682 et

94 2699 208 2750 huic
239 2702 428 2753 Pittaco
462 2704 725 2772 adduntur,
766 2721 823 2755 eo
856 2713 1079 2771 tempore
1120 2706 1273 2754 fuisse
1316 2704 1488 2755 scribit
1519 2705 1780 2771 EusebiUS,

95 2788 192 2837 quo
248 2779 468 2841 captivus
522 2778 611 2827 Dei
671 2779 885 2845 populus
940 2782 990 2827 in
1044 2778 1310 2843 Babylonia
1366 2779 1641 2829 tenebatur.
1719 2780 1780 2828 Hi

214 2890 285 2943 28)
317 2887 519 2935 Hierem.
553 2895 622 2946 25,
659 2896 725 2936 11.

183 2975 277 3001 Auo.
301 2978 354 3001 m:
379 2977 457 3005 σιν.
484 2980 565 3004 mu.
587 2973 640 3007 ΙΙ.
1372 2971 1423 3009 19
