2004 3140
170 563 194 600 :7¹

143 930 194 969 10

142 1298 195 1337 15

140 2151 195 2190 25

138 2547 196 2586 30

223 129 332 181 524
903 138 936 172 s.
960 138 1233 174 Aueus'mm

225 271 396 305 omnes
438 256 593 304 sancti
625 257 733 304 eius
773 251 1005 302 orabunt!
1070 252 1166 301 Sed
1206 251 1314 318 hoc,
1354 251 1618 316 quod-ipsi
1659 253 1763 301 suis
1801 266 1908 302 cor-

226 329 369 379 dibus
410 330 739 394 suspicantur,
778 327 888 376 ideo
928 333 1103 392 putant
1142 327 1413 392 scripturas
1451 327 1663 376 tacuisse
1705 326 1908 393 divinas»,

225 410 281 452 ut
327 402 468 452 multi
516 417 568 451 se
621 403 870 466 corrigant
916 401 991 450 vel
1038 400 1338 466 prolixarum
1385 400 1460 448 vel
1499 407 1811 449 aeternarum
1851 401 1910 450 ti-

227 491 363 525 more
422 491 720 542 poenarum,
775 483 824 525 et
871 477 971 524 sint
1017 477 1102 540 qui
1149 476 1340 540 possint
1379 488 1520 523 orare
1559 490 1649 539 pro
1691 476 1785 540 eiS,
1827 474 1913 538 qui

228 565 327 599 non
374 565 426 599 se
475 551 804 615 correxerint3
851 565 942 598 nec
990 556 1153 598 tamen
1203 550 1467 613 opinantur
1506 550 1639 596 omni
1679 548 1822 597 modo
1862 546 1911 596 id

227 624 420 688 eloquia
453 623 613 673 divina
645 625 872 673 tacuisse.
949 622 1071 672 Nam
1104 638 1201 687 quo
1233 624 1463 688 pertinet,
1494 623 1739 688 inquiunt,
1780 622 1911 686 quod

228 700 468 762 scriptum
523 705 619 748 est:
690 699 849 757 Quam
903 701 1058 747 multa
1121 698 1385 746 multitudo
1442 694 1725 745 dulcedinis
1779 702 1910 756 tuae,

228 772 453 837 Domine,
493 787 643 833 quam
677 773 1044 821 abscondidisti
1073 771 1358 820 timentibus
1399 775 1459 831 te,
1498 771 1595 818 nisi
1632 775 1687 818 ut
1725 769 1913 818 intelle-

228 861 397 909 gamus
427 852 642 910 ,propter
690 847 919 894 timorem
970 845 1120 893 fuisse
1171 842 1507 892 absconditam
1547 842 1913 892 misericordiae

228 918 417 967 divinae
475 925 571 968 tam
627 918 830 968 multam
889 925 1229 982 secretamque
1292 913 1640 966 dulcedinem?
1717 915 1916 966 Addunt

229 993 375 1041 etiam
413 999 678 1057 propterea
725 992 905 1041 dixisse
958 991 1256 1058 apostolum:
1318 992 1572 1040 Conclusit
1609 993 1740 1040 enim
1778 992 1916 1040 Deus

229 1081 394 1115 omnes
434 1069 485 1115 in
526 1069 844 1127 infidelitate,
891 1072 948 1115 ut
986 1068 1202 1115 omnium
1250 1067 1574 1126 misereatur,
1627 1080 1723 1129 quo
1765 1066 1912 1130 signi-

228 1140 419 1206 ficaret,
467 1139 597 1204 quod
646 1140 705 1189 ab
753 1140 835 1188 illo
883 1155 1027 1189 nemo
1069 1138 1393 1189 damnabitur.
1471 1137 1572 1187 Nec
1612 1140 1694 1187 isti
1732 1145 1911 1205 tamen,

230 1215 315 1278 qui
354 1213 446 1262 hoc
487 1215 729 1279 sentiunt,
779 1213 906 1263 hanc
946 1215 1280 1279 opinationem
1320 1227 1458 1261 suam
1498 1227 1654 1276 usque
1696 1213 1754 1262 ad
1793 1212 1910 1261 libe-

229 1289 470 1336 rationem
503 1287 578 1336 vel
611 1287 794 1337 nullam
827 1288 1188 1337 damnationem
1222 1285 1401 1335 diaboli
1441 1292 1586 1350 atque
1627 1286 1914 1351 angelorum

229 1362 336 1410 eius
377 1361 672 1427 extendunt3
719 1361 932 1410 humana
984 1363 1165 1426 quippe
1206 1362 1337 1409 circa
1376 1359 1506 1408 solos
1546 1359 1770 1413 homines
1809 1375 1910 1409 mo-

228 1441 406 1483 ventur
453 1435 790 1484 misericordia
838 1442 886 1484 et
934 1450 1129 1484 causam
1178 1435 1386 1482 maxime
1427 1439 1578 1498 agunt
1618 1449 1777 1500 suam,
1823 1449 1913 1498 per

228 1507 506 1572 generalem
546 1510 595 1556 in
635 1524 791 1573 genus
830 1509 1098 1558 humanum
1138 1509 1278 1572 quasi
1312 1507 1399 1556 Dei
1438 1508 1804 1556 miserationem
1842 1511 1915 1556 in-

228 1583 501 1646 punitatem
535 1581 702 1631 salsam
737 1584 838 1631 suis
872 1583 1079 1647 perditis
1121 1581 1341 1630 moribus
1381 1581 1691 1647 pollicentes3
1731 1597 1786 1630 ac
1825 1596 1916 1646 per

229 1655 322 1703 hoc
363 1654 668 1719 superabunt
715 1671 799 1704 eos
846 1658 897 1705 in
937 1655 1263 1721 praedicanda
1304 1655 1391 1704 Dei
1432 1655 1792 1720 misericordia,
1833 1656 1917 1718 qui

227 1728 353 1777 hanc
393 1731 720 1793 inpunitatem
761 1731 909 1778 etiam
948 1732 1160 1795 principi
1203 1729 1496 1778 daemonum
1537 1735 1586 1778 et
1627 1730 1733 1778 eius
1774 1728 1915 1777 satel-

227 1801 396 1851 litibus
435 1802 745 1867 pollicentur.

879 1961 1070 2015 CAPUT
1112 1961 1256 2015 XIX.

228 2067 304 2116 De
343 2069 442 2129 his,
492 2071 580 2128 qui
627 2071 957 2131 inpunitatem
998 2071 1216 2117 omnium
1249 2074 1581 2130 peccatorum
1613 2071 1917 2132 promittunt

340 2143 491 2189 etiam
529 2143 802 2191 haereticis
835 2148 1049 2204 propter
1081 2145 1528 2204 participationem
1567 2146 1798 2205 eorporis

973 2217 1171 2264 Christi.

376 2316 500 2365 Item
540 2324 655 2365 sunt
694 2317 773 2366 alii
813 2317 871 2366 ab
920 2324 1120 2367 aeterno
1162 2317 1401 2382 supplicio
1442 2315 1782 2367 liberationem
1822 2316 1913 2367 'nec

228 2391 349 2454 ipsis
383 2389 552 2439 saltem
587 2390 816 2440 omnibus
855 2390 1136 2440 hominibus
1175 2393 1536 2456 promittenteS,
1576 2391 1661 2439 sed
1701 2398 1912 2440 tantum-

229 2463 374 2511 modo
415 2463 599 2512 Christi
640 2464 929 2529 haptismate
971 2464 1150 2513 ablutis
1163 2504 1176 2531 ,
1217 2467 1301 2529 qui
1340 2466 1605 2529 participes
1645 2465 1768 2514 fiunt
1807 2480 1913 2513 cor-

228 2538 364 2601 poris
405 2539 534 2603 eiUS,
582 2538 950 2602 quomodolibet
997 2540 1231 2605 vixerint,
1279 2539 1329 2587 in
1369 2553 1679 2602 quacumque
1719 2538 1912 2587 haeresi

347 2651 391 2703 8)
424 2649 497 2693 Ps.
532 2655 603 2705 30,
637 2655 705 2694 20.
771 2654 844 2707 12>
877 2651 1006 2695 Rom.
1044 2656 1110 2706 11,
1144 2657 1210 2695 32.

348 2814 373 2852 8
406 2810 677 2854 timentibus
710 2825 797 2855 mss
827 2812 905 2866 (cf.
939 2826 973 2856 c.
1007 2816 1070 2857 24
1101 2813 1257 2867 med.),·
1289 2811 1603 2857 metuentibus
1637 2813 1782 2867 111114
1815 2809 1912 2866 opi-

227 2868 466 2913 nationem
498 2869 543 2913 R
572 2871 676 2923 (vol.
711 2871 756 2927 I,
790 2875 863 2925 53,
895 2875 997 2926 11);
1030 2870 1295 2928 opinionem
1327 2872 1399 2914 Av
