2054 3152
604 167 671 198 DE
695 165 935 198 cwrrA'rE
959 166 1048 198 Dm
1071 167 1114 199 L.
1141 166 1222 198 xv.
1254 166 1291 198 c.
1315 168 1347 199 τ.
1374 167 1406 199 8.
1777 154 1844 205 71

156 281 229 328 ei:
280 279 626 340 Multiplicans
676 279 1018 339 multiplicabo
1066 280 1300 327 tristitias
1354 283 1467 327 tuas
1513 284 1563 327 et
1605 280 1846 338 qemitum

155 358 321 411 tuum,
369 357 418 400 et
455 354 506 399 in
546 353 764 410 tristitiis
798 353 975 414 paries
1008 354 1170 412 filios,
1210 351 1386 400 deinde
1427 350 1634 400 addidit:
1674 352 1741 400 Et
1779 353 1852 399 ad

159 428 324 474 virum
356 431 495 473 tuum
527 427 787 474 conversio
820 430 922 484 tua,
964 431 1013 473 et
1044 427 1148 486 ipse
1180 427 1256 474 tui
1285 426 1640 474 dominabitur.
1704 424 1845 482 Quod

156 499 346 547 dictum
387 504 462 546 est
500 498 559 546 ad
599 496 717 546 Cain
758 497 816 546 de
857 506 1059 562 peccato
1099 498 1174 547 vel
1214 498 1274 546 (16
1314 500 1489 547 vitiosa
1529 499 1691 547 carnis
1731 513 1846 547 con-

158 573 480 637 cupiscentia,
519 571 613 620 hoc
645 573 740 620 isto
773 571 880 620 1060
920 571 980 620 (16
1019 573 1296 636 peccatrice
1338 572 1540 636 femina3
1581 570 1666 620 ubi
1704 571 1844 620 intel·
1879 580 1907 620 5

158 645 422 709 legendum
469 651 545 693 est
595 647 755 693 virum
794 645 853 694 ad
893 645 1158 709 regendam
1197 660 1405 694 uxorem
1443 647 1604 693 animo
1647 660 1848 693 carnem

157 721 352 783 regenti
383 718 591 767 similem
624 733 732 766 esse
767 726 1012 783 oportere.
1088 718 1300 784 Propter
1333 718 1463 783 quod
1497 719 1614 767 dicit
1654 725 1846 782 aposto-

158 792 258 841 ius:
320 794 420 851 Qui
464 794 631 853 diliqit
675 807 887 842 uxorem
934 807 1099 853 suam,
1153 809 1207 842 se
1258 796 1417 854 ipsum
1458 795 1650 853 diligi&
1705 806 1848 841 nemo

154 868 290 915 enim-
328 880 564 926 umquam
616 881 824 915 carnem
862 881 1005 915 suam
1044 869 1160 916 odio
1199 868 1389 916 habuit.
1469 865 1692 914 Sananda
1732 872 1850 914 sunt

155 941 291 988 enim
333 939 452 987 haec
492 941 621 988 sicut
659 946 841 1006 nostra,
880 955 979 988 non
1020 941 1149 989 sicut
1187 940 1343 989 aliena
1383 939 1669 988 damnanda.
1748 938 1843 987 Sed
1882 948 1937 987 10

159 1012 280 1061 illud
336 1012 424 1061 Dei
485 1019 806 1077 praeceptum
861 1012 978 1062 Cain
1042 1016 1171 1063 sicut
1226 1015 1588 1078 praevaricator
1642 1014 1847 1077 accepit.

159 1086 493 1135 Invalescente
558 1088 738 1150 quippe
805 1087 1100 1135 invidentiae
1155 1089 1272 1136 vitio
1328 1088 1533 1135 fratrem
1586 1086 1848 1135 insidiatus

156 1160 354 1209 occidit.
416 1159 546 1207 Talis
586 1167 691 1208 erat
730 1167 957 1208 terrenae
999 1160 1224 1209 conditor
1264 1162 1489 1209 civitatis,
1552 1159 1660 1217 Quo
1700 1159 1846 1208 modo

156 1239 324 1282 autem
363 1234 710 1298 significaverit
748 1235 895 1282 etiam
935 1233 1163 1300 ludaeos,
1212 1249 1238 1282 a
1279 1233 1459 1298 quibus
1499 1232 1727 1282 Christus
1766 1248 1846 1281 oc-

155 1309 293 1356 cisus
334 1314 408 1356 est
446 1314 616 1371 pastor
655 1308 819 1355 ovium
856 1306 1128 1373 hominum,
1169 1322 1316 1371 quem
1355 1313 1523 1371 pastor
1563 1309 1728 1355 ovium
1765 1321 1849 1370 pe·
1886 1315 1938 1355 15

158 1395 333 1429 corum
363 1379 724 1445 praefigurabat
754 1380 889 1446 Abel,
929 1383 1044 1444 quia
1082 1382 1134 1429 in
1174 1381 1403 1445 allegoria
1442 1380 1730 1445 prophetica
1769 1394 1850 1428 res

158 1460 250 1520 est,
289 1469 438 1518 parco
471 1469 602 1502 1111116
637 1454 817 1520 dicere,
857 1461 906 1503 et
938 1453 1177 1518 quaedam
1208 1455 1323 1503 hinc
1355 1454 1590 1503 adversus
1615 1454 1851 1502 Faustum

159 1526 498 1576 Manichaeum
537 1527 717 1576 dixisse
758 1543 835 1577 me
876 1528 1055 1576 recolo.

813 1699 1009 1754 CAPUT
1042 1701 1191 1754 VIII.

259 1808 399 1866 Quae
438 1809 573 1856 ratio
607 1805 782 1867 fuerit,
822 1813 880 1856 ut
923 1808 1048 1856 Cain
1089 1810 1223 1856 inter
1256 1809 1518 1869 principia
1554 1809 1760 1867 qeneris
1883 1815 1939 1854 20

606 1882 818 1929 humani
854 1883 1098 1930 conderet
1134 1883 1400 1930 civitatem.

309 1982 452 2032 Nunc
485 1990 650 2032 autem
690 1982 996 2031 defendenda
1036 1982 1155 2031 mihi
1193 1982 1388 2032 videtur
1426 1983 1646 2049 historia,
1686 1998 1747 2031 ne
1789 1984 1853 2032 sit

157 2058 410 2121 scriptura
440 2056 757 2122 incredibiliS,
789 2071 912 2121 quae
947 2056 1067 2105 dicit
1097 2056 1399 2105 aedificatam
1430 2056 1490 2105 ab
1523 2072 1621 2106 uno
1654 2056 1851 2105 homine

158 2131 412 2179 civitatem
451 2145 509 2178 eo
550 2138 795 2196 tempore,
843 2145 940 2194 quo
990 2145 1088 2179 non
1135 2130 1245 2194 plus
1286 2145 1434 2194 quam
1479 2132 1572 2179 viri
1620 2136 1854 2194 quattuor

163 2203 240 2252 vel
279 2204 444 2268 potius
475 2210 594 2268 treS,
633 2210 804 2267 postea
842 2218 990 2267 quam
1030 2204 1232 2252 fratrem
1273 2204 1424 2252 frater
1464 2203 1659 2270 occidit,
1698 2204 1851 2252 fuisse
1885 2212 1942 2252 25

162 2276 394 2326 videntur
439 2279 490 2324 in
542 2283 696 2342 terra,
747 2276 795 2324 id
837 2283 912 2325 est
949 2279 1139 2341 primus
1178 2276 1324 2325 homo
1367 2283 1505 2341 pater
1544 2278 1766 2326 omnium
1804 2284 1854 2326 et

163 2352 268 2414 ipse
310 2349 428 2398 Cain
467 2357 517 2398 et
570 2351 676 2398 eius
716 2349 843 2399 filius
882 2349 1076 2416 Enoch,
1124 2366 1183 2399 ex
1222 2351 1365 2399 cuius
1405 2352 1602 2399 nomine
1642 2352 1748 2415 ipsa
1786 2352 1853 2399 ci·

164 2425 288 2472 vitas
327 2429 612 2488 nuncupata
653 2429 741 2471 est.
819 2422 916 2472 Sed
957 2423 1048 2472 hoc
1090 2439 1214 2488 quos
1254 2431 1439 2490 movet,
1478 2439 1653 2488 parum
1693 2425 1853 2472 consi-

161 2497 339 2545 derant.
392 2512 490 2545 non
546 2512 716 2545 omnes
770 2496 996 2545 homines
1010 2536 1024 2562 ‚
1080 2499 1165 2560 qui
1211 2503 1330 2546 tunc
1397 2512 1504 2546 esse
1567 2503 1854 2561 potuerunt,

163 2572 461 2634 scriptorem
509 2585 675 2619 sacrae
724 2569 870 2618 huius
910 2569 1144 2619 historiae
1183 2585 1386 2619 neccsse
1427 2569 1656 2619 habuisse
1698 2571 1852 2618 nomi·
1884 2579 1946 2618 30

286 2699 330 2752 3)
364 2696 476 2740 Gen.
510 2701 552 2753 3τ
588 2702 654 2741 16.
716 2698 762 2753 9)
795 2695 913 2752 Eph.
947 2702 987 2748 5,
1020 2700 1076 2739 28
1111 2710 1178 2751 sq.
1244 2698 1314 2752 18)
1347 2697 1395 2740 L.
1435 2701 1503 2740 12.
1536 2695 1582 2740 C.
1618 2701 1658 2741 9.

286 2833 341 2872 23
374 2842 465 2872 uno
498 2841 581 2873 om.
614 2827 659 2871 R
703 2829 718 2884 Η
763 2827 951 2872 1101111116
983 2841 1065 2872 om.
1099 2829 1144 2871 A
1189 2830 1204 2884 ss
1249 2832 1306 2871 24
1338 2842 1431 2872 non
1462 2841 1544 2872 om.
1587 2827 1718 2871 VRA
1749 2829 1765 2884 n
1796 2832 1854 2871 26

166 2887 308 2931 homo
339 2901 420 2932 om.
464 2887 507 2931 V
