2004 3140
137 968 191 1009 10

137 1338 190 1378 15

137 1708 191 1747 20

137 2076 192 2116 25

136 2445 192 2484 30

222 169 331 222 406
418 192 421 194 -
907 177 941 211 S.
966 177 1242 212 AUGUSTOEI

224 295 328 343 dies
370 293 460 341 hoc
507 291 744 341 iudicium
792 290 1044 356 tendatur,
1090 292 1334 340 incertum
1376 296 1471 357 est3
1513 290 1597 340 sed
1639 293 1906 356 scriptura-

223 384 335 418 rum
369 381 504 415 more
537 371 817 415 sanctarum
850 365 979 414 diem
1010 366 1127 429 poni
1166 364 1324 413 solere
1357 380 1446 429 pro
1486 372 1706 430 tempore
1747 381 1908 432 nemo,

225 444 309 506 qui
363 440 468 489 illas
523 440 712 490 litteras
776 438 1042 504 quamlibet
1104 439 1421 504 neglegenter
1475 438 1679 506 legerit,
1734 441 1906 490 nescit.

223 515 338 564 ldeo
379 521 557 581 autem,
602 529 714 564 cum
756 513 883 562 diem
923 512 1093 562 iudicii
1133 512 1220 561 Dei
1259 512 1491 579 dicimuS,
1532 513 1756 563 addimus
1797 513 1907 563 ulti-

224 605 359 638 mum
401 588 474 637 vel
506 589 842 648 novissimum,
884 589 995 652 quia
1037 594 1084 636 et
1124 602 1256 636 nunc
1297 586 1478 636 iudicat
1519 593 1568 636 et
1606 586 1665 636 ab
1705 587 1909 638 humani

224 664 419 728 generis
471 664 609 712 initio
662 661 894 711 iudicavit
944 661 1196 710 dimittens
1244 660 1304 710 de
1356 660 1580 725 paradiso
1620 668 1670 711 et
1709 677 1735 710 a
1775 662 1907 727 ligno

222 740 348 787 vitae
401 751 632 801 separans
683 738 869 801 primos
917 735 1140 784 homines
1201 737 1391 799 peccati
1446 737 1607 800 magni
1656 742 1909 801 perpetra-

222 820 378 877 tores3
419 812 567 859 immo
602 812 751 859 etiam
784 809 976 874 quando
1011 809 1194 874 angelis
1237 808 1556 874 peccantibus
1596 825 1695 859 non
1723 825 1908 875 ,peper-

223 887 312 951 cit,
361 900 570 949 quorum
618 886 850 949 princeps
897 883 1121 933 homines
1163 899 1188 932 a
1229 899 1280 931 se
1321 884 1427 948 ipso
1480 882 1746 933 subversus
1785 885 1906 933 invi-

223 958 383 1008 dendo
436 957 702 1022 subvertit,
749 958 923 1023 procul
974 957 1122 1008 dubio
1175 957 1426 1023 iudicavit,
1478 973 1569 1006 nec
1621 959 1725 1007 sine
1778 958 1908 1007 illius

223 1033 318 1082 alto
352 1034 581 1097 iustoque
616 1032 798 1081 iudicio
833 1038 882 1081 et
921 1034 971 1088 in
1010 1032 1103 1081 hoc
1145 1034 1277 1081 aerio
1318 1031 1451 1081 caelo
1492 1038 1541 1080 et
1579 1033 1631 1080 iu
1672 1034 1820 1081 terris
1860 1038 1910 1081 et

223 1107 517 1156 daemonum
556 1113 606 1155 et
644 1106 899 1156 hominum
938 1108 1214 1156 miserrima
1254 1112 1330 1156 est
1368 1108 1490 1173 vita,
1538 1105 1793 1156 erroribus
1833 1121 1908 1155 ae-

222 1182 511 1246 rumnisque
560 1180 858 1246 plenissima.
935 1180 1117 1230 Verum
1167 1182 1258 1230 etsi
1300 1195 1442 1229 nemo
1482 1186 1758 1248 peccasset,
1810 1195 1909 1229 non

224 1257 330 1303 sine
377 1254 506 1303 bono
554 1262 790 1319 rectoque
838 1255 1019 1304 iudicio
1068 1257 1349 1304 universam
1390 1253 1678 1304 rationalem
1717 1261 1907 1304 creatu·

223 1344 329 1378 ram
382 1330 871 1393 perseverantissime
928 1328 1021 1378 sibi
1068 1344 1158 1378 suo
1209 1328 1415 1377 Domino
1468 1327 1814 1378 cohaerentem
1860 1330 1911 1378 in

224 1409 422 1451 aeterna
478 1402 780 1451 beatitudine
837 1404 1090 1452 retineret.
1167 1401 1355 1451 [udicat
1411 1403 1702 1451 etiamnon
1751 1401 1909 1452 solum

222 1476 566 1526 universaliter
620 1476 679 1525 de
735 1492 915 1541 genere
973 1476 1266 1526 daemonum
1321 1483 1466 1540 atque
1521 1476 1803 1542 hominum,
1856 1483 1912 1526 ut

222 1552 393 1599 miseri
444 1552 541 1599 sint
590 1556 795 1615 propter
845 1552 1119 1615 primorum
1171 1552 1402 1600 meritum
1441 1558 1784 1616 peccatorum3
1825 1551 1912 1600 sed

224 1626 371 1673 etiam
411 1625 469 1673 de
512 1624 817 1689 singulorum
859 1624 1093 1689 operibus
1131 1626 1361 1690 propriiS,
1403 1639 1525 1689 quae
1566 1632 1746 1689 gerunt
1785 1623 1911 1674 arbi-

223 1700 319 1747 trio
371 1698 648 1747 voluntatis
726 1698 847 1747 Nam
904 1705 952 1748 et
999 1698 1261 1747 daemones
1310 1714 1371 1747 ne
1423 1705 1749 1763 torqueantur
1800 1714 1910 1764 pre-

225 1778 422 1838 cantur,
473 1788 564 1821 nec
614 1774 782 1837 utique
831 1774 1012 1822 iniuste
1061 1772 1137 1821 vel
1182 1774 1404 1837 parcitur
1452 1774 1523 1821 eis
1579 1772 1655 1821 vel
1693 1787 1783 1837 pro
1824 1788 1912 1822 sua

225 1847 407 1910 quique
470 1845 768 1911 inprobitate
832 1853 1152 1912 torquentur3
1223 1853 1272 1895 et
1331 1846 1556 1895 homines
1618 1846 1911 1911 plerumque

224 1926 423 1985 aperte,
478 1935 673 1985 semper
722 1920 947 1986 occulte,
1002 1920 1146 1969 luunt
1194 1936 1285 1984 pro
1336 1922 1438 1969 suis
1486 1921 1627 1970 factis
1678 1919 1910 1970 divinitus

223 2009 408 2058 poenas
449 1995 550 2042 sive
582 1995 632 2042 in
665 1994 754 2042 hac
795 1996 890 2043 vita
931 1996 1031 2043 sive
1070 2000 1183 2058 post
1215 1999 1447 2044 mortem:
1487 1995 1707 2058 quamvis
1747 1994 1911 2044 nullus

224 2068 479 2116 hominum
519 2074 628 2131 agat
667 2074 827 2134 recte,
867 2070 963 2116 nisi
1003 2067 1165 2116 divino
1206 2067 1463 2117 adiuvetur
1503 2068 1705 2134 auxili03
1746 2067 1911 2118 nullus

224 2141 518 2190 daemonum
565 2148 647 2190 aut
697 2141 953 2190 hominum
992 2147 1101 2206 agat
1139 2142 1330 2207 inique,
1378 2143 1472 2190 nisi
1512 2142 1675 2190 divino
1717 2141 1910 2191 eodem-

224 2230 320 2278 que
353 2216 622 2263 iustissimo
654 2215 837 2263 iudicio
869 2216 1199 2279 permittatur.
1278 2214 1417 2266 Sicut
1449 2217 1579 2264 enim
1612 2218 1678 2264 ait
1718 2223 1908 2280 aposto-

223 2287 314 2354 luS,
354 2302 452 2337 non
492 2293 566 2337 est
603 2290 844 2348 iniquitas
884 2290 1024 2350 apud
1060 2289 1248 2345 Deum;
1299 2289 1445 2336 etiam
1485 2290 1612 2337 sicut
1651 2290 1756 2352 ipse
1797 2288 1911 2338 alibi

223 2361 358 2428 dicit,
399 2363 753 2411 inscrutabilia
785 2367 901 2410 sunt
934 2363 1126 2411 iudicia
1159 2364 1267 2410 eius
1306 2367 1354 2410 et
1392 2363 1760 2423 investiyabz'les
1798 2365 1911 2412 viae

225 2438 345 2485 eius.
438 2435 546 2483 Non
601 2437 751 2499 igitur
804 2437 855 2483 in
903 2434 995 2484 hoc
1041 2434 1167 2483 libro
1215 2434 1275 2483 de
1331 2434 1426 2483 illis
1471 2437 1644 2500 primis
1707 2451 1797 2484 nec
1850 2436 1908 2485 de

222 2510 331 2558 istis
373 2508 545 2558 mediis
585 2508 690 2557 Dei·
713 2508 931 2574 iudiciis,
973 2508 1058 2558 sed
1098 2508 1157 2557 de
1198 2511 1305 2573 ipso
1348 2510 1626 2575 novissimO,
1668 2516 1906 2573 quantum
1961 2518 1980 2538 ἑ

346 2639 390 2693 8)
424 2636 535 2681 Gen.
561 2642 603 2691 3,
635 2641 705 2681 23.
771 2638 815 2691 9)
848 2641 887 2681 2.
914 2635 1035 2679 Petr.
1070 2641 1110 2690 2,
1144 2641 1183 2678 4.
1249 2637 1323 2690 21)
1355 2636 1436 2679 Mt.
1470 2639 1510 2690 8,
1543 2641 1613 2682 29.
1677 2637 1750 2692 28)
1777 2636 1907 2680 Rom.

225 2700 267 2748 9,
302 2700 369 2739 14.
434 2699 507 2751 30)
539 2696 670 2740 Rom.
708 2701 778 2749 11,
809 2701 881 2740 33.

344 2861 369 2899 9
404 2856 636 2900 subuersis
671 2857 716 2900 R
738 2859 753 2914 ΙΙ
785 2861 840 2901 28
874 2857 1017 2902 etiam
1049 2870 1135 2901 mss
1174 2856 1361 2908 (Handi
1397 2857 1528 2901 Turs.
1562 2856 1724 2901 Etiam
1756 2857 1802 2913 I,
1834 2859 1908 2912 9),-

226 2916 273 2957 et
302 2928 327 2958 v
373 2916 389 2971 ΙῙ
434 2919 489 2958 29
522 2914 619 2959 eius
652 2915 744 2960 RA
775 2930 855 2960 sec.
890 2915 1047 2961 Graec.
1058 2932 1074 2969 ;
1105 2915 1191 2959 Dei
1221 2929 1247 2960 v
1271 2917 1286 2973 ΙΙ
1311 2920 1364 2960 31
1397 2914 1646 2961 novissimo
1678 2915 1850 2960 iudicio
1880 2929 1907 2960 v
