2004 3140
115 952 169 991 10

111 1322 166 1362 15

109 1692 164 1732 20

104 2238 160 2278 25

103 2607 159 2647 30

205 151 312 205 386
885 160 919 194 s.
943 159 1220 195 Aueusmmi

206 291 406 327 servans
439 291 494 324 ac
527 274 757 341 SEquenS,
797 274 927 338 quod
959 274 1076 323 licet
1107 273 1355 323 diversum
1395 275 1446 322 in
1487 274 1692 324 diversis
1732 276 1888 324 natio-

205 351 374 415 nibus,
424 349 482 399 ad
530 364 687 399 unum
732 355 896 397 tamen
950 348 1260 413 eundemque
1300 349 1447 397 finem
1487 357 1716 398 terrenae
1754 351 1892 414 pacis

203 424 492 484 intenditur,
533 426 575 473 si
606 422 909 489 religionem,
950 437 1046 487 qua
1076 437 1208 471 unus
1241 437 1463 472 summus
1496 430 1546 472 et
1576 438 1725 472 verus
1758 422 1893 472 Deus

205 498 441 548 colendus
481 498 709 563 docetur,
750 512 849 545 non
888 496 1107 562 impedit.
1183 495 1351 546 Utitur
1391 512 1507 562 ergo
1548 500 1695 547 etiam
1735 498 1887 547 caele-

204 575 293 622 stis
333 574 503 622 civitas
549 574 601 621 in
647 571 738 620 hac
781 586 868 620 sua
906 572 1303 636 peregrinatione
1343 586 1463 636 pace
1502 578 1700 620 terrena
1741 578 1790 620 et
1829 571 1890 620 de

203 646 354 696 rebus
387 646 445 696 ad
478 645 736 695 mortalem
765 645 1022 694 hominum
1054 650 1278 694 naturam
1317 645 1681 710 pertinentibus
1720 645 1889 695 huma-

202 736 379 770 narum
425 720 734 770 voluntatum
782 720 1211 784 compositionem,
1259 726 1498 783 quantum
1538 719 1667 769 salva
1705 721 1889 784 pietate

203 811 258 844 ac
298 795 536 860 religione
577 792 881 859 conceditur,
920 800 1090 843 tuetur
1130 800 1277 858 atque
1317 795 1507 858 appetit
1546 808 1750 858 eamque
1792 800 1888 842 ter-

202 885 371 918 renam
425 883 598 933 pacem
647 867 802 916 refert
848 867 907 916 ad
959 867 1220 916 caelestem
1258 882 1455 933 pacem,
1507 882 1630 932 quae
1669 882 1785 916 vere
1823 869 1892 917 ita

200 959 295 1008 pax
327 949 416 1009 est,
456 948 512 992 ut
542 941 795 991 rationalis
828 941 1081 991 dumtaxat
1113 948 1367 991 creaturae
1401 941 1503 990 sola
1534 957 1628 1006 pax
1667 941 1889 991 habenda

201 1024 347 1082 atque
389 1016 595 1066 dicenda
641 1018 727 1082 sit,
774 1015 1138 1065 ordinatissima
1187 1015 1377 1065 scilicet
1417 1022 1465 1065 et
1505 1016 1890 1065 concordissima

201 1093 410 1140 societas
443 1090 642 1140 fruendi
674 1089 774 1139 Deo
808 1096 858 1139 et
888 1091 1101 1139 invicem
1138 1091 1191 1138 in
1229 1088 1354 1155 Deo;
1395 1105 1492 1154 quo
1534 1105 1648 1139 cum
1686 1096 1889 1139 ventum

201 1167 319 1227 erit,
375 1180 474 1213 non
528 1167 624 1214 erit
669 1166 767 1213 vita
813 1163 1057 1231 mortaliS,
1113 1164 1199 1213 sed
1245 1164 1388 1229 plane
1442 1170 1676 1228 certeque
1716 1163 1890 1230 vitaliS,

199 1255 291 1288 nec
347 1254 528 1304 corpus
582 1238 815 1305 animale,
871 1238 1024 1304 quod,
1079 1238 1196 1287 dum
1252 1236 1611 1304 corrumpitur,
1660 1238 1890 1303 adgravat

199 1315 434 1379 animam,
481 1313 567 1362 sed
616 1311 836 1377 spiritale
885 1314 991 1361 sine
1031 1311 1130 1362 ulla
1167 1312 1436 1375 indigentia
1476 1327 1536 1361 ex
1575 1314 1708 1361 omni
1746 1318 1887 1377 parte

198 1387 451 1437 subditum
500 1385 754 1436 voluntati.
829 1385 966 1435 Hanc
1016 1401 1213 1451 pacem,
1265 1386 1382 1436 dum
1439 1387 1786 1451 peregrinatur
1835 1387 1887 1434 in

196 1461 313 1527 fide,
366 1460 514 1510 habet
561 1467 706 1525 atque
757 1475 817 1509 ex
862 1460 953 1509 hac
1001 1459 1096 1509 fide
1136 1462 1265 1509 iuste
1314 1461 1453 1527 vivit,
1502 1475 1615 1509 cum
1655 1460 1714 1509 ad
1754 1460 1885 1509 illam

196 1550 367 1599 pacem
422 1534 787 1599 adipiscendam
840 1535 995 1583 refert
1049 1533 1288 1599 quidquid
1341 1533 1583 1582 bonarum
1639 1536 1888 1583 actionum

197 1611 325 1673 gerit
378 1623 494 1673 erga
547 1608 705 1657 Deum
760 1614 808 1658 et
861 1610 1170 1674 proximum,
1233 1609 1468 1672 quoniam
1522 1609 1621 1657 vita
1675 1608 1884 1658 civitatis

196 1684 368 1748 utique
410 1681 602 1731 socialis
643 1689 732 1731 est.

827 1869 1023 1924 CAPUT
1054 1830 1255 1924 XVIII.

231 1979 392 2037 Quam
434 1980 635 2028 diversa
673 1981 739 2027 sit
776 1978 1086 2027 Academiae
1125 1992 1284 2027 novae
1324 1979 1627 2039 ambiquitas
1666 1993 1698 2027 a
1738 1993 1853 2028 eon-

673 2054 863 2101 stantia
897 2054 1027 2111 fidei
1069 2053 1404 2101 Christianae.

347 2153 489 2211 Quod
528 2161 693 2203 autem
731 2154 919 2203 adtinet
966 2154 1024 2203 ad
1062 2154 1195 2203 illam
1234 2154 1582 2221 differentiam,
1631 2170 1776 2220 quam
1817 2155 1878 2205 de

193 2227 496 2278 Academicis
530 2229 668 2276 novis
700 2226 853 2276 Varro
894 2227 1131 2293 adhibuit,
1171 2226 1350 2292 quibus
1389 2229 1578 2277 incerta
1618 2236 1735 2278 sunt
1774 2244 1876 2278 om-

193 2303 298 2367 nia,
339 2302 537 2350 omnino
587 2302 756 2352 civitas
795 2300 884 2350 Dei
922 2301 1068 2350 talem
1108 2300 1464 2350 dubitationem
1503 2308 1755 2366 tamquam
1795 2303 1878 2351 de-

192 2376 427 2424 mentiam
473 2373 767 2440 detestatur,
814 2373 1001 2424 habens
1041 2375 1100 2424 de
1141 2373 1312 2441 reb11S,
1360 2390 1481 2439 quas
1520 2383 1686 2425 mente
1728 2383 1900 2441 atque·

192 2450 382 2498 ratione
416 2448 803 2515 comprehendit,
845 2450 1036 2498 etiamsi
1066 2463 1265 2513 parvam
1303 2456 1508 2513 propter
1548 2465 1729 2514 corpus
1771 2465 1878 2499 cor-

191 2522 453 2589 ruptibile,
508 2522 639 2587 quod
695 2522 922 2587 adgravat
977 2524 1186 2571 animam
1242 2517 1520 2589 (quoniam,
1576 2525 1704 2573 sicut
1758 2524 1878 2573 dicit

191 2596 457 2662 apostoluS,
497 2612 562 2646 ex
594 2603 748 2659 parte
778 2590 1001 2664 seimus),
1039 2603 1204 2648 tamen
1237 2598 1563 2646 certissimam
1603 2599 1879 2663 scientiam,

309 2724 383 2779 30)
419 2728 456 2768 1.
492 2722 592 2768 Cor.
627 2728 695 2780 13,
730 2729 768 2768 9.

311 2905 364 2943 13
398 2899 486 2944 erit
516 2899 632 2954 RL‚·
661 2899 803 2945 fuerit:
833 2900 907 2945 Av
