2054 3152
547 150 612 181 DE
638 148 875 182 cwi'rA'rE
898 149 987 182 Dm
1011 150 1053 181 n.
1078 150 1181 182 xvi.
1208 149 1245 182 c.
1271 151 1324 182 ιτ.
1348 151 1400 182 18.
1428 150 1479 182 19.
1753 138 1859 191 155

174 267 281 310 erat
327 275 484 310 annus
531 262 731 310 circiter
782 261 1105 311 millensimus
1143 260 1549 311 ducentensimus
1590 269 1701 310 ante
1743 277 1858 311 con-

175 335 323 383 ditam
364 334 582 400 Romam,
621 334 772 384 veluti
812 335 1014 384 alteram
1053 337 1104 384 in
1144 335 1398 384 occidente
1439 334 1768 400 Babyloniam.

794 507 992 562 CAPUT
1034 507 1234 561 XVIII.

175 616 253 665 De
300 619 482 665 ileralo
529 618 747 676 alloquio
794 616 892 664 Dei
937 617 1009 664 ad
1044 616 1327 679 Abraham,
1373 629 1471 675 quo
1513 617 1562 664 ei
1599 620 1648 664 et
1684 617 1864 664 semini

542 692 650 738 eius
695 689 941 738 Cleanaan
981 694 1125 738 terra
1158 691 1487 750 promittitur.
1892 697 1918 737 5

320 792 564 857 Egressus
626 807 743 856 ergo
806 791 1048 840 Abraham
1109 791 1168 840 de
1224 791 1408 840 Charra
1464 792 1860 856 septuagensimo

178 868 350 930 quinto
398 882 525 914 anno
574 867 746 914 aetatis
796 881 934 931 suae,
986 867 1290 913 centensimo
1340 872 1503 915 autem
1556 865 1859 930 quadragen-

175 943 299 988 simo
341 947 388 988 et
430 942 600 1004 quinto
641 941 794 1003 patris
835 941 925 998 sui,
967 954 1081 988 cum
1112 938 1237 987 Loth
1278 939 1375 987 filio
1417 940 1582 988 fratris
1623 946 1673 988 et
1713 938 1860 987 Sarra

177 1015 384 1077 coniuge
418 1014 638 1078 perrexit
675 1015 727 1061 in
766 1021 950 1062 terram
983 1011 1209 1061 Chanaan
1250 1020 1298 1061 et
1336 1014 1561 1077 pervenit
1600 1027 1759 1076 usque
1800 1012 1856 1061 ad

176 1085 388 1152 Sichem,
426 1085 513 1136 ubi
544 1101 720 1135 rursus
760 1085 978 1135 divinum
1018 1088 1207 1150 accepit
1247 1086 1516 1151 oraculum,
1556 1085 1616 1134 de
1656 1101 1754 1150 quo
1794 1087 1859 1134 ita
1895 1095 1949 1134 10

174 1162 414 1224 scriptum
463 1166 558 1209 est:
614 1161 680 1209 Et
734 1163 979 1222 apparuit
1023 1159 1265 1209 Dominus
1313 1161 1578 1219 Abrahae,
1634 1165 1683 1208 et
1728 1161 1861 1209 dixit

173 1236 269 1283 illi:
324 1235 518 1283 Semini
568 1241 653 1283 tuo
709 1236 840 1283 dabo
892 1239 1084 1282 terram
1132 1235 1281 1283 hanc.
1357 1233 1488 1282 Nihil
1539 1233 1618 1282 hic
1665 1233 1724 1282 de
1776 1233 1858 1281 illo

175 1308 362 1356 semine
402 1307 588 1356 dictum
630 1314 719 1373 est,
759 1309 809 1356 in
852 1323 948 1371 quo
987 1314 1129 1371 pater
1167 1307 1327 1356 factus
1367 1314 1444 1356 est
1482 1308 1703 1356 omnium
1741 1322 1857 1372 gen·

169 1383 307 1448 tium,
348 1381 434 1430 sed
467 1382 526 1430 de
559 1381 641 1430 illo
683 1381 802 1447 solo,
842 1381 900 1430 de
942 1396 1039 1445 quo
1078 1388 1219 1446 pater
1258 1387 1335 1430 est
1371 1383 1521 1430 unius
1560 1380 1857 1430 Israeliticae

170 1457 356 1521 gentis3
397 1454 456 1504 ab
497 1454 590 1504 hoc
632 1457 763 1504 enim
803 1456 989 1504 semine
1031 1461 1163 1503 terra
1203 1454 1283 1503 illa
1322 1470 1551 1520 possessa
1591 1462 1679 1504 est.
1893 1463 1946 1503 15

827 1641 1023 1697 CAPUT
1054 1642 1200 1696 XIX.

213 1750 290 1798 De
329 1749 527 1799 Sarrae
558 1751 814 1811 pudicitia
853 1752 906 1798 in
945 1750 1172 1812 Aeyypto
1206 1765 1303 1813 per
1343 1751 1501 1799 Deum
1542 1751 1813 1810 custodita,

293 1837 444 1884 quam
483 1824 743 1872 Abraham
783 1837 882 1872 non
921 1838 1133 1872 uxorem
1172 1838 1316 1873 suam
1357 1839 1463 1873 esse
1501 1826 1722 1882 dixerat,

825 1898 918 1946 sed
951 1911 1190 1946 sororem.

319 1998 505 2048 Deinde
546 1999 798 2048 aedificato
837 1999 905 2048 ibi
945 1999 1084 2048 altari
1123 2007 1172 2049 et
1210 2002 1434 2048 invocato
1475 1999 1575 2048 Deo
1614 1997 1856 2047 Abraham
1890 2007 1947 2047 20

170 2072 423 2137 profectus
472 2080 547 2122 est
593 2073 706 2122 inde
755 2080 804 2122 et
850 2071 1083 2123 habitavit
1131 2075 1182 2122 in
1229 2088 1395 2123 eremo
1444 2081 1589 2138 atque
1629 2070 1743 2121 inde
1782 2073 1855 2120 ire

168 2147 219 2194 in
244 2146 518 2211 Aegyptum
548 2147 690 2196 samis
723 2149 1015 2196 necessitate
1050 2147 1319 2212 conpulsus
1352 2154 1440 2196 est.
1516 2145 1611 2196 Ubi
1649 2161 1856 2195 uxorem

168 2234 305 2269 suam
355 2220 477 2269 dixit
527 2235 777 2287 sororem,
827 2220 949 2269 nihil
995 2223 1255 2287 mentitus3
1308 2227 1412 2269 erat
1467 2222 1599 2269 enim
1647 2226 1696 2268 et
1747 2219 1856 2284 hoe,

168 2294 282 2356 quia
311 2295 591 2358 propinqua
624 2301 728 2343 erat
760 2296 1023 2359 sanguine3
1057 2296 1185 2344 sicut
1217 2295 1364 2343 etiam
1397 2293 1523 2343 Loth
1548 2293 1719 2342 eadem
1742 2306 1854 2357 pro-

167 2367 470 2432 pinquitate,
521 2383 634 2416 cum
683 2368 849 2416 fratris
895 2369 1002 2416 eius
1051 2375 1184 2417 esset
1230 2367 1383 2433 filius,
1430 2368 1584 2416 frater
1631 2368 1738 2415 eius
1779 2372 1854 2415 est
1889 2375 1945 2415 25

168 2439 344 2489 dictus,
407 2440 576 2504 Itaque
609 2455 814 2490 uxorem
854 2443 1022 2507 tacuit,
1062 2457 1160 2490 non
1201 2443 1410 2507 negavit,
1449 2441 1674 2504 coniugis
1714 2446 1854 2488 tuen·

168 2512 277 2560 dam
310 2513 597 2578 pudicitiam
624 2517 938 2564 committens
963 2514 1064 2564 Deo
1098 2522 1147 2564 et
1178 2514 1418 2563 humanas
1442 2513 1646 2562 insidias
1678 2506 1854 2562 cavens

159 2592 223 2659 ‘ut
260 2586 428 2652 hom03
479 2589 732 2654 quoniam,
783 2590 826 2637 si
863 2588 1140 2653 periculum
1182 2595 1419 2652 quantum
1459 2588 1622 2636 caveri
1660 2592 1856 2651 poterat

288 2715 359 2767 12)
393 2711 504 2758 Gen.
540 2718 609 2770 12,
644 2720 682 2758 7.
757 2717 831 2769 23)
866 2713 978 2758 Gen.
1015 2719 1082 2770 12,
1117 2720 1140 2758 7
1175 2729 1271 2769 sqq.

285 2878 309 2916 6
344 2886 548 2930 egressus
581 2877 652 2918 esi:-
682 2875 771 2918 RL
793 2876 810 2931 ΙΙ
835 2880 888 2919 13
923 2875 1098 2920 dictum
1139 2875 1248 2928 VL‚·
1278 2875 1560 2931 promissum
1591 2874 1662 2917 Rv
