2044 3146
227 181 331 233 182
897 191 931 224 s.
956 190 1231 226 Aucusmm

223 321 356 368 quae
387 307 536 368 prius
578 304 725 366 facta
766 309 841 354 est
887 306 938 353 in
979 310 1198 367 tempore
1237 307 1490 356 Abrahae.
1569 305 1707 354 Abiit
1745 311 1910 355 autem

225 381 378 429 Isaac
404 381 476 428 ad
495 379 782 428 Abimeleclt
821 392 991 440 reqem
1024 380 1403 429 Philistinorum
1443 382 1494 429 in
1539 380 1752 429 Gerara.
1810 380 1906 443 Ap-

219 455 399 516 paruit
444 458 611 503 autem
659 454 733 502 illi
770 453 1011 502 Dominus
1058 458 1108 503 et
1146 455 1299 502 dixit:
1355 455 1470 503 Noli
1507 456 1817 504 descendere
1857 456 1907 503 in

224 527 534 590 Aeqyptum;
580 528 755 576 habita
796 532 963 575 autem
1003 529 1054 575 in
1094 532 1258 590 terra,
1298 542 1449 588 quam
1489 529 1581 577 tibi
1617 529 1822 587 dixerO,
1864 534 1911 579 et

166 607 192 648 5
226 604 389 651 incole
429 603 480 650 in
519 606 663 650 terra
687 602 813 658 ltac;
852 606 902 650 et
939 615 1027 650 ero
1067 605 1230 651 tecum
1269 606 1318 650 et
1355 603 1650 651 benedicam
1689 607 1749 650 te.
1804 601 1915 650 Tibi

224 677 355 725 enim
394 681 444 724 et
479 676 660 725 semini
696 680 779 724 tuo
820 675 950 724 dabo
991 688 1181 723 omnem
1213 673 1407 725 terram
1431 676 1579 735 hane,
1620 680 1669 723 et
1690 680 1909 724 statuam

224 752 561 798 iuramentum
608 762 790 809 meum,
845 749 982 809 quod
1025 750 1196 797 iuravi
1232 749 1474 798 Abrahae
1514 750 1660 811 patri
1697 754 1810 806 tuo;
1865 754 1914 798 et

223 824 564 885 multiplicabo
602 837 770 872 semen
809 826 947 870 tuum
987 827 1240 882 tamquam
1278 825 1449 872 stellas
1487 825 1638 882 caeli,
1692 827 1741 872 et
1779 824 1909 872 dabo

223 899 404 947 semini
434 902 517 964 tuo
550 910 740 945 omnem
772 901 964 945 terram
995 897 1144 955 lianc,
1174 901 1222 945 et
1245 897 1610 946 benedicentur
1641 898 1694 945 in
1724 899 1910 946 semine

137 963 192 1018 '10
225 977 308 1020 tuo
348 984 515 1019 omnes
543 975 718 1031 ,centes
751 974 937 1031 terrae,
969 984 1069 1032 pro
1102 983 1158 1018 eo
1190 971 1328 1031 quod
1357 971 1618 1020 obaudivit
1648 970 1908 1020 Abraham

216 1050 371 1109 pater
419 1050 533 1093 tuus
578 1058 748 1094 vocem
793 1058 953 1093 meam
1000 1048 1048 1092 et
1087 1045 1357 1094 custodivit
1388 1049 1670 1107 praecepta
1710 1058 1821 1094 mea
1861 1050 1910 1094 et

222 1120 466 1168 mandata
521 1132 632 1167 mea
687 1123 736 1167 et
789 1119 1172 1177 iustificationes
1222 1132 1358 1167 meas
1409 1124 1459 1167 et
1509 1120 1731 1180 leqitima
1782 1133 1906 1169 mea.

223 1192 321 1241 Iste
361 1191 638 1256 patriarcha
676 1206 768 1240 nec
808 1206 1014 1240 uxorem
1045 1190 1217 1240 habuit
1249 1191 1391 1240 aliam
1423 1207 1515 1240 nec
1546 1191 1758 1256 aliquam
1791 1206 1903 1240 con-

225 1265 470 1330 cubinam,
510 1265 597 1314 sed
634 1266 924 1330 posteritate
968 1264 1180 1313 duorum
1219 1267 1530 1329 geminorum
1570 1281 1629 1314 ex
1662 1281 1760 1314 uno
1795 1275 1907 1314 con-

138 1345 193 1386 15
226 1338 397 1389 cubitu
444 1345 819 1404 procreatorum
866 1344 1130 1387 contentus
1181 1338 1288 1388 fuit.
1365 1338 1551 1388 Timuit
1599 1354 1713 1387 sane
1763 1341 1909 1388 etiam

222 1415 329 1479 ipse
369 1412 646 1478 periculum
693 1412 753 1462 de
791 1411 1160 1477 pulchritudine
1202 1414 1426 1477 coniugis
1437 1452 1451 1478 ‚
1507 1428 1621 1461 cum
1668 1411 1911 1462 habitaret

221 1489 354 1536 inter
387 1486 586 1553 alienoS‚
618 1487 832 1550 fecitque
868 1486 1000 1550 quod
1031 1492 1186 1552 pater,
1225 1493 1280 1535 ut
1313 1502 1421 1535 eam
1453 1501 1674 1535 sororem
1708 1486 1910 1551 diceret,

222 1567 411 1610 taceret
457 1575 685 1626 uxorem3
742 1566 848 1608 erat
895 1561 1026 1608 enim
1079 1561 1125 1608 ei
1175 1561 1453 1625 propinqua
1504 1568 1553 1609 et
1602 1567 1808 1625 paterno
1862 1567 1910 1610 et

225 1641 448 1683 materno
489 1636 749 1699 sanguine3
790 1633 876 1682 sed
909 1635 1057 1682 etiam
1087 1635 1194 1698 ipsa
1225 1633 1284 1683 ab
1319 1633 1505 1700 alieniS,
1545 1636 1740 1699 cognito
1781 1634 1911 1699 quod

136 1715 194 1756 20
226 1723 351 1758 uxor
399 1715 551 1774 esset,
598 1709 778 1757 mansit
825 1708 1022 1756 intacta.
1098 1706 1199 1757 Nec
1238 1707 1350 1757 ideo
1388 1714 1553 1757 tamen
1592 1709 1743 1757 istum
1781 1709 1910 1773 patri

226 1784 333 1831 eius
372 1782 624 1847 praeferre
667 1780 920 1847 debemm,
961 1783 1075 1845 quia
1106 1782 1201 1831 iste
1233 1781 1418 1831 nullam
1449 1783 1679 1831 feminam
1712 1788 1910 1847 praeter

225 1871 374 1905 unam
407 1858 668 1920 coniugem
699 1862 917 1904 noverat.
971 1854 1125 1904 Erant
1150 1857 1281 1905 enim
1306 1855 1480 1921 procul
1505 1855 1654 1905 dubio
1678 1862 1909 1921 paternae

228 1930 343 1978 fidei
382 1936 432 1978 et
464 1929 802 1979 oboedientiae
839 1931 1013 1978 merita
1043 1930 1250 1996 potiora,
1290 1932 1343 1978 in
1374 1935 1580 1995 tantum,
1620 1936 1675 1979 ut
1706 1936 1909 1995 propter

229 2003 368 2052 illum
414 2002 545 2052 dicat
582 2003 714 2052 Deus
761 2003 877 2052 huic
918 2017 971 2051 se
1011 2003 1174 2052 facere
1213 2002 1340 2052 bona
1381 2019 1506 2067 quae
1546 2004 1676 2053 facit.
1751 2004 1907 2052 Bene-

138 2083 194 2124 25
229 2079 478 2136 dicentur,
517 2079 693 2142 inquit,
732 2080 784 2126 in
825 2079 1012 2125 semine
1051 2081 1135 2125 tuo
1173 2091 1341 2126 omnes
1375 2082 1551 2139 ,centes
1590 2082 1776 2135 terrae,
1810 2091 1908 2138 pro

224 2165 280 2200 eo
327 2152 465 2211 quod
510 2152 769 2200 obaudivit
808 2151 1069 2198 Abraham
1110 2155 1264 2212 pater
1303 2156 1418 2199 tuus
1457 2165 1622 2200 vocem
1663 2165 1823 2199 meam
1863 2157 1912 2199 et

223 2225 492 2274 custodivit
523 2229 802 2286 praecepta
843 2237 953 2272 mea
978 2228 1028 2273 et
1050 2225 1294 2272 mandata
1318 2238 1429 2272 mea
1455 2230 1504 2273 et
1526 2226 1909 2284 iustificationes

222 2312 360 2346 meas
399 2303 448 2347 et
485 2300 708 2359 leqitima
747 2311 858 2346 mea
870 2314 888 2353 ,·
935 2303 985 2345 et
1024 2295 1116 2345 alio
1157 2312 1333 2347 rursus
1374 2297 1597 2348 oraculo:
1639 2298 1747 2360 qu
1786 2313 1908 2357 sum,

222 2372 399 2436 inquit,
436 2371 573 2420 Deus
598 2371 858 2420 Abraham
883 2372 1051 2432 patris
1083 2374 1170 2431 tui,
1210 2374 1316 2420 noli
1346 2374 1550 2429 timere;
1589 2377 1752 2421 tecum
1777 2374 1908 2421 enim

135 2451 191 2492 30
222 2459 332 2493 sum
379 2451 428 2494 et
473 2446 714 2494 benedixi
758 2451 806 2494 te
852 2450 901 2493 et
937 2446 1278 2507 multiplicabo
1317 2460 1483 2495 semen
1523 2451 1662 2494 tuum
1694 2450 1906 2507 propter

222 2519 482 2568 Abraham
514 2524 716 2582 patrem
752 2524 889 2567 tuum
898 2535 917 2575 ;
955 2523 1011 2566 ut
1040 2517 1383 2583 intellegamus
1416 2533 1560 2583 quam
1595 2524 1725 2566 caste
1752 2517 1901 2567 Abra-

222 2591 334 2640 ham
374 2592 569 2657 fecerit,
617 2591 748 2656 quod
793 2589 1075 2640 hominibus
1121 2591 1371 2656 inpudicis
1411 2598 1460 2641 et
1498 2592 1743 2656 nequitiae
1786 2605 1903 2640 suae

346 2705 417 2758 12)
451 2703 562 2748 Gen.
595 2709 667 2759 26,
702 2710 723 2747 1
757 2718 855 2759 sqq.
919 2704 992 2758 31)
1026 2702 1137 2747 Gen.
1171 2709 1243 2760 26,
1274 2709 1344 2749 24.

344 2869 397 2908 18
431 2867 479 2908 et
516 2865 634 2932 pah]
676 2866 723 2909 et
753 2878 835 2909 om.
868 2878 893 2909 v
931 2865 955 2921 ΙΙ
997 2869 1049 2909 19
1083 2864 1246 2909 alienis
1287 2865 1591 2919 VAFParr.,·
1632 2864 1906 2922 alienigenis

221 2921 295 2967 Rv
318 2924 334 2978 ΙΙ
357 2927 412 2967 20
444 2937 558 2967 uxor
590 2924 687 2968 eius
718 2938 743 2968 v
