2004 3140
508 160 573 191 DE
597 158 837 192 mvrrA‘rE
861 158 951 190 DEI
975 159 1018 192 L.
1045 160 1190 192 xvm.
1215 159 1252 192 c.
1276 162 1330 193 47.
1354 162 1410 194 48.
1690 149 1793 203 331

111 275 245 321 tione
295 273 623 337 posteriorem
682 271 833 320 fuisse
895 286 1041 335 quam
1092 272 1256 321 Israel.
1335 272 1577 322 Divinitus
1632 281 1796 323 autem

110 347 360 411 provisum
391 346 543 395 fuisse
575 360 673 395 non
699 344 885 410 dubim,
925 351 978 394 ut
1011 361 1067 394 ex
1103 345 1196 395 hoc
1230 361 1328 395 uno
1369 349 1610 396 sciremus
1651 349 1797 397 etiam

109 435 199 485 per
246 419 361 468 alias
411 425 583 484 gentes
632 434 740 468 esse
790 420 1034 485 potuisse,
1084 421 1168 483 qui
1217 420 1491 470 secundum
1531 420 1688 470 Deum
1729 423 1794 470 vi-

110 500 290 549 xerunt
328 494 472 557 eique
512 492 821 558 placuerunt,
860 495 1168 557 pertinentes
1208 493 1267 542 ad
1309 494 1580 558 spiritalem
1619 495 1794 544 Hieru-

102 567 272 616 salem.
366 566 506 624 Quod
560 568 746 615 nemini
797 570 1089 616 concessum
1138 568 1291 616 fuisse
1347 568 1650 634 credendum
1706 577 1796 634 est,

107 641 202 688 nisi
257 641 336 689 cui
390 640 624 689 divinitus
695 639 940 690 revelatus
997 650 1071 690 est
1126 657 1254 690 unus
1309 641 1549 690 mediator
1605 642 1693 691 Dei
1748 650 1797 691 et

104 713 376 780 hominum,
415 714 562 763 homo
596 713 823 763 Christus
855 713 1009 769 Iesus.
1051 716 1135 779 qui
1167 722 1406 764 venturus
1446 717 1495 764 in
1537 731 1684 764 carne
1725 717 1795 764 sic

106 788 321 852 antiquis
369 789 552 837 sanctis
599 787 1063 854 praenuntiabatur,
1111 803 1258 853 quem
1306 789 1365 837 ad
1413 789 1614 838 modum
1654 789 1795 838 nobis

105 863 300 910 venisse
339 862 595 911 nuntiatus
648 868 744 927 est,
795 868 850 910 ut
898 877 994 911 una
1034 861 1303 926 eademque
1342 878 1432 927 per
1471 865 1635 928 ipsum
1675 863 1794 912 fides

102 950 277 984 omnes
317 937 367 984 in
408 935 497 984 Dei
536 936 808 1000 civitatem,
857 935 945 984 Dei
985 935 1208 997 domum,
1249 935 1338 984 Dei
1379 936 1616 1002 templum
1653 952 1794 1002 prae-

101 1008 377 1058 destinatos
426 1009 667 1074 perducat
718 1009 775 1057 ad
819 1008 987 1059 Deum.
1067 1009 1164 1058 Sed
1205 1025 1546 1074 quaecumque
1587 1010 1796 1060 aliorum

106 1082 394 1147 prophetiae
435 1082 494 1131 de
527 1082 616 1131 Dei
654 1098 745 1147 per
776 1082 940 1132 lesum
973 1083 1222 1132 Christum
1262 1086 1417 1147 gratia
1454 1084 1795 1148 proferuntur,

104 1164 315 1220 possunt
363 1158 529 1221 putari
578 1172 604 1204 a
657 1155 945 1205 Christianis
1002 1173 1110 1206 esse
1163 1157 1415 1206 confictae.
1507 1157 1622 1206 Ideo
1674 1158 1796 1207 nihil

102 1236 184 1297 est
229 1230 419 1279 firmius
467 1229 526 1279 ad
575 1230 938 1279 convincendos
978 1229 1226 1295 quoslibet
1263 1230 1471 1295 alienOS,
1523 1232 1564 1279 si
1604 1231 1663 1280 de
1704 1231 1794 1281 hac

103 1318 159 1352 re
200 1303 568 1369 contenderint,
616 1311 912 1368 nostrosque
953 1305 1226 1370 faciendOS,
1267 1306 1309 1353 si
1347 1311 1483 1353 recte
1525 1307 1794 1370 sapuerint,

103 1392 251 1441 quam
292 1384 347 1427 ut
379 1377 540 1426 divina
579 1377 829 1442 praedicta
870 1378 929 1427 (le
963 1378 1160 1427 Christo
1201 1393 1257 1427 ea
1295 1379 1629 1445 proferantur,
1669 1394 1792 1443 quae

104 1452 154 1499 in
205 1450 499 1500 Iudaeorum
550 1451 803 1500 codicibus
855 1454 1038 1517 scripta
1086 1459 1223 1518 sunt3
1276 1451 1455 1516 quibus
1503 1452 1683 1502 avulsis
1733 1453 1792 1502 de

105 1523 306 1574 sedibus
360 1526 576 1590 propriis
631 1532 682 1574 et
733 1533 938 1590 propter
989 1526 1083 1575 hoc
1131 1527 1470 1575 testimonium
1519 1533 1622 1575 toto
1674 1526 1793 1575 orbe

107 1597 344 1664 dispersis
386 1597 568 1648 Christi
609 1614 964 1664 usquequaque
1006 1602 1162 1649 crevit
1200 1599 1420 1648 ecclesia.

706 1785 900 1840 CAPUT
940 1786 1186 1839 XLVIII.

106 1895 432 1957 Prophetiam
465 1895 675 1956 Ayyaez‘,
715 1909 816 1955 qua
857 1896 990 1942 dimit
1028 1896 1268 1943 maiorem
1304 1893 1538 1954 futuram
1572 1895 1793 1955 ⁸(storiam

106 1970 279 2017 domus
319 1968 428 2028 Dei,
468 1982 618 2028 quam
653 1970 874 2030 primum
909 1966 1104 2032 fuisset,
1143 1974 1243 2016 noh
1284 1970 1334 2016 in
1376 1970 1793 2027 reaedificatione

254 2044 444 2104 templi,
484 2044 576 2091 sed
614 2045 665 2091 in
705 2044 918 2091 eeclesia
965 2042 1154 2090 Christe·
1190 2056 1297 2091 esse
1335 2044 1642 2104 completam.

251 2143 382 2194 Haec
415 2144 591 2194 domus
623 2143 711 2193 Dei
743 2146 941 2193 maioris
974 2151 1050 2193 est
1089 2143 1287 2210 gloriae,
1327 2159 1473 2208 quam
1514 2145 1676 2192 fuerat
1713 2143 1792 2192 illa

105 2220 262 2283 prima
301 2218 444 2282 lignis
478 2226 527 2267 et
558 2218 802 2283 lapidibus
842 2220 1121 2282 ceterisque
1160 2219 1393 2282 pretiosis
1433 2217 1584 2266 rebus
1625 2217 1791 2266 metal-

106 2291 263 2356 lisque
297 2298 596 2342 constructa.
674 2292 783 2340 Non
815 2293 979 2356 itaque
1012 2293 1193 2356 Aggaei
1232 2291 1491 2356 prophetia
1530 2292 1582 2339 in
1623 2290 1792 2355 templi

105 2365 236 2414 illius
283 2367 638 2415 instauratione
688 2365 928 2430 completa
977 2373 1064 2414 est.
1143 2364 1214 2413 Ex
1265 2380 1362 2429 quo
1415 2366 1546 2413 enim
1597 2371 1672 2413 est
1718 2365 1790 2412 in-

106 2446 402 2506 stauratum,
451 2454 718 2503 numquam
759 2439 1037 2488 ostenditur
1077 2437 1306 2487 habuisse
1347 2445 1532 2487 tantam
1571 2437 1790 2501 gloriam,

108 2519 338 2576 quantam
384 2512 556 2562 habuit
601 2520 824 2578 tempore
877 2512 1172 2578 Salomonis3
1221 2513 1369 2561 immo
1421 2512 1586 2575 potius
1627 2517 1789 2559 osten·

108 2585 241 2635 ditur
290 2588 506 2651 primum
558 2588 832 2636 cessatione
887 2586 1175 2650 prophetiae
1230 2585 1383 2634 fuisse
1436 2584 1610 2633 domus
1661 2583 1791 2633 illius

109 2658 312 2723 gloriam
369 2660 683 2726 diminutam,
738 2659 914 2708 deinde
962 2661 1118 2724 ipsius
1166 2660 1326 2722 gentis
1375 2656 1595 2706 cladibus
1643 2658 1792 2706 tantis

109 2747 267 2796 usque
309 2733 367 2781 ad
406 2733 636 2782 ultimum
677 2733 937 2799 excidium,
977 2732 1107 2797 quod
1148 2733 1331 2780 sactum
1372 2738 1447 2779 est
1485 2746 1512 2778 a
1543 2730 1791 2796 Romanis,

110 2807 240 2854 sicut
278 2821 359 2871 ea,
398 2821 522 2870 quae
564 2822 713 2871 supra
751 2814 867 2855 sunt
906 2812 1285 2855 commemorata
1324 2811 1582 2853 testantur.
1660 2803 1791 2852 Haec

111 2885 274 2928 autem
329 2879 504 2929 domus
565 2880 623 2929 ad
687 2895 869 2930 novum
928 2881 1183 2945 pertinens
1249 2884 1599 2929 testamentum
1655 2883 1790 2928 tanto

1830 948 1884 988 10

1830 1317 1883 1356 15

1825 1803 1881 1842 20

1824 2228 1881 2267 25

1824 2595 1880 2635 30
