2004 3140
143 1132 195 1171 10

144 1499 197 1539 15

139 1867 208 1918 20-

143 2233 198 2274 25

139 2602 195 2641 30

227 155 334 207 512
879 164 916 197 s,
939 164 1215 198 Anous'rm1

227 296 348 345 pora
395 293 507 328 eum
557 276 837 343 spiritibUS,
885 277 1148 327 daemones
1194 284 1358 328 autem
1405 280 1607 344 spiritus
1655 281 1762 330 sine
1803 296 1933 330 corn

226 352 431 418 poribus
478 352 738 401 haerentes
787 351 1025 400 sumendo
1072 367 1303 417 poenam,
1355 368 1453 401 non
1493 353 1804 418 inpertiendo
1845 356 1913 404 vi-

227 435 326 476 tam
386 425 725 490 corporalibus
783 425 992 489 ignibus,
1078 425 1214 475 Unus
1269 428 1449 491 quippe
1504 428 1729 492 utrisque
1784 429 1912 493 ignis

227 502 336 566 erit,
376 502 506 549 sicut
544 498 732 549 Veritas
772 499 906 548 dixit.

912 686 1104 740 CAPUT
1144 687 1235 740 XI.

275 797 353 845 An
392 798 487 846 hoc
526 799 660 845 ratio
701 797 923 845 iustitiae
958 795 1160 855 habeat,
1201 800 1259 844 ut
1295 811 1395 845 non
1433 798 1535 844 sint
1572 799 1863 846 extensiora

384 880 668 933 poenarum
708 875 948 932 tempora,
989 883 1139 930 quam
1173 868 1374 930 fuerint
1403 875 1747 932 peccatorum.

376 973 456 1022 Sic
497 979 662 1023 autem
710 973 908 1037 quidam
955 987 1154 1038 eorum,
1209 978 1381 1021 contra
1428 988 1552 1037 quos
1600 972 1909 1022 defendimus

229 1049 475 1096 civitatem
514 1047 617 1114 Dei,
658 1049 897 1096 iniustum
934 1052 1124 1111 putant,
1165 1052 1219 1095 ut
1256 1061 1346 1111 pro
1387 1048 1602 1111 peccatis
1644 1045 1912 1112 quamlibet

227 1123 430 1187 magniS,
469 1136 617 1186 parvo
660 1121 849 1170 scilicet
887 1126 1108 1185 tempore
1148 1122 1469 1186 perpetratiS,
1506 1135 1664 1185 poena
1705 1122 1914 1185 quisque

228 1195 489 1244 damnetur
535 1201 756 1260 aeterna,
806 1196 945 1258 quasi
990 1194 1137 1243 ullius
1184 1193 1233 1243 id
1285 1209 1518 1258 umquam
1563 1195 1752 1244 iustitia
1791 1193 1912 1258 legis

228 1269 471 1332 adtendat,
512 1275 567 1318 ut
599 1275 733 1318 tanta
764 1283 901 1316 mora
933 1269 1170 1332 temporis
1203 1269 1412 1332 quisque
1445 1268 1693 1334 puniatur,
1734 1274 1916 1333 quanta

228 1358 365 1391 mora
396 1344 635 1407 temporis
668 1342 799 1391 unde
838 1343 1102 1406 puniretur
1142 1341 1350 1390 admisit.
1414 1340 1536 1390 Octo
1577 1357 1759 1406 genera
1798 1357 1913 1406 poe-

228 1431 403 1465 narum
458 1418 510 1464 in
557 1414 748 1480 legibus
798 1431 905 1464 esse
954 1414 1126 1464 scribit
1165 1415 1379 1480 Tullius,
1434 1415 1688 1483 damnum,
1742 1415 1915 1481 vincla,

229 1488 455 1553 verbera,
495 1489 749 1556 talionem,
789 1490 1128 1554 ignominiam,
1169 1489 1393 1554 exilium,
1432 1495 1664 1555 mortem,
1705 1491 1913 1538 servitu-

226 1569 341 1612 tem.
421 1563 548 1620 Quid
587 1562 766 1612 horum
819 1569 893 1611 est
933 1562 1064 1626 quod
1104 1564 1155 1612 in
1194 1561 1343 1611 breve
1383 1568 1579 1627 tempus
1618 1578 1708 1628 pro
1750 1564 1913 1612 cuius-

227 1652 322 1701 que
355 1638 547 1701 peccati
571 1636 823 1685 celeritate
857 1642 1121 1701 coartetur,
1155 1642 1210 1685 ut
1242 1642 1374 1685 tanta
1399 1635 1676 1685 vindicetur
1710 1635 1913 1703 morula,

227 1716 408 1774 quanta
457 1710 843 1775 deprehenditur
890 1716 1256 1775 perpetratum,
1311 1711 1407 1758 nisi
1454 1710 1581 1759 forte
1629 1707 1783 1759 talio‘?
1858 1709 1913 1759 Id

228 1785 358 1832 enim
391 1785 503 1850 agit,
542 1790 598 1833 ut
628 1783 721 1833 hoe
753 1786 966 1849 patiatur
1007 1785 1216 1848 quisque
1258 1783 1387 1848 quod
1428 1783 1559 1832 fecit.
1614 1783 1753 1832 Unde
1793 1783 1915 1832 illud

227 1864 303 1906 est
349 1857 521 1926 legisQ
555 1859 766 1908 Oculum
805 1873 905 1920 pro
953 1861 1121 1919 oculo,
1171 1860 1366 1907 dentem
1405 1873 1503 1920 pro
1545 1860 1704 1907 dente.
1782 1857 1915 1906 Fieri

227 1933 359 1980 enim
398 1937 583 1998 potest,
631 1938 687 1980 ut
733 1938 832 1980 tam
879 1931 1016 1980 brevi
1056 1937 1279 1996 tempore
1321 1933 1528 1996 quisque
1570 1933 1759 1981 amittat
1797 1947 1912 1980 ocu-

226 2005 329 2054 lum
361 2007 621 2054 severitate
655 2005 913 2070 vindictae,
954 2020 1100 2069 quam
1140 2005 1253 2054 tulit
1291 2006 1395 2070 ipse
1436 2005 1577 2054 alteri
1616 2004 1912 2070 inprobitate

226 2080 429 2143 peccati.
508 2079 663 2127 Porro
698 2085 862 2128 autem
895 2080 937 2127 si
969 2078 1154 2127 alienae
1196 2079 1404 2128 feminae
1445 2079 1671 2128 osculum
1709 2079 1913 2128 infixum

227 2153 430 2200 rationis
463 2153 527 2200 sit
559 2151 763 2200 verbere
797 2151 1061 2216 vindicare,
1101 2167 1265 2200 nonne
1298 2155 1383 2216 qui
1414 2152 1532 2202 illud
1566 2159 1750 2218 puncto
1790 2159 1912 2201 tem-

229 2226 364 2289 poris
413 2225 607 2290 fecerit,
648 2225 1018 2289 incomparabili
1066 2225 1300 2274 horarum
1340 2228 1495 2290 spatio
1536 2225 1827 2275 verberatur
1865 2232 1914 2275 et

228 2299 440 2347 suavitas
473 2298 735 2362 voluptatis
768 2300 970 2362 exiguae
1004 2298 1237 2347 diuturno
1271 2299 1438 2347 dolore
1471 2297 1713 2364 punitur?
1769 2298 1913 2365 Quid,

226 2373 277 2420 in
323 2371 530 2420 vinculis
578 2372 817 2436 numquid
867 2372 1049 2420 tamdiu
1099 2374 1308 2436 quisque
1356 2372 1647 2422 iudicandus
1688 2379 1763 2421 est
1803 2388 1913 2421 esse

228 2444 433 2509 debere,
484 2445 717 2509 quamdiu
764 2446 881 2494 fecit
926 2446 1055 2494 unde
1105 2448 1285 2495 meruit
1332 2446 1538 2512 alligari3
1587 2462 1699 2495 cum
1747 2447 1911 2495 iustis-

231 2520 351 2567 sime
400 2533 608 2568 annosas
654 2534 837 2584 poenas
886 2534 1058 2568 servus
1106 2521 1156 2567 in
1206 2519 1525 2584 compedibus
1573 2520 1779 2585 pendat,
1828 2521 1912 2584 qui

226 2591 375 2641 verbo
409 2598 493 2641 aut
523 2594 626 2642 ictu
660 2593 915 2642 celerrime
948 2599 1237 2643 transeunte
1269 2594 1343 2642 vel
1375 2594 1620 2643 lacessivit
1659 2593 1913 2642 dominum

345 2735 389 2789 4)
420 2735 502 2778 Mt.
536 2738 608 2790 25,
640 2739 711 2780 41.
773 2736 847 2791 20)
880 2735 1021 2778 Exod.
1055 2739 1125 2791 21,
1158 2740 1229 2781 24.

345 2896 516 2939 ssiR
