2004 3140
497 155 564 187 DE
589 154 828 188 οΙἩΤΑΤΕ
849 155 940 188 Dm
962 155 1005 190 L.
1029 155 1172 189 xvm.
1197 155 1235 189 c.
1260 157 1314 189 19.
1338 156 1392 189 20.
1672 142 1778 196 281

98 270 440 336 Sicyoniorum
470 270 566 317 iam
597 267 833 334 Pelasgus
866 275 971 318 erat
1003 275 1052 319 et
1082 267 1422 318 Hebraeorum
1459 267 1609 318 iudex
1645 268 1778 317 Sam-

97 359 209 411 son3
249 345 333 408 qui
372 357 486 392 cum
524 341 814 392 mirabiliter
854 343 996 392 fortis
1037 351 1191 409 esset,
1235 349 1438 408 putatus
1478 348 1554 392 est
1590 341 1778 391 Hercu-

96 417 182 468 les,
260 415 356 466 Sed
388 415 602 482 Aenean,
642 418 874 481 quoniam
908 416 1102 481 quando
1142 423 1372 466 mortuus
1413 423 1489 466 est
1525 431 1627 466 non
1666 431 1780 465 con-

94 493 288 557 paruit,
338 490 486 540 deum
537 489 631 540 sibi
681 491 910 540 fecerunt
947 490 1122 540 Latini.
1202 489 1370 539 Sabini
1417 492 1565 539 etiam
1611 504 1781 555 regem

95 580 238 615 suum
277 566 493 629 primum
533 563 748 614 Sancum
788 566 906 631 sive,
947 571 1002 614 ut
1041 564 1191 629 aliqui
1230 563 1490 630 appellant,
1530 563 1781 630 Sanctum,
1814 571 1841 611 5

93 638 396 688 rettulerunt
434 640 485 687 in
525 637 658 688 deos.
735 638 832 688 Per
874 638 1004 687 idem
1045 644 1242 703 tempus
1276 637 1467 687 Codrus
1506 653 1595 687 rex
1633 637 1779 686 Athe-

93 714 341 762 niensium
393 711 853 778 Peloponnensibus
908 712 1129 762 eiusdem
1184 711 1411 762 hostibus
1466 713 1676 761 civitatis
1727 726 1780 760 se

91 786 489 836 interficiendum
529 788 728 851 ignotus
768 786 970 852 obiecit3
1012 794 1061 835 et
1100 787 1285 835 factum
1324 792 1414 835 est.
1490 785 1595 834 Hoc
1635 783 1780 834 modo

93 875 207 910 eum
253 860 540 925 praedicant
584 862 794 926 patriam
839 860 1089 910 liberasse.
1167 860 1480 925 Responsum
1531 861 1663 909 enim
1703 873 1780 908 ac-

93 941 327 999 ceperant
374 934 775 999 Peloponnenses
828 941 934 984 tum
982 935 1181 983 demum
1229 950 1282 983 se
1335 940 1684 999 superaturOS,
1739 933 1872 982 silo

94 1023 267 1057 eorum
315 1023 484 1073 regem
530 1024 629 1057 non
677 1009 988 1058 occidissent.
1066 1007 1259 1057 Fefellit
1307 1023 1424 1072 ergo
1473 1023 1558 1056 eos
1609 1006 1781 1056 habitu

93 1084 326 1147 pauperis
375 1082 655 1147 apparendo
704 1090 752 1132 et
803 1085 855 1131 in
896 1097 1035 1132 suam
1074 1097 1247 1131 necem
1285 1097 1376 1146 per
1415 1083 1632 1146 iurgium
1671 1096 1783 1146 pro-

94 1156 327 1205 vocando.
404 1155 543 1205 Unde
584 1158 651 1206 ait
689 1155 956 1220 Vergilius:

1041 1247 1109 1293 Et
1146 1246 1313 1308 iurgia
1353 1244 1516 1295 Codri.

94 1332 158 1382 Et
194 1333 327 1382 hunc
359 1333 687 1383 Athenienses
727 1340 978 1398 tamquam
1016 1333 1164 1382 deum
1206 1333 1563 1382 sacrificiorum
1594 1332 1782 1382 honore
1818 1339 1874 1379 15

94 1406 369 1456 coluerunt.
463 1407 649 1465 Quarto
704 1406 991 1458 Latinorum
1047 1423 1164 1471 rege
1217 1406 1366 1456 Silvio
1421 1407 1614 1456 Aeneae
1669 1406 1784 1472 filio,

90 1495 188 1529 non
215 1480 275 1529 de
309 1479 507 1545 Creusa,
547 1481 606 1530 de
641 1496 737 1546 qua
769 1482 862 1530 fuit
892 1482 1146 1548 AscaniuS,
1186 1483 1271 1546 qui
1302 1482 1480 1530 tertius
1511 1479 1581 1530 ibi
1610 1495 1783 1545 regna-

90 1556 181 1620 vit,
220 1554 306 1603 sed
362 1555 422 1603 de
470 1553 668 1604 Lavinia
714 1554 874 1604 Latini
914 1555 1033 1622 filia,
1084 1571 1230 1619 quem
1270 1562 1555 1619 postumum
1595 1555 1785 1603 Aeneas

94 1628 275 1678 dicitur
329 1627 583 1695 habuisse,
637 1630 951 1694 Assyriorum
1006 1636 1171 1678 autem
1222 1630 1490 1678 vicensimo
1547 1635 1597 1677 et
1651 1643 1782 1677 nono

94 1701 231 1751 Oneo
272 1709 322 1751 et
358 1702 603 1751 Melantho
643 1702 1020 1752 Atheniensium
1060 1708 1199 1752 sexto
1240 1703 1456 1762 decim0,
1496 1702 1659 1751 iudice
1699 1717 1781 1751 au-
1816 1708 1875 1748 20

92 1782 195 1825 tem
224 1775 565 1825 Hebraeorum
597 1774 707 1824 Heli
746 1777 1001 1826 sacerdote
1041 1791 1250 1840 regnum
1285 1775 1630 1840 Sicyoniorum
1669 1791 1783 1824 con-

98 1857 349 1914 sumptum
390 1857 490 1915 est,
530 1849 660 1913 quod
699 1865 790 1914 per
829 1865 984 1899 annos
1024 1856 1301 1914 nongentos
1342 1851 1697 1914 quinquaginta
1736 1856 1786 1898 et

97 1937 273 1972 novem
311 1922 525 1972 traditur
564 1923 717 1972 fuisse
756 1931 1057 1988 porrectum.

763 2110 958 2165 CAPUT
987 2111 1104 2166 XX.

95 2219 172 2268 De
201 2221 519 2268 successione
551 2220 747 2268 ordinis
779 2222 914 2281 reyiz‘
951 2221 1092 2282 apud
1122 2220 1390 2269 Israelitas
1415 2226 1531 2282 post
1561 2221 1784 2269 iudicum
1816 2222 1874 2263 25

820 2299 1060 2355 tempora.

241 2393 352 2444 Mox
401 2395 586 2445 eisdem
632 2411 722 2462 per
768 2395 874 2444 loca
922 2403 1193 2445 memorata
1232 2394 1554 2460 regnantibus
1593 2394 1781 2444 Israeli-

93 2473 256 2516 tarum
294 2483 503 2534 regnum
542 2470 680 2518 finito
719 2476 942 2534 tempore
981 2469 1199 2518 iudicum
1240 2484 1265 2517 a
1309 2468 1454 2519 Saule
1494 2484 1610 2533 rege
1651 2483 1782 2518 sum·

94 2542 193 2605 psit
243 2542 524 2609 exordium,
573 2558 670 2608 quo
718 2550 942 2608 tempore
990 2543 1084 2592 fuit
1131 2542 1374 2608 propheta
1422 2542 1631 2591 Samuel.
1710 2541 1782 2590 Ab

94 2613 176 2662 illo
226 2616 378 2679 igitur
427 2622 650 2682 tempore
701 2617 752 2666 hi
807 2631 951 2681 reges
998 2615 1287 2665 Latinorum
1335 2631 1443 2664 esse
1496 2622 1782 2681 coeperunt,
1814 2619 1874 2659 30

103 2701 227 2751 quos
266 2689 676 2753 cognominabant
717 2690 914 2755 Silvios;
954 2689 1013 2738 ab
1054 2705 1111 2738 eo
1154 2691 1359 2755 quippe,
1400 2690 1485 2753 qui
1524 2689 1652 2737 filius
1692 2688 1781 2737 Ae-

98 2775 219 2809 neae
257 2764 448 2826 primus
488 2763 650 2813 dictus
690 2771 765 2813 est
806 2763 999 2829 SilviuS,
1040 2765 1221 2812 ceteris
1261 2762 1543 2812 subsecutis
1582 2770 1631 2811 et
1668 2776 1781 2827 pro-

217 2888 289 2943 14)
320 2887 459 2945 Verg.
491 2888 587 2934 Ecl.
622 2893 663 2944 5,
698 2895 766 2934 11.
