<?xml version="1.0" encoding="UTF-8"?>
<!DOCTYPE html PUBLIC "-//W3C//DTD XHTML 1.0 Transitional//EN"
    "http://www.w3.org/TR/xhtml1/DTD/xhtml1-transitional.dtd">
<html xmlns="http://www.w3.org/1999/xhtml" xml:lang="en" lang="en">
 <head>
  <title>
</title>
<meta http-equiv="Content-Type" content="text/html;charset=utf-8" />
  <meta name='ocr-system' content='tesseract 3.04.00' />
  <meta name='ocr-capabilities' content='ocr_page ocr_carea ocr_par ocr_line ocrx_word'/>
</head>
<body>
  <div class='ocr_page' id='page_1' title='image "./decivitatedeilib02auguuoft_0454.png"; bbox 0 0 2004 3140; ppageno 0'>
   <div class='ocr_carea' id='block_1_1' title="bbox 146 929 200 968">
    <p class='ocr_par' dir='ltr' id='par_1_1' title="bbox 146 929 200 968">
     <span class='ocr_line' id='line_1_1' title="bbox 146 929 200 968; baseline 0.019 -1"><span class='ocrx_word' id='word_1_1' title='bbox 146 929 200 968; x_wconf 89' lang='lat'><strong>10</strong></span> 
     </span>
    </p>
   </div>
   <div class='ocr_carea' id='block_1_2' title="bbox 145 1297 197 1336">
    <p class='ocr_par' dir='ltr' id='par_1_2' title="bbox 145 1297 197 1336">
     <span class='ocr_line' id='line_1_2' title="bbox 145 1297 197 1336; baseline 0 0"><span class='ocrx_word' id='word_1_2' title='bbox 145 1297 197 1336; x_wconf 86' lang='lat'><strong>15</strong></span> 
     </span>
    </p>
   </div>
   <div class='ocr_carea' id='block_1_3' title="bbox 140 1665 195 1704">
    <p class='ocr_par' dir='ltr' id='par_1_3' title="bbox 140 1665 195 1704">
     <span class='ocr_line' id='line_1_3' title="bbox 140 1665 195 1704; baseline 0 0"><span class='ocrx_word' id='word_1_3' title='bbox 140 1665 195 1704; x_wconf 83' lang='lat'><strong>20</strong></span> 
     </span>
    </p>
   </div>
   <div class='ocr_carea' id='block_1_4' title="bbox 138 2032 193 2072">
    <p class='ocr_par' dir='ltr' id='par_1_4' title="bbox 138 2032 193 2072">
     <span class='ocr_line' id='line_1_4' title="bbox 138 2032 193 2072; baseline 0.018 -1"><span class='ocrx_word' id='word_1_4' title='bbox 138 2032 193 2072; x_wconf 82' lang='lat'><strong>25</strong></span> 
     </span>
    </p>
   </div>
   <div class='ocr_carea' id='block_1_5' title="bbox 137 2399 194 2438">
    <p class='ocr_par' dir='ltr' id='par_1_5' title="bbox 137 2399 194 2438">
     <span class='ocr_line' id='line_1_5' title="bbox 137 2399 194 2438; baseline 0 0"><span class='ocrx_word' id='word_1_5' title='bbox 137 2399 194 2438; x_wconf 91' lang='lat'><strong>30</strong></span> 
     </span>
    </p>
   </div>
   <div class='ocr_carea' id='block_1_6' title="bbox 135 2765 191 2804">
    <p class='ocr_par' dir='ltr' id='par_1_6' title="bbox 135 2765 191 2804">
     <span class='ocr_line' id='line_1_6' title="bbox 135 2765 191 2804; baseline -0.018 0"><span class='ocrx_word' id='word_1_6' title='bbox 135 2765 191 2804; x_wconf 87' lang='lat'><strong>35</strong></span> 
     </span>
    </p>
   </div>
   <div class='ocr_carea' id='block_1_7' title="bbox 234 128 1239 181">
    <p class='ocr_par' dir='ltr' id='par_1_7' title="bbox 234 128 1239 181">
     <span class='ocr_line' id='line_1_7' title="bbox 234 128 1239 181; baseline -0.001 -10"><span class='ocrx_word' id='word_1_7' title='bbox 234 128 344 181; x_wconf 80' lang='lat'><strong>450</strong></span> <span class='ocrx_word' id='word_1_8' title='bbox 905 137 939 170; x_wconf 84' lang='lat' dir='ltr'><strong>S.</strong></span> <span class='ocrx_word' id='word_1_9' title='bbox 964 137 1239 172; x_wconf 73' lang='lat' dir='ltr'><strong>Aueusrm1</strong></span> 
     </span>
    </p>
   </div>
   <div class='ocr_carea' id='block_1_8' title="bbox 222 249 1967 2894">
    <p class='ocr_par' dir='ltr' id='par_1_8' title="bbox 232 249 1920 1203">
     <span class='ocr_line' id='line_1_8' title="bbox 235 249 1914 315; baseline -0.001 -13"><span class='ocrx_word' id='word_1_10' title='bbox 235 255 443 315; x_wconf 90' lang='lat' dir='ltr'><strong>amicus,</strong></span> <span class='ocrx_word' id='word_1_11' title='bbox 490 252 566 300; x_wconf 87' lang='lat' dir='ltr'><strong>vel</strong></span> <span class='ocrx_word' id='word_1_12' title='bbox 614 252 655 300; x_wconf 90' lang='lat' dir='ltr'><strong>si</strong></span> <span class='ocrx_word' id='word_1_13' title='bbox 703 249 821 315; x_wconf 89' lang='lat' dir='ltr'><strong>quid</strong></span> <span class='ocrx_word' id='word_1_14' title='bbox 872 250 1003 299; x_wconf 92' lang='lat' dir='ltr'><strong>aliud</strong></span> <span class='ocrx_word' id='word_1_15' title='bbox 1042 252 1136 299; x_wconf 93' lang='lat' dir='ltr'><strong>isto</strong></span> <span class='ocrx_word' id='word_1_16' title='bbox 1175 250 1439 300; x_wconf 89' lang='lat' dir='ltr'><strong>locutionis</strong></span> <span class='ocrx_word' id='word_1_17' title='bbox 1479 266 1660 315; x_wconf 79' lang='lat' dir='ltr'><strong>genere</strong></span> <span class='ocrx_word' id='word_1_18' title='bbox 1701 252 1798 302; x_wconf 91' lang='lat' dir='ltr'><strong>dici</strong></span> <span class='ocrx_word' id='word_1_19' title='bbox 1838 267 1914 301; x_wconf 88' lang='lat' dir='ltr'><strong>so-</strong></span> 
     </span>
     <span class='ocr_line' id='line_1_9' title="bbox 234 325 1916 388; baseline -0.001 -12"><span class='ocrx_word' id='word_1_20' title='bbox 234 327 315 376; x_wconf 89' lang='lat' dir='ltr'><strong>let.</strong></span> <span class='ocrx_word' id='word_1_21' title='bbox 395 325 536 383; x_wconf 87' lang='lat' dir='ltr'><strong>Quod</strong></span> <span class='ocrx_word' id='word_1_22' title='bbox 588 332 752 374; x_wconf 88' lang='lat' dir='ltr'><strong>autem</strong></span> <span class='ocrx_word' id='word_1_23' title='bbox 804 326 891 374; x_wconf 90' lang='lat' dir='ltr'><strong>ait:</strong></span> <span class='ocrx_word' id='word_1_24' title='bbox 946 325 1014 373; x_wconf 89' lang='lat' dir='ltr'><strong>Et</strong></span> <span class='ocrx_word' id='word_1_25' title='bbox 1059 339 1195 374; x_wconf 79' lang='lat' dir='ltr'><strong>nune</strong></span> <span class='ocrx_word' id='word_1_26' title='bbox 1243 327 1368 386; x_wconf 83' lang='lat' dir='ltr'><strong>quid</strong></span> <span class='ocrx_word' id='word_1_27' title='bbox 1405 327 1628 375; x_wconf 79' lang='lat' dir='ltr'><strong>detineat</strong></span> <span class='ocrx_word' id='word_1_28' title='bbox 1663 328 1827 388; x_wconf 64' lang='lat' dir='ltr'><strong>seim,</strong></span> <span class='ocrx_word' id='word_1_29' title='bbox 1866 325 1916 374; x_wconf 94' lang='lat' dir='ltr'><strong>id</strong></span> 
     </span>
     <span class='ocr_line' id='line_1_10' title="bbox 235 398 1920 466; baseline -0.001 -17"><span class='ocrx_word' id='word_1_30' title='bbox 235 408 332 464; x_wconf 90' lang='lat' dir='ltr'><strong>est,</strong></span> <span class='ocrx_word' id='word_1_31' title='bbox 372 400 490 464; x_wconf 89' lang='lat' dir='ltr'><strong>quid</strong></span> <span class='ocrx_word' id='word_1_32' title='bbox 542 401 606 448; x_wconf 90' lang='lat' dir='ltr'><strong>sit</strong></span> <span class='ocrx_word' id='word_1_33' title='bbox 651 401 702 447; x_wconf 92' lang='lat' dir='ltr'><strong>in</strong></span> <span class='ocrx_word' id='word_1_34' title='bbox 741 413 899 464; x_wconf 90' lang='lat' dir='ltr'><strong>mora,</strong></span> <span class='ocrx_word' id='word_1_35' title='bbox 952 413 1076 462; x_wconf 90' lang='lat' dir='ltr'><strong>quae</strong></span> <span class='ocrx_word' id='word_1_36' title='bbox 1117 413 1263 447; x_wconf 89' lang='lat' dir='ltr'><strong>causa</strong></span> <span class='ocrx_word' id='word_1_37' title='bbox 1302 400 1367 447; x_wconf 86' lang='lat' dir='ltr'><strong>sit</strong></span> <span class='ocrx_word' id='word_1_38' title='bbox 1405 398 1651 448; x_wconf 83' lang='lat' dir='ltr'>dilationis</span> <span class='ocrx_word' id='word_1_39' title='bbox 1692 402 1822 466; x_wconf 85' lang='lat' dir='ltr'><strong>eiuS,</strong></span> <span class='ocrx_word' id='word_1_40' title='bbox 1863 404 1920 448; x_wconf 88' lang='lat' dir='ltr'><strong>ut</strong></span> 
     </span>
     <span class='ocr_line' id='line_1_11' title="bbox 234 472 1916 539; baseline 0 -17"><span class='ocrx_word' id='word_1_41' title='bbox 234 477 485 524; x_wconf 80' lang='lat' dir='ltr'><strong>reveletur</strong></span> <span class='ocrx_word' id='word_1_42' title='bbox 517 476 568 522; x_wconf 82' lang='lat' dir='ltr'><strong>in</strong></span> <span class='ocrx_word' id='word_1_43' title='bbox 599 487 689 522; x_wconf 87' lang='lat' dir='ltr'><strong>suo</strong></span> <span class='ocrx_word' id='word_1_44' title='bbox 722 479 955 535; x_wconf 76' lang='lat' dir='ltr'><strong>tempore,</strong></span> <span class='ocrx_word' id='word_1_45' title='bbox 997 473 1155 521; x_wconf 86' lang='lat' dir='ltr'><strong>scitis:</strong></span> <span class='ocrx_word' id='word_1_46' title='bbox 1195 473 1425 536; x_wconf 89' lang='lat' dir='ltr'><strong>quoniam</strong></span> <span class='ocrx_word' id='word_1_47' title='bbox 1466 474 1592 522; x_wconf 91' lang='lat' dir='ltr'><strong>scire</strong></span> <span class='ocrx_word' id='word_1_48' title='bbox 1633 473 1740 522; x_wconf 92' lang='lat' dir='ltr'><strong>illos</strong></span> <span class='ocrx_word' id='word_1_49' title='bbox 1780 472 1916 539; x_wconf 84' lang='lat' dir='ltr'>dixit,</span> 
     </span>
     <span class='ocr_line' id='line_1_12' title="bbox 235 545 1915 613; baseline -0.001 -16"><span class='ocrx_word' id='word_1_50' title='bbox 235 556 403 613; x_wconf 88' lang='lat' dir='ltr'><strong>aperte</strong></span> <span class='ocrx_word' id='word_1_51' title='bbox 457 547 551 596; x_wconf 94' lang='lat' dir='ltr'><strong>hoc</strong></span> <span class='ocrx_word' id='word_1_52' title='bbox 604 547 769 596; x_wconf 83' lang='lat' dir='ltr'><strong>dicere</strong></span> <span class='ocrx_word' id='word_1_53' title='bbox 824 545 995 596; x_wconf 91' lang='lat' dir='ltr'><strong>noluit.</strong></span> <span class='ocrx_word' id='word_1_54' title='bbox 1072 545 1135 595; x_wconf 90' lang='lat' dir='ltr'><strong>Et</strong></span> <span class='ocrx_word' id='word_1_55' title='bbox 1190 545 1300 594; x_wconf 92' lang='lat' dir='ltr'><strong>ideo</strong></span> <span class='ocrx_word' id='word_1_56' title='bbox 1355 561 1471 613; x_wconf 92' lang='lat' dir='ltr'><strong>nos,</strong></span> <span class='ocrx_word' id='word_1_57' title='bbox 1527 549 1611 610; x_wconf 91' lang='lat' dir='ltr'><strong>qui</strong></span> <span class='ocrx_word' id='word_1_58' title='bbox 1666 549 1915 596; x_wconf 89' lang='lat' dir='ltr'><strong>nescimus</strong></span> 
     </span>
     <span class='ocr_line' id='line_1_13' title="bbox 234 619 1914 687; baseline -0.001 -16"><span class='ocrx_word' id='word_1_59' title='bbox 234 622 364 687; x_wconf 89' lang='lat' dir='ltr'><strong>quod</strong></span> <span class='ocrx_word' id='word_1_60' title='bbox 395 621 466 671; x_wconf 91' lang='lat' dir='ltr'><strong>illi</strong></span> <span class='ocrx_word' id='word_1_61' title='bbox 499 620 734 686; x_wconf 80' lang='lat' dir='ltr'><strong>sciebant,</strong></span> <span class='ocrx_word' id='word_1_62' title='bbox 772 621 1032 684; x_wconf 89' lang='lat' dir='ltr'><strong>pervenire</strong></span> <span class='ocrx_word' id='word_1_63' title='bbox 1074 634 1187 668; x_wconf 92' lang='lat' dir='ltr'><strong>cum</strong></span> <span class='ocrx_word' id='word_1_64' title='bbox 1226 619 1390 668; x_wconf 90' lang='lat' dir='ltr'><strong>labore</strong></span> <span class='ocrx_word' id='word_1_65' title='bbox 1432 619 1491 668; x_wconf 91' lang='lat' dir='ltr'><strong>ad</strong></span> <span class='ocrx_word' id='word_1_66' title='bbox 1529 620 1593 686; x_wconf 91' lang='lat' dir='ltr'><strong>id,</strong></span> <span class='ocrx_word' id='word_1_67' title='bbox 1633 620 1764 686; x_wconf 90' lang='lat' dir='ltr'><strong>quod</strong></span> <span class='ocrx_word' id='word_1_68' title='bbox 1805 635 1914 669; x_wconf 84' lang='lat' dir='ltr'><strong>sen·</strong></span> 
     </span>
     <span class='ocr_line' id='line_1_14' title="bbox 233 693 1916 761; baseline -0.002 -16"><span class='ocrx_word' id='word_1_69' title='bbox 233 699 298 746; x_wconf 88' lang='lat' dir='ltr'><strong>sit</strong></span> <span class='ocrx_word' id='word_1_70' title='bbox 336 695 608 761; x_wconf 78' lang='lat' dir='ltr'><strong>apostolUS,</strong></span> <span class='ocrx_word' id='word_1_71' title='bbox 657 696 884 759; x_wconf 89' lang='lat' dir='ltr'><strong>cupimus</strong></span> <span class='ocrx_word' id='word_1_72' title='bbox 939 709 1030 742; x_wconf 91' lang='lat' dir='ltr'><strong>nec</strong></span> <span class='ocrx_word' id='word_1_73' title='bbox 1093 693 1332 760; x_wconf 82' lang='lat' dir='ltr'><strong>valemus3</strong></span> <span class='ocrx_word' id='word_1_74' title='bbox 1380 695 1674 758; x_wconf 89' lang='lat' dir='ltr'><strong>praesertim</strong></span> <span class='ocrx_word' id='word_1_75' title='bbox 1713 696 1826 759; x_wconf 92' lang='lat' dir='ltr'><strong>quia</strong></span> <span class='ocrx_word' id='word_1_76' title='bbox 1867 702 1916 742; x_wconf 92' lang='lat' dir='ltr'><strong>et</strong></span> 
     </span>
     <span class='ocr_line' id='line_1_15' title="bbox 233 766 1915 836; baseline -0.002 -18"><span class='ocrx_word' id='word_1_77' title='bbox 233 769 327 836; x_wconf 86' lang='lat' dir='ltr'><strong>illa,</strong></span> <span class='ocrx_word' id='word_1_78' title='bbox 368 785 492 834; x_wconf 90' lang='lat' dir='ltr'><strong>quae</strong></span> <span class='ocrx_word' id='word_1_79' title='bbox 526 769 724 835; x_wconf 79' lang='lat' dir='ltr'>addidit,</span> <span class='ocrx_word' id='word_1_80' title='bbox 764 768 898 817; x_wconf 89' lang='lat' dir='ltr'><strong>hunc</strong></span> <span class='ocrx_word' id='word_1_81' title='bbox 931 782 1132 816; x_wconf 91' lang='lat' dir='ltr'><strong>sensum</strong></span> <span class='ocrx_word' id='word_1_82' title='bbox 1163 767 1351 817; x_wconf 87' lang='lat' dir='ltr'><strong>faciunt</strong></span> <span class='ocrx_word' id='word_1_83' title='bbox 1382 766 1736 818; x_wconf 83' lang='lat' dir='ltr'><strong>obscuriorem.</strong></span> <span class='ocrx_word' id='word_1_84' title='bbox 1791 767 1915 816; x_wconf 88' lang='lat' dir='ltr'><strong>Nam</strong></span> 
     </span>
     <span class='ocr_line' id='line_1_16' title="bbox 233 843 1914 907; baseline -0.001 -15"><span class='ocrx_word' id='word_1_85' title='bbox 233 843 350 907; x_wconf 91' lang='lat' dir='ltr'><strong>quid</strong></span> <span class='ocrx_word' id='word_1_86' title='bbox 422 849 518 892; x_wconf 88' lang='lat' dir='ltr'><strong>est:</strong></span> <span class='ocrx_word' id='word_1_87' title='bbox 589 844 699 892; x_wconf 79' lang='lat' dir='ltr'><strong>Iam</strong></span> <span class='ocrx_word' id='word_1_88' title='bbox 769 844 900 891; x_wconf 79' lang='lat' dir='ltr'><strong>enim</strong></span> <span class='ocrx_word' id='word_1_89' title='bbox 961 843 1252 904; x_wconf 75' lang='lat' dir='ltr'><strong>mysterium</strong></span> <span class='ocrx_word' id='word_1_90' title='bbox 1315 843 1595 902; x_wconf 79' lang='lat' dir='ltr'><strong>iniquitatis</strong></span> <span class='ocrx_word' id='word_1_91' title='bbox 1657 847 1914 904; x_wconf 83' lang='lat' dir='ltr'><em>operatur.</em></span> 
     </span>
     <span class='ocr_line' id='line_1_17' title="bbox 239 915 1917 978; baseline -0.001 -13"><span class='ocrx_word' id='word_1_92' title='bbox 239 917 450 967; x_wconf 80' lang='lat' dir='ltr'><strong>Tantum</strong></span> <span class='ocrx_word' id='word_1_93' title='bbox 489 919 579 978; x_wconf 82' lang='lat' dir='ltr'><strong>qui</strong></span> <span class='ocrx_word' id='word_1_94' title='bbox 615 919 758 966; x_wconf 84' lang='lat' dir='ltr'><strong>modo</strong></span> <span class='ocrx_word' id='word_1_95' title='bbox 798 921 932 965; x_wconf 79' lang='lat' dir='ltr'><strong>tenet</strong></span> <span class='ocrx_word' id='word_1_96' title='bbox 969 921 1157 975; x_wconf 80' lang='lat' dir='ltr'><strong>teneat,</strong></span> <span class='ocrx_word' id='word_1_97' title='bbox 1206 917 1365 965; x_wconf 81' lang='lat' dir='ltr'><strong>donee</strong></span> <span class='ocrx_word' id='word_1_98' title='bbox 1405 917 1466 965; x_wconf 86' lang='lat' dir='ltr'><strong>de</strong></span> <span class='ocrx_word' id='word_1_99' title='bbox 1503 915 1666 964; x_wconf 83' lang='lat' dir='ltr'><strong>medio</strong></span> <span class='ocrx_word' id='word_1_100' title='bbox 1699 917 1822 975; x_wconf 80' lang='lat' dir='ltr'><strong>fiat;</strong></span> <span class='ocrx_word' id='word_1_101' title='bbox 1868 922 1917 964; x_wconf 86' lang='lat' dir='ltr'><strong>et</strong></span> 
     </span>
     <span class='ocr_line' id='line_1_18' title="bbox 233 985 1914 1053; baseline -0.001 -14"><span class='ocrx_word' id='word_1_102' title='bbox 233 998 353 1042; x_wconf 81' lang='lat' dir='ltr'><strong>tune</strong></span> <span class='ocrx_word' id='word_1_103' title='bbox 392 991 702 1042; x_wconf 75' lang='lat' dir='ltr'><strong>revelabitur</strong></span> <span class='ocrx_word' id='word_1_104' title='bbox 742 985 979 1050; x_wconf 78' lang='lat' dir='ltr'><strong>iniquus?</strong></span> <span class='ocrx_word' id='word_1_105' title='bbox 1054 988 1157 1053; x_wconf 88' lang='lat' dir='ltr'><strong>Ego</strong></span> <span class='ocrx_word' id='word_1_106' title='bbox 1203 1003 1410 1053; x_wconf 89' lang='lat' dir='ltr'><strong>prorsus</strong></span> <span class='ocrx_word' id='word_1_107' title='bbox 1460 989 1579 1053; x_wconf 90' lang='lat' dir='ltr'><strong>quid</strong></span> <span class='ocrx_word' id='word_1_108' title='bbox 1619 988 1798 1037; x_wconf 86' lang='lat' dir='ltr'><strong>dixerit</strong></span> <span class='ocrx_word' id='word_1_109' title='bbox 1836 1003 1914 1038; x_wconf 90' lang='lat' dir='ltr'><strong>me</strong></span> 
     </span>
     <span class='ocr_line' id='line_1_19' title="bbox 233 1062 1915 1129; baseline -0.002 -15"><span class='ocrx_word' id='word_1_110' title='bbox 233 1065 389 1114; x_wconf 85' lang='lat' dir='ltr'><strong>fateor</strong></span> <span class='ocrx_word' id='word_1_111' title='bbox 435 1067 678 1129; x_wconf 88' lang='lat' dir='ltr'><strong>ignorare.</strong></span> <span class='ocrx_word' id='word_1_112' title='bbox 759 1063 1077 1127; x_wconf 85' lang='lat' dir='ltr'><strong>Suspiciones</strong></span> <span class='ocrx_word' id='word_1_113' title='bbox 1124 1069 1288 1111; x_wconf 88' lang='lat' dir='ltr'><strong>tamen</strong></span> <span class='ocrx_word' id='word_1_114' title='bbox 1334 1062 1616 1128; x_wconf 91' lang='lat' dir='ltr'><strong>hominum,</strong></span> <span class='ocrx_word' id='word_1_115' title='bbox 1665 1077 1786 1126; x_wconf 90' lang='lat' dir='ltr'><strong>quas</strong></span> <span class='ocrx_word' id='word_1_116' title='bbox 1838 1062 1915 1110; x_wconf 90' lang='lat' dir='ltr'><strong>vel</strong></span> 
     </span>
     <span class='ocr_line' id='line_1_20' title="bbox 232 1136 1291 1203; baseline -0.003 -15"><span class='ocrx_word' id='word_1_117' title='bbox 232 1139 402 1188; x_wconf 91' lang='lat' dir='ltr'><strong>audire</strong></span> <span class='ocrx_word' id='word_1_118' title='bbox 438 1138 519 1187; x_wconf 35' lang='lat' dir='ltr'><strong>&gt;vel</strong></span> <span class='ocrx_word' id='word_1_119' title='bbox 557 1138 721 1203; x_wconf 88' lang='lat' dir='ltr'><strong>legere</strong></span> <span class='ocrx_word' id='word_1_120' title='bbox 760 1139 926 1202; x_wconf 91' lang='lat' dir='ltr'><strong>potui,</strong></span> <span class='ocrx_word' id='word_1_121' title='bbox 966 1151 1065 1185; x_wconf 88' lang='lat' dir='ltr'><strong>non</strong></span> <span class='ocrx_word' id='word_1_122' title='bbox 1105 1136 1291 1185; x_wconf 81' lang='lat' dir='ltr'><strong>tacebo.</strong></span> 
     </span>
    </p>

    <p class='ocr_par' dir='ltr' id='par_1_9' title="bbox 222 1209 1967 2894">
     <span class='ocr_line' id='line_1_21' title="bbox 381 1209 1912 1276; baseline -0.003 -14"><span class='ocrx_word' id='word_1_123' title='bbox 381 1212 589 1270; x_wconf 79' lang='lat' dir='ltr'>Quidam</span> <span class='ocrx_word' id='word_1_124' title='bbox 619 1218 794 1276; x_wconf 87' lang='lat' dir='ltr'><strong>putant</strong></span> <span class='ocrx_word' id='word_1_125' title='bbox 817 1210 912 1259; x_wconf 91' lang='lat' dir='ltr'><strong>hoc</strong></span> <span class='ocrx_word' id='word_1_126' title='bbox 945 1210 1005 1259; x_wconf 92' lang='lat' dir='ltr'><strong>de</strong></span> <span class='ocrx_word' id='word_1_127' title='bbox 1036 1211 1245 1274; x_wconf 90' lang='lat' dir='ltr'><strong>imperio</strong></span> <span class='ocrx_word' id='word_1_128' title='bbox 1279 1210 1466 1259; x_wconf 89' lang='lat' dir='ltr'><strong>dictum</strong></span> <span class='ocrx_word' id='word_1_129' title='bbox 1497 1210 1650 1259; x_wconf 88' lang='lat' dir='ltr'><strong>fuisse</strong></span> <span class='ocrx_word' id='word_1_130' title='bbox 1676 1209 1912 1275; x_wconf 89' lang='lat' dir='ltr'><strong>Romano,</strong></span> 
     </span>
     <span class='ocr_line' id='line_1_22' title="bbox 231 1283 1911 1351; baseline -0.002 -15"><span class='ocrx_word' id='word_1_131' title='bbox 231 1294 280 1336; x_wconf 89' lang='lat' dir='ltr'><strong>et</strong></span> <span class='ocrx_word' id='word_1_132' title='bbox 325 1292 589 1351; x_wconf 91' lang='lat' dir='ltr'><strong>propterea</strong></span> <span class='ocrx_word' id='word_1_133' title='bbox 637 1285 842 1334; x_wconf 89' lang='lat' dir='ltr'><strong>Paulum</strong></span> <span class='ocrx_word' id='word_1_134' title='bbox 895 1283 1170 1349; x_wconf 90' lang='lat' dir='ltr'><strong>apostolum</strong></span> <span class='ocrx_word' id='word_1_135' title='bbox 1216 1299 1316 1332; x_wconf 91' lang='lat' dir='ltr'><strong>non</strong></span> <span class='ocrx_word' id='word_1_136' title='bbox 1370 1284 1418 1332; x_wconf 93' lang='lat' dir='ltr'><strong>id</strong></span> <span class='ocrx_word' id='word_1_137' title='bbox 1470 1290 1638 1348; x_wconf 89' lang='lat' dir='ltr'><strong>aperte</strong></span> <span class='ocrx_word' id='word_1_138' title='bbox 1691 1283 1911 1333; x_wconf 88' lang='lat' dir='ltr'><strong>scribere</strong></span> 
     </span>
     <span class='ocr_line' id='line_1_23' title="bbox 230 1356 1910 1426; baseline -0.001 -19"><span class='ocrx_word' id='word_1_139' title='bbox 230 1360 459 1426; x_wconf 86' lang='lat' dir='ltr'><strong>voluisse,</strong></span> <span class='ocrx_word' id='word_1_140' title='bbox 498 1375 559 1408; x_wconf 91' lang='lat' dir='ltr'><strong>ne</strong></span> <span class='ocrx_word' id='word_1_141' title='bbox 601 1358 893 1408; x_wconf 88' lang='lat' dir='ltr'><strong>calumniam</strong></span> <span class='ocrx_word' id='word_1_142' title='bbox 932 1357 1160 1406; x_wconf 89' lang='lat' dir='ltr'><strong>videlicet</strong></span> <span class='ocrx_word' id='word_1_143' title='bbox 1191 1359 1486 1424; x_wconf 82' lang='lat' dir='ltr'><strong>incurreret,</strong></span> <span class='ocrx_word' id='word_1_144' title='bbox 1527 1357 1658 1421; x_wconf 90' lang='lat' dir='ltr'><strong>quod</strong></span> <span class='ocrx_word' id='word_1_145' title='bbox 1690 1356 1910 1406; x_wconf 89' lang='lat' dir='ltr'><strong>Romano</strong></span> 
     </span>
     <span class='ocr_line' id='line_1_24' title="bbox 230 1430 1911 1499; baseline -0.002 -17"><span class='ocrx_word' id='word_1_146' title='bbox 230 1435 439 1499; x_wconf 90' lang='lat' dir='ltr'><strong>imperio</strong></span> <span class='ocrx_word' id='word_1_147' title='bbox 470 1433 596 1482; x_wconf 90' lang='lat' dir='ltr'><strong>male</strong></span> <span class='ocrx_word' id='word_1_148' title='bbox 629 1434 886 1497; x_wconf 86' lang='lat' dir='ltr'><strong>optaverit,</strong></span> <span class='ocrx_word' id='word_1_149' title='bbox 928 1446 1041 1480; x_wconf 88' lang='lat' dir='ltr'><strong>cum</strong></span> <span class='ocrx_word' id='word_1_150' title='bbox 1082 1437 1367 1495; x_wconf 82' lang='lat' dir='ltr'><strong>speraretur</strong></span> <span class='ocrx_word' id='word_1_151' title='bbox 1407 1437 1685 1496; x_wconf 82' lang='lat' dir='ltr'><strong>aeternum3</strong></span> <span class='ocrx_word' id='word_1_152' title='bbox 1723 1437 1780 1479; x_wconf 91' lang='lat' dir='ltr'><strong>ut</strong></span> <span class='ocrx_word' id='word_1_153' title='bbox 1817 1430 1911 1479; x_wconf 92' lang='lat' dir='ltr'><strong>hoc</strong></span> 
     </span>
     <span class='ocr_line' id='line_1_25' title="bbox 231 1507 1912 1571; baseline -0.002 -15"><span class='ocrx_word' id='word_1_154' title='bbox 231 1507 361 1571; x_wconf 91' lang='lat' dir='ltr'><strong>quod</strong></span> <span class='ocrx_word' id='word_1_155' title='bbox 417 1507 559 1556; x_wconf 87' lang='lat' dir='ltr'>dixit:</span> <span class='ocrx_word' id='word_1_156' title='bbox 623 1507 734 1555; x_wconf 80' lang='lat' dir='ltr'><strong>Iam</strong></span> <span class='ocrx_word' id='word_1_157' title='bbox 789 1508 919 1555; x_wconf 79' lang='lat' dir='ltr'><strong>enim</strong></span> <span class='ocrx_word' id='word_1_158' title='bbox 973 1507 1265 1568; x_wconf 74' lang='lat' dir='ltr'><strong>mysterium</strong></span> <span class='ocrx_word' id='word_1_159' title='bbox 1319 1507 1599 1566; x_wconf 78' lang='lat' dir='ltr'><strong>iniquitatis</strong></span> <span class='ocrx_word' id='word_1_160' title='bbox 1654 1510 1912 1567; x_wconf 83' lang='lat' dir='ltr'><strong>operatur,</strong></span> 
     </span>
     <span class='ocr_line' id='line_1_26' title="bbox 229 1578 1908 1644; baseline -0.001 -15"><span class='ocrx_word' id='word_1_161' title='bbox 229 1580 478 1630; x_wconf 87' lang='lat' dir='ltr'><strong>Neronem</strong></span> <span class='ocrx_word' id='word_1_162' title='bbox 531 1579 743 1629; x_wconf 89' lang='lat' dir='ltr'><strong>voluerit</strong></span> <span class='ocrx_word' id='word_1_163' title='bbox 793 1578 1033 1644; x_wconf 83' lang='lat' dir='ltr'><strong>intellegi,</strong></span> <span class='ocrx_word' id='word_1_164' title='bbox 1089 1580 1230 1628; x_wconf 86' lang='lat' dir='ltr'><strong>cuius</strong></span> <span class='ocrx_word' id='word_1_165' title='bbox 1277 1580 1372 1627; x_wconf 90' lang='lat' dir='ltr'><strong>iam</strong></span> <span class='ocrx_word' id='word_1_166' title='bbox 1421 1579 1545 1627; x_wconf 88' lang='lat' dir='ltr'><strong>facta</strong></span> <span class='ocrx_word' id='word_1_167' title='bbox 1593 1578 1726 1627; x_wconf 87' lang='lat' dir='ltr'><strong>velut</strong></span> <span class='ocrx_word' id='word_1_168' title='bbox 1772 1578 1908 1627; x_wconf 89' lang='lat' dir='ltr'><strong>Anti-</strong></span> 
     </span>
     <span class='ocr_line' id='line_1_27' title="bbox 230 1652 1911 1716; baseline -0.002 -13"><span class='ocrx_word' id='word_1_169' title='bbox 230 1654 402 1703; x_wconf 91' lang='lat' dir='ltr'><strong>christi</strong></span> <span class='ocrx_word' id='word_1_170' title='bbox 447 1653 754 1703; x_wconf 87' lang='lat' dir='ltr'><strong>videbantur.</strong></span> <span class='ocrx_word' id='word_1_171' title='bbox 831 1652 971 1702; x_wconf 90' lang='lat' dir='ltr'><strong>Unde</strong></span> <span class='ocrx_word' id='word_1_172' title='bbox 1019 1652 1244 1701; x_wconf 90' lang='lat' dir='ltr'><strong>nonnulli</strong></span> <span class='ocrx_word' id='word_1_173' title='bbox 1291 1654 1453 1716; x_wconf 90' lang='lat' dir='ltr'><strong>ipsum</strong></span> <span class='ocrx_word' id='word_1_174' title='bbox 1507 1658 1911 1701; x_wconf 90' lang='lat' dir='ltr'><strong>resurrecturum</strong></span> 
     </span>
     <span class='ocr_line' id='line_1_28' title="bbox 229 1725 1908 1791; baseline -0.002 -14"><span class='ocrx_word' id='word_1_175' title='bbox 229 1735 278 1777; x_wconf 91' lang='lat' dir='ltr'><strong>et</strong></span> <span class='ocrx_word' id='word_1_176' title='bbox 323 1729 548 1777; x_wconf 86' lang='lat' dir='ltr'><strong>futurum</strong></span> <span class='ocrx_word' id='word_1_177' title='bbox 594 1727 952 1776; x_wconf 83' lang='lat' dir='ltr'><strong>Antichristum</strong></span> <span class='ocrx_word' id='word_1_178' title='bbox 1007 1727 1344 1791; x_wconf 83' lang='lat' dir='ltr'><strong>suspicantur3</strong></span> <span class='ocrx_word' id='word_1_179' title='bbox 1396 1725 1475 1774; x_wconf 92' lang='lat' dir='ltr'><strong>alii</strong></span> <span class='ocrx_word' id='word_1_180' title='bbox 1523 1741 1639 1774; x_wconf 88' lang='lat' dir='ltr'><strong>vero</strong></span> <span class='ocrx_word' id='word_1_181' title='bbox 1689 1741 1781 1774; x_wconf 92' lang='lat' dir='ltr'><strong>nec</strong></span> <span class='ocrx_word' id='word_1_182' title='bbox 1829 1741 1908 1774; x_wconf 91' lang='lat' dir='ltr'><strong>oc-</strong></span> 
     </span>
     <span class='ocr_line' id='line_1_29' title="bbox 228 1799 1909 1867; baseline -0.002 -16"><span class='ocrx_word' id='word_1_183' title='bbox 228 1803 387 1851; x_wconf 89' lang='lat' dir='ltr'><strong>cisum</strong></span> <span class='ocrx_word' id='word_1_184' title='bbox 415 1807 607 1867; x_wconf 88' lang='lat' dir='ltr'><strong>putant,</strong></span> <span class='ocrx_word' id='word_1_185' title='bbox 641 1800 727 1850; x_wconf 90' lang='lat' dir='ltr'><strong>sed</strong></span> <span class='ocrx_word' id='word_1_186' title='bbox 760 1799 1069 1850; x_wconf 88' lang='lat' dir='ltr'><strong>subtractum</strong></span> <span class='ocrx_word' id='word_1_187' title='bbox 1099 1801 1280 1866; x_wconf 77' lang='lat' dir='ltr'><strong>potiUS,</strong></span> <span class='ocrx_word' id='word_1_188' title='bbox 1320 1804 1376 1849; x_wconf 88' lang='lat' dir='ltr'><strong>ut</strong></span> <span class='ocrx_word' id='word_1_189' title='bbox 1405 1805 1668 1864; x_wconf 88' lang='lat' dir='ltr'><strong>putaretur</strong></span> <span class='ocrx_word' id='word_1_190' title='bbox 1699 1801 1909 1865; x_wconf 74' lang='lat' dir='ltr'><strong>occisu5,</strong></span> 
     </span>
     <span class='ocr_line' id='line_1_30' title="bbox 228 1873 1909 1940; baseline -0.002 -16"><span class='ocrx_word' id='word_1_191' title='bbox 228 1882 278 1924; x_wconf 89' lang='lat' dir='ltr'><strong>et</strong></span> <span class='ocrx_word' id='word_1_192' title='bbox 323 1877 486 1924; x_wconf 90' lang='lat' dir='ltr'><strong>vivum</strong></span> <span class='ocrx_word' id='word_1_193' title='bbox 532 1874 770 1924; x_wconf 90' lang='lat' dir='ltr'><strong>occultari</strong></span> <span class='ocrx_word' id='word_1_194' title='bbox 815 1876 869 1923; x_wconf 92' lang='lat' dir='ltr'><strong>in</strong></span> <span class='ocrx_word' id='word_1_195' title='bbox 919 1875 1083 1937; x_wconf 83' lang='lat' dir='ltr'><strong>vigore</strong></span> <span class='ocrx_word' id='word_1_196' title='bbox 1131 1875 1287 1938; x_wconf 91' lang='lat' dir='ltr'><strong>ipsius</strong></span> <span class='ocrx_word' id='word_1_197' title='bbox 1328 1875 1522 1940; x_wconf 88' lang='lat' dir='ltr'><strong>aetatis,</strong></span> <span class='ocrx_word' id='word_1_198' title='bbox 1574 1875 1625 1921; x_wconf 92' lang='lat' dir='ltr'><strong>in</strong></span> <span class='ocrx_word' id='word_1_199' title='bbox 1666 1888 1761 1938; x_wconf 90' lang='lat' dir='ltr'><strong>qua</strong></span> <span class='ocrx_word' id='word_1_200' title='bbox 1801 1873 1909 1933; x_wconf 84' lang='lat' dir='ltr'><strong>fuit,</strong></span> 
     </span>
     <span class='ocr_line' id='line_1_31' title="bbox 228 1946 1909 2013; baseline -0.002 -15"><span class='ocrx_word' id='word_1_201' title='bbox 228 1964 339 1998; x_wconf 89' lang='lat' dir='ltr'><strong>cum</strong></span> <span class='ocrx_word' id='word_1_202' title='bbox 388 1948 679 2009; x_wconf 87' lang='lat' dir='ltr'><strong>crederetur</strong></span> <span class='ocrx_word' id='word_1_203' title='bbox 725 1949 974 1997; x_wconf 85' lang='lat' dir='ltr'><strong>extinctus</strong></span> <span class='ocrx_word' id='word_1_204' title='bbox 986 1986 999 2013; x_wconf 95' lang='lat'><strong>,</strong></span> <span class='ocrx_word' id='word_1_205' title='bbox 1052 1947 1208 1996; x_wconf 89' lang='lat' dir='ltr'><strong>donec</strong></span> <span class='ocrx_word' id='word_1_206' title='bbox 1257 1963 1346 1996; x_wconf 93' lang='lat' dir='ltr'><strong>suo</strong></span> <span class='ocrx_word' id='word_1_207' title='bbox 1397 1954 1620 2012; x_wconf 88' lang='lat' dir='ltr'><strong>tempore</strong></span> <span class='ocrx_word' id='word_1_208' title='bbox 1659 1946 1909 1996; x_wconf 87' lang='lat' dir='ltr'><strong>reveletur</strong></span> 
     </span>
     <span class='ocr_line' id='line_1_32' title="bbox 228 2019 1911 2086; baseline -0.002 -15"><span class='ocrx_word' id='word_1_209' title='bbox 228 2030 277 2071; x_wconf 90' lang='lat' dir='ltr'><strong>et</strong></span> <span class='ocrx_word' id='word_1_210' title='bbox 326 2023 619 2072; x_wconf 85' lang='lat' dir='ltr'><strong>restituatur</strong></span> <span class='ocrx_word' id='word_1_211' title='bbox 669 2024 719 2070; x_wconf 92' lang='lat' dir='ltr'><strong>in</strong></span> <span class='ocrx_word' id='word_1_212' title='bbox 771 2036 994 2086; x_wconf 90' lang='lat' dir='ltr'><strong>regnum.</strong></span> <span class='ocrx_word' id='word_1_213' title='bbox 1074 2020 1170 2069; x_wconf 87' lang='lat' dir='ltr'><strong>Sed</strong></span> <span class='ocrx_word' id='word_1_214' title='bbox 1225 2021 1436 2070; x_wconf 87' lang='lat' dir='ltr'><strong>multum</strong></span> <span class='ocrx_word' id='word_1_215' title='bbox 1486 2019 1607 2069; x_wconf 91' lang='lat' dir='ltr'><strong>mihi</strong></span> <span class='ocrx_word' id='word_1_216' title='bbox 1657 2021 1781 2069; x_wconf 90' lang='lat' dir='ltr'><strong>mira</strong></span> <span class='ocrx_word' id='word_1_217' title='bbox 1831 2026 1911 2069; x_wconf 92' lang='lat' dir='ltr'><strong>est</strong></span> 
     </span>
     <span class='ocr_line' id='line_1_33' title="bbox 226 2093 1967 2160; baseline -0.001 -17"><span class='ocrx_word' id='word_1_218' title='bbox 226 2096 346 2145; x_wconf 90' lang='lat' dir='ltr'><strong>haec</strong></span> <span class='ocrx_word' id='word_1_219' title='bbox 398 2097 704 2160; x_wconf 86' lang='lat' dir='ltr'><strong>opinantium</strong></span> <span class='ocrx_word' id='word_1_220' title='bbox 754 2101 887 2143; x_wconf 88' lang='lat' dir='ltr'><strong>tanta</strong></span> <span class='ocrx_word' id='word_1_221' title='bbox 926 2096 1277 2159; x_wconf 88' lang='lat' dir='ltr'><strong>praesumptio.</strong></span> <span class='ocrx_word' id='word_1_222' title='bbox 1354 2094 1478 2143; x_wconf 91' lang='lat' dir='ltr'><strong>Illud</strong></span> <span class='ocrx_word' id='word_1_223' title='bbox 1533 2102 1720 2159; x_wconf 90' lang='lat' dir='ltr'><strong>tamen,</strong></span> <span class='ocrx_word' id='word_1_224' title='bbox 1776 2093 1908 2158; x_wconf 92' lang='lat' dir='ltr'><strong>quod</strong></span> <span class='ocrx_word' id='word_1_225' title='bbox 1960 2155 1967 2160; x_wconf 35' lang='lat'><strong>·</strong></span> 
     </span>
     <span class='ocr_line' id='line_1_34' title="bbox 226 2168 1909 2232; baseline -0.001 -15"><span class='ocrx_word' id='word_1_226' title='bbox 226 2171 292 2217; x_wconf 89' lang='lat' dir='ltr'><strong>ait</strong></span> <span class='ocrx_word' id='word_1_227' title='bbox 332 2168 604 2232; x_wconf 88' lang='lat' dir='ltr'><strong>apostolus:</strong></span> <span class='ocrx_word' id='word_1_228' title='bbox 659 2168 868 2217; x_wconf 79' lang='lat' dir='ltr'><strong>Tantum</strong></span> <span class='ocrx_word' id='word_1_229' title='bbox 915 2171 1003 2228; x_wconf 81' lang='lat' dir='ltr'><strong>qui</strong></span> <span class='ocrx_word' id='word_1_230' title='bbox 1049 2170 1192 2216; x_wconf 85' lang='lat' dir='ltr'><strong>modo</strong></span> <span class='ocrx_word' id='word_1_231' title='bbox 1241 2174 1376 2217; x_wconf 81' lang='lat' dir='ltr'><strong>tenet</strong></span> <span class='ocrx_word' id='word_1_232' title='bbox 1413 2174 1599 2228; x_wconf 77' lang='lat' dir='ltr'><strong>teneat,</strong></span> <span class='ocrx_word' id='word_1_233' title='bbox 1647 2170 1806 2217; x_wconf 80' lang='lat' dir='ltr'><strong>donee</strong></span> <span class='ocrx_word' id='word_1_234' title='bbox 1846 2169 1909 2216; x_wconf 84' lang='lat' dir='ltr'><strong>de</strong></span> 
     </span>
     <span class='ocr_line' id='line_1_35' title="bbox 225 2240 1907 2307; baseline -0.002 -16"><span class='ocrx_word' id='word_1_235' title='bbox 225 2244 387 2291; x_wconf 82' lang='lat' dir='ltr'><strong>medio</strong></span> <span class='ocrx_word' id='word_1_236' title='bbox 415 2245 525 2307; x_wconf 79' lang='lat' dir='ltr'><strong>siut,</strong></span> <span class='ocrx_word' id='word_1_237' title='bbox 562 2257 662 2290; x_wconf 90' lang='lat' dir='ltr'><strong>non</strong></span> <span class='ocrx_word' id='word_1_238' title='bbox 695 2241 905 2290; x_wconf 89' lang='lat' dir='ltr'><strong>absurde</strong></span> <span class='ocrx_word' id='word_1_239' title='bbox 939 2241 998 2289; x_wconf 91' lang='lat' dir='ltr'><strong>de</strong></span> <span class='ocrx_word' id='word_1_240' title='bbox 1031 2243 1138 2305; x_wconf 93' lang='lat' dir='ltr'><strong>ipso</strong></span> <span class='ocrx_word' id='word_1_241' title='bbox 1178 2240 1397 2289; x_wconf 88' lang='lat' dir='ltr'><strong>Romano</strong></span> <span class='ocrx_word' id='word_1_242' title='bbox 1436 2241 1645 2305; x_wconf 90' lang='lat' dir='ltr'><strong>imperio</strong></span> <span class='ocrx_word' id='word_1_243' title='bbox 1687 2240 1907 2290; x_wconf 88' lang='lat' dir='ltr'><strong>creditur</strong></span> 
     </span>
     <span class='ocr_line' id='line_1_36' title="bbox 226 2313 1907 2381; baseline -0.001 -17"><span class='ocrx_word' id='word_1_244' title='bbox 226 2315 425 2381; x_wconf 90' lang='lat' dir='ltr'><strong>dictum,</strong></span> <span class='ocrx_word' id='word_1_245' title='bbox 467 2322 713 2379; x_wconf 85' lang='lat' dir='ltr'><strong>tamquam</strong></span> <span class='ocrx_word' id='word_1_246' title='bbox 754 2315 940 2363; x_wconf 88' lang='lat' dir='ltr'><strong>dictum</strong></span> <span class='ocrx_word' id='word_1_247' title='bbox 981 2316 1065 2362; x_wconf 85' lang='lat' dir='ltr'><strong>sit:</strong></span> <span class='ocrx_word' id='word_1_248' title='bbox 1103 2313 1347 2379; x_wconf 88' lang='lat' dir='ltr'><strong>„Tantum</strong></span> <span class='ocrx_word' id='word_1_249' title='bbox 1387 2315 1473 2378; x_wconf 88' lang='lat' dir='ltr'><strong>qui</strong></span> <span class='ocrx_word' id='word_1_250' title='bbox 1511 2313 1657 2362; x_wconf 90' lang='lat' dir='ltr'><strong>modo</strong></span> <span class='ocrx_word' id='word_1_251' title='bbox 1696 2315 1907 2378; x_wconf 90' lang='lat' dir='ltr'><strong>imperat</strong></span> 
     </span>
     <span class='ocr_line' id='line_1_37' title="bbox 226 2383 1905 2454; baseline -0.001 -17"><span class='ocrx_word' id='word_1_252' title='bbox 226 2390 457 2454; x_wconf 87' lang='lat' dir='ltr'><strong>imperet,</strong></span> <span class='ocrx_word' id='word_1_253' title='bbox 510 2389 665 2437; x_wconf 92' lang='lat' dir='ltr'><strong>donec</strong></span> <span class='ocrx_word' id='word_1_254' title='bbox 706 2388 765 2436; x_wconf 94' lang='lat' dir='ltr'><strong>de</strong></span> <span class='ocrx_word' id='word_1_255' title='bbox 806 2388 966 2436; x_wconf 92' lang='lat' dir='ltr'><strong>medio</strong></span> <span class='ocrx_word' id='word_1_256' title='bbox 1007 2383 1148 2453; x_wconf 50' lang='lat' dir='ltr'><strong>fiat‘g</strong></span> <span class='ocrx_word' id='word_1_257' title='bbox 1189 2387 1237 2435; x_wconf 91' lang='lat' dir='ltr'><strong>id</strong></span> <span class='ocrx_word' id='word_1_258' title='bbox 1278 2393 1353 2436; x_wconf 89' lang='lat' dir='ltr'><strong>est</strong></span> <span class='ocrx_word' id='word_1_259' title='bbox 1393 2387 1452 2436; x_wconf 92' lang='lat' dir='ltr'><strong>de</strong></span> <span class='ocrx_word' id='word_1_260' title='bbox 1492 2386 1653 2435; x_wconf 91' lang='lat' dir='ltr'><strong>medio</strong></span> <span class='ocrx_word' id='word_1_261' title='bbox 1692 2386 1905 2436; x_wconf 88' lang='lat' dir='ltr'><strong>tollatur.</strong></span> 
     </span>
     <span class='ocr_line' id='line_1_38' title="bbox 225 2460 1906 2525; baseline -0.001 -15"><span class='ocrx_word' id='word_1_262' title='bbox 225 2464 292 2510; x_wconf 89' lang='lat' dir='ltr'><strong>Et</strong></span> <span class='ocrx_word' id='word_1_263' title='bbox 322 2469 442 2511; x_wconf 80' lang='lat' dir='ltr'><strong>tune</strong></span> <span class='ocrx_word' id='word_1_264' title='bbox 475 2464 784 2512; x_wconf 77' lang='lat' dir='ltr'><strong>revelabitur</strong></span> <span class='ocrx_word' id='word_1_265' title='bbox 817 2464 1031 2522; x_wconf 73' lang='lat' dir='ltr'><strong>iniquuS,</strong></span> <span class='ocrx_word' id='word_1_266' title='bbox 1074 2475 1221 2524; x_wconf 90' lang='lat' dir='ltr'><strong>quem</strong></span> <span class='ocrx_word' id='word_1_267' title='bbox 1253 2461 1517 2525; x_wconf 85' lang='lat' dir='ltr'><strong>significari</strong></span> <span class='ocrx_word' id='word_1_268' title='bbox 1547 2460 1906 2510; x_wconf 87' lang='lat' dir='ltr'><strong>Antichristum</strong></span> 
     </span>
     <span class='ocr_line' id='line_1_39' title="bbox 224 2534 1902 2600; baseline -0.001 -16"><span class='ocrx_word' id='word_1_269' title='bbox 224 2535 389 2585; x_wconf 87' lang='lat' dir='ltr'><strong>nullus</strong></span> <span class='ocrx_word' id='word_1_270' title='bbox 423 2535 637 2600; x_wconf 86' lang='lat' dir='ltr'><strong>ambigit.</strong></span> <span class='ocrx_word' id='word_1_271' title='bbox 714 2535 807 2583; x_wconf 88' lang='lat' dir='ltr'><strong>Alii</strong></span> <span class='ocrx_word' id='word_1_272' title='bbox 839 2550 956 2583; x_wconf 90' lang='lat' dir='ltr'><strong>vero</strong></span> <span class='ocrx_word' id='word_1_273' title='bbox 988 2542 1038 2583; x_wconf 86' lang='lat' dir='ltr'><strong>et</strong></span> <span class='ocrx_word' id='word_1_274' title='bbox 1070 2534 1201 2598; x_wconf 85' lang='lat' dir='ltr'><strong>quod</strong></span> <span class='ocrx_word' id='word_1_275' title='bbox 1234 2535 1325 2583; x_wconf 88' lang='lat' dir='ltr'><strong>ait:</strong></span> <span class='ocrx_word' id='word_1_276' title='bbox 1372 2536 1509 2594; x_wconf 75' lang='lat' dir='ltr'><strong>Quid</strong></span> <span class='ocrx_word' id='word_1_277' title='bbox 1546 2536 1771 2584; x_wconf 83' lang='lat' dir='ltr'><strong>detineat</strong></span> <span class='ocrx_word' id='word_1_278' title='bbox 1805 2537 1902 2583; x_wconf 85' lang='lat' dir='ltr'><strong>sci-</strong></span> 
     </span>
     <span class='ocr_line' id='line_1_40' title="bbox 224 2607 1903 2672; baseline -0.002 -14"><span class='ocrx_word' id='word_1_279' title='bbox 224 2613 286 2658; x_wconf 86' lang='lat' dir='ltr'><strong>tis</strong></span> <span class='ocrx_word' id='word_1_280' title='bbox 333 2617 383 2658; x_wconf 85' lang='lat' dir='ltr'><strong>et</strong></span> <span class='ocrx_word' id='word_1_281' title='bbox 428 2612 719 2672; x_wconf 80' lang='lat' dir='ltr'><strong>mysterium</strong></span> <span class='ocrx_word' id='word_1_282' title='bbox 767 2612 977 2671; x_wconf 78' lang='lat' dir='ltr'><strong>operari</strong></span> <span class='ocrx_word' id='word_1_283' title='bbox 1020 2610 1299 2668; x_wconf 77' lang='lat' dir='ltr'><strong>iniquitatis</strong></span> <span class='ocrx_word' id='word_1_284' title='bbox 1347 2623 1446 2656; x_wconf 89' lang='lat' dir='ltr'><strong>non</strong></span> <span class='ocrx_word' id='word_1_285' title='bbox 1491 2614 1668 2672; x_wconf 83' lang='lat' dir='ltr'><strong>putant</strong></span> <span class='ocrx_word' id='word_1_286' title='bbox 1716 2607 1903 2656; x_wconf 90' lang='lat' dir='ltr'><strong>dictum</strong></span> 
     </span>
     <span class='ocr_line' id='line_1_41' title="bbox 223 2680 1900 2747; baseline -0.001 -17"><span class='ocrx_word' id='word_1_287' title='bbox 223 2684 318 2731; x_wconf 90' lang='lat' dir='ltr'><strong>nisi</strong></span> <span class='ocrx_word' id='word_1_288' title='bbox 357 2682 416 2730; x_wconf 93' lang='lat' dir='ltr'><strong>de</strong></span> <span class='ocrx_word' id='word_1_289' title='bbox 457 2681 596 2730; x_wconf 87' lang='lat' dir='ltr'><strong>malis</strong></span> <span class='ocrx_word' id='word_1_290' title='bbox 643 2689 693 2730; x_wconf 89' lang='lat' dir='ltr'><strong>et</strong></span> <span class='ocrx_word' id='word_1_291' title='bbox 739 2683 891 2747; x_wconf 81' lang='lat' dir='ltr'><strong>fictis,</strong></span> <span class='ocrx_word' id='word_1_292' title='bbox 943 2684 1026 2746; x_wconf 89' lang='lat' dir='ltr'><strong>qui</strong></span> <span class='ocrx_word' id='word_1_293' title='bbox 1067 2688 1182 2730; x_wconf 89' lang='lat' dir='ltr'><strong>sunt</strong></span> <span class='ocrx_word' id='word_1_294' title='bbox 1220 2682 1271 2729; x_wconf 90' lang='lat' dir='ltr'><strong>in</strong></span> <span class='ocrx_word' id='word_1_295' title='bbox 1314 2681 1546 2747; x_wconf 89' lang='lat' dir='ltr'><strong>ecclesia,</strong></span> <span class='ocrx_word' id='word_1_296' title='bbox 1594 2680 1750 2729; x_wconf 88' lang='lat' dir='ltr'><strong>donec</strong></span> <span class='ocrx_word' id='word_1_297' title='bbox 1789 2695 1900 2744; x_wconf 91' lang='lat' dir='ltr'><strong>per-</strong></span> 
     </span>
     <span class='ocr_line' id='line_1_42' title="bbox 225 2755 1902 2820; baseline -0.001 -17"><span class='ocrx_word' id='word_1_298' title='bbox 225 2757 421 2803; x_wconf 90' lang='lat' dir='ltr'><strong>veniant</strong></span> <span class='ocrx_word' id='word_1_299' title='bbox 472 2755 530 2804; x_wconf 90' lang='lat' dir='ltr'><strong>ad</strong></span> <span class='ocrx_word' id='word_1_300' title='bbox 586 2762 777 2804; x_wconf 87' lang='lat' dir='ltr'><strong>tantum</strong></span> <span class='ocrx_word' id='word_1_301' title='bbox 831 2771 1121 2820; x_wconf 89' lang='lat' dir='ltr'><strong>numerum,</strong></span> <span class='ocrx_word' id='word_1_302' title='bbox 1178 2756 1262 2818; x_wconf 90' lang='lat' dir='ltr'><strong>qui</strong></span> <span class='ocrx_word' id='word_1_303' title='bbox 1315 2755 1616 2804; x_wconf 84' lang='lat' dir='ltr'><strong>Antichristo</strong></span> <span class='ocrx_word' id='word_1_304' title='bbox 1671 2767 1902 2818; x_wconf 87' lang='lat' dir='ltr'><strong>magnum</strong></span> 
     </span>
     <span class='ocr_line' id='line_1_43' title="bbox 222 2827 1898 2894; baseline -0.001 -18"><span class='ocrx_word' id='word_1_305' title='bbox 222 2828 458 2892; x_wconf 90' lang='lat' dir='ltr'><strong>populum</strong></span> <span class='ocrx_word' id='word_1_306' title='bbox 506 2829 671 2894; x_wconf 81' lang='lat' dir='ltr'><strong>faciat3</strong></span> <span class='ocrx_word' id='word_1_307' title='bbox 720 2836 769 2876; x_wconf 90' lang='lat' dir='ltr'><strong>et</strong></span> <span class='ocrx_word' id='word_1_308' title='bbox 815 2828 907 2877; x_wconf 92' lang='lat' dir='ltr'><strong>hoc</strong></span> <span class='ocrx_word' id='word_1_309' title='bbox 961 2844 1067 2877; x_wconf 89' lang='lat' dir='ltr'><strong>esse</strong></span> <span class='ocrx_word' id='word_1_310' title='bbox 1107 2830 1395 2892; x_wconf 85' lang='lat' dir='ltr'><strong>mysterium</strong></span> <span class='ocrx_word' id='word_1_311' title='bbox 1434 2828 1733 2893; x_wconf 88' lang='lat' dir='ltr'><strong>iniquitatis,</strong></span> <span class='ocrx_word' id='word_1_312' title='bbox 1785 2827 1898 2891; x_wconf 89' lang='lat' dir='ltr'><strong>quia</strong></span> 
     </span>
    </p>
   </div>
  </div>
 </body>
</html>
