2004 3140
531 132 599 164 DE
623 130 863 165 CIVITATE
886 131 975 163 Dm
999 131 1041 163 L.
1065 131 1148 164 xx.
1173 131 1209 165 c.
1236 133 1288 165 2⁷.
1314 133 1367 165 28.
1679 121 1788 174 477

100 260 266 308 aenae
321 249 370 294 et
421 246 669 304 universi,
724 246 814 305 qui
851 242 1058 305 faciunt
1104 247 1440 305 iniquitatem,
1487 248 1694 308 stipula,
1744 251 1793 294 et

100 321 376 387 succendet
413 332 496 368 eos
536 319 643 367 dies
682 321 897 378 veniens,
938 320 1063 367 dicit
1101 319 1343 368 Dominus
1383 322 1703 381 omnipotens,
1743 326 1792 368 et

101 408 200 444 non
248 395 564 454 relinquetur
610 394 662 440 in
709 394 780 441 eis
829 393 987 441 radia:
1025 408 1188 454 neque
1226 407 1414 442 rainu&
1491 394 1558 442 Et
1593 396 1790 443 orietur

99 469 258 527 vobis,
304 469 393 528 qui
441 468 623 516 timetis
661 480 839 516 nomen
879 481 1061 526 meum,
1107 470 1185 516 sol
1221 469 1469 527 iustitiae,
1510 471 1559 517 et
1595 470 1789 516 sanitas

100 544 152 590 in
192 543 364 603 pinnis
412 542 540 601 eiuS,
589 546 638 589 et
668 542 1000 602 eqrediemini
1045 547 1094 589 et
1137 543 1327 590 salietis
1374 543 1508 590 sicut
1545 544 1690 591 vituli
1727 543 1790 590 de
1821 551 1847 590 5

99 617 312 664 vinculis
351 617 581 664 relaxati
587 631 606 672 ;
645 620 695 664 et
732 615 1096 664 conculcabitis
1137 617 1353 675 iniquae,
1392 621 1440 664 et
1471 622 1622 664 erunt
1659 618 1788 664 cinis

95 690 188 738 sub
207 690 424 752 pedibus
448 691 639 749 vestrae,
665 689 792 738 dicit
814 689 1056 738 Dominus
1081 691 1401 751 omnipotens.
1448 687 1579 737 Haec
1605 687 1788 738 distan-

98 763 165 812 tia
211 764 545 827 praemiorum
592 768 739 827 atque
786 756 1059 827 poenarum
1105 763 1262 811 iustos
1319 762 1556 811 dirimens
1603 761 1663 811 ab
1714 764 1786 811 in·

95 837 270 902 iustiS,
325 851 449 900 quae
506 835 597 886 sub
652 838 747 886 isto
800 835 901 885 sole
952 838 1002 885 in
1057 835 1206 885 huius
1253 838 1379 885 vitae
1427 838 1638 886 vanitate
1687 851 1787 885 non

96 911 345 976 cernitur,
401 910 597 975 quando
654 910 745 960 suh
800 909 882 960 illo
939 910 1039 960 sole
1096 911 1312 959 iustitiae
1368 912 1418 959 in
1474 910 1605 960 illius
1661 912 1785 960 vitae
1821 919 1875 960 10

96 985 490 1034 manifestatione
532 984 759 1051 clarebit,
810 991 928 1034 tune
967 984 1191 1049 profecto
1233 986 1327 1034 erit
1365 984 1602 1034 iudicium
1642 984 1784 1049 quale

95 1073 363 1123 numquam
404 1059 510 1108 fuit.

706 1216 898 1271 CAPUT
931 1217 1181 1270 XXVIII.

94 1326 171 1375 Be
202 1328 311 1388 leqe
345 1325 516 1389 Moysi
543 1328 845 1388 spiritaliter
885 1327 1234 1387 intelleqenda,
1276 1341 1339 1374 ne
1379 1328 1430 1374 in
1471 1326 1783 1375 damnabilia

420 1414 683 1448 murmura
724 1402 951 1449 carnalis
989 1414 1164 1449 sensus
1205 1402 1455 1448 incurrat.
1818 1406 1873 1447 15

243 1502 386 1561 Quod
420 1518 535 1552 vero
570 1501 824 1568 subiungit
855 1502 987 1552 idem
1018 1502 1280 1568 propheta:
1322 1503 1622 1552 Mementote
1661 1505 1784 1564 leqis

39 1583 45 1591 “
94 1577 264 1639 Moysi
292 1580 430 1626 servi
459 1580 567 1637 mei,
608 1592 759 1638 quam
791 1579 1033 1626 mandavi
1070 1580 1120 1626 ei
1158 1579 1209 1626 in
1248 1579 1442 1627 Choreb
1483 1579 1555 1626 ad
1592 1591 1783 1626 omnem

93 1652 280 1710 Israel,
327 1657 591 1715 praecepta
638 1657 687 1700 et
735 1650 916 1700 iudicia
964 1658 1242 1716 opportune
1282 1657 1633 1700 commemorat
1670 1657 1784 1715 post

92 1724 394 1774 declaratum
434 1725 659 1773 futurum
698 1731 797 1773 tam
836 1739 1069 1789 magnum
1107 1727 1238 1774 inter
1278 1723 1621 1774 observatores
1659 1723 1781 1788 legis

90 1805 556 1863 contemptoresque
597 1799 885 1864 discrimem
926 1798 1072 1848 simul
1112 1800 1259 1848 etiam
1301 1805 1354 1847 ut
1393 1799 1583 1847 discant
1622 1797 1780 1862 legem
1814 1805 1870 1845 20

90 1872 377 1937 spiritaliter
426 1871 712 1937 intellegere
763 1879 812 1921 et
858 1874 1109 1921 inveniant
1155 1874 1206 1921 in
1254 1888 1308 1921 ea
1362 1871 1638 1937 Christum,
1692 1887 1782 1936 per

91 1961 239 2010 quem
271 1945 485 1995 iudicem
518 1946 740 1996 facienda
779 1953 855 1996 est
892 1947 1023 1995 inter
1062 1946 1219 1995 honos
1260 1954 1310 1996 et
1347 1945 1499 1996 malos
1539 1947 1644 2010 ipsa
1684 1944 1780 1994 dis-

8 2070 18 2078 ,
90 2021 260 2068 creti0.
338 2019 446 2068 Non
496 2021 625 2068 enim
674 2021 859 2069 frustra
905 2020 1034 2069 idem
1074 2019 1312 2070 Dominus
1352 2022 1419 2070 ait
1457 2019 1672 2069 Iudaeis:
1724 2020 1784 2069 Si

90 2096 371 2143 crederetis
425 2094 614 2156 Moysi,
669 2097 948 2144 crederetis
995 2101 1045 2144 et
1091 2097 1241 2152 milzi;
1289 2096 1352 2144 de
1397 2109 1474 2144 me
1521 2096 1651 2143 enim
1700 2096 1781 2143 ille

89 2169 308 2230 scripsit.
386 2167 659 2216 Carnaliter
691 2169 874 2233 quippe
907 2168 1192 2234 accipiendo
1233 2168 1391 2233 legem
1432 2174 1481 2216 et
1520 2169 1627 2216 eius
1666 2182 1778 2232 pro·
1813 2174 1868 2215 25

90 2241 243 2289 missa
271 2247 470 2290 terrena
501 2256 672 2291 rerum
713 2242 999 2291 caelestium
1039 2242 1221 2307 figuras
1261 2257 1370 2291 esse
1410 2243 1690 2290 nescientes
1729 2243 1780 2289 in

90 2313 171 2363 illa
211 2330 466 2364 murmura
506 2323 835 2382 conruerunt,
886 2323 941 2365 ut
981 2316 1146 2366 dicere
1187 2315 1448 2366 auderent:
1501 2316 1669 2365 Vanus
1709 2321 1782 2365 est

89 2391 180 2448 qui
215 2392 372 2438 servit
409 2390 528 2450 Deo,
569 2395 619 2439 et
655 2392 781 2451 quid
818 2393 1044 2453 amplius,
1084 2393 1205 2452 quia
1245 2391 1601 2439 custodivimus
1639 2404 1777 2438 man-

90 2463 214 2510 data
269 2465 376 2512 eius
430 2469 477 2512 et
534 2466 656 2524 quia
707 2465 1069 2513 ambulavimus
1121 2467 1370 2526 supplices
1426 2469 1543 2512 ante
1588 2462 1778 2524 faciem

92 2535 297 2584 Domini
325 2539 706 2598 omnipotentis?
783 2537 851 2586 Et
888 2553 1023 2588 nunc
1062 2552 1152 2587 nos
1193 2540 1362 2587 beatos
1403 2538 1616 2585 dicimus
1656 2538 1774 2584 alie-
1810 2543 1866 2584 30

90 2622 194 2668 nos,
235 2613 282 2657 et
322 2611 664 2669 aedificantur
703 2625 870 2660 omnes
909 2614 998 2672 qui
1029 2610 1235 2672 faciunt
1275 2611 1600 2677 iniquitatem.
1660 2608 1775 2667 Qui-

90 2679 183 2729 bus
224 2696 395 2730 eorum
439 2682 603 2731 verbis
647 2683 859 2751 quodam
902 2684 1044 2733 modo
1089 2683 1328 2748 propheta
1372 2679 1655 2748 compulsus
1702 2689 1778 2732 est

211 2809 252 2862 7)
285 2807 394 2851 Mal.
427 2814 470 2864 3,
505 2814 557 2853 17
584 2823 674 2865 sq.;
706 2814 748 2865 4,
784 2815 806 2854 1
834 2825 932 2866 sqq.
998 2813 1070 2867 18)
1101 2811 1167 2855 Ib.
1194 2817 1235 2855 4.
1299 2812 1373 2867 25)
1406 2812 1470 2855 Io.
1497 2815 1537 2866 5,
1563 2815 1634 2854 46.
1699 2811 1774 2866 31)

88 2865 198 2910 Mal.
231 2872 273 2923 3,
307 2871 363 2910 14
395 2882 460 2923 sq.
