2054 3152
268 166 339 216 46
945 173 979 207 S.
1003 173 1281 208 AUGUSTmI

266 288 450 338 donum
483 304 590 338 esse
624 288 923 352 nuptiarum,
962 300 1083 350 quas
1121 285 1253 335 Deus
1292 293 1403 335 ante
1442 294 1701 351 peccatum
1739 285 1958 337 hominis

265 362 325 411 ab
371 364 511 411 initio
559 361 841 426 constituit,
891 359 1103 409 creando
1149 359 1421 409 masculum
1470 366 1518 409 et
1558 360 1815 426 feminam,
1867 363 1953 425 qui

266 451 412 485 sexus
467 434 666 484 evidens
722 435 893 498 utique
943 435 994 482 in
1046 448 1193 482 carne
1245 440 1333 482 est.
1410 432 1536 482 Huic
1588 435 1770 498 quippe
1811 436 1952 499 operi

265 508 353 556 Dei
393 510 539 556 etiam
578 506 855 557 benedictio
904 508 1009 571 ipsa
1050 506 1310 556 subiuncta
1351 514 1438 556 est.
1515 506 1637 556 Nam
1677 522 1790 556 cum
1830 509 1951 556 scri-

207 590 232 630 5
263 588 407 646 ptura
449 581 675 630 dixisset:
726 581 1013 630 Maso-ulum
1053 586 1101 629 et
1134 579 1376 642 feminam
1411 579 1540 642 feeit
1577 595 1674 646 θος,
1715 582 1951 630 continuo

263 654 504 704 subdidit:
543 656 609 703 Et·
647 657 908 704 benedixit
945 669 1028 703 eos
1059 655 1197 703 Deus
1237 656 1435 703 dicens:
1481 654 1703 703 Crescite
1741 660 1792 703 et
1827 657 1949 704 mul·

264 731 565 790 tiplicamini
600 734 650 778 et
687 730 882 790 implete
921 734 1112 777 terram
1153 734 1201 776 et
1240 730 1569 777 dominamini
1605 730 1737 789 θέας,
1779 734 1828 776 et
1867 743 1945 776 ce·

261 808 381 851 tera.
459 800 594 859 Quae
634 803 795 850 omnia
837 816 1130 865 quamquam
1177 816 1275 849 non
1314 803 1718 850 inconvenienter
1755 803 1950 866 possint

264 877 410 924 etiam
457 875 516 924 ad
563 875 867 924 intellectum
908 873 1179 939 spiritalem
1218 874 1418 940 referri,
1468 873 1741 923 masculum
1779 881 1945 924 tamen

176 958 231 998 10
265 956 314 998 et
352 949 583 1003 feminam
616 963 715 996 non
755 950 883 996 sicut
922 947 1078 996 simile
1111 947 1294 1011 aliquid
1334 949 1481 996 etiam
1518 949 1570 996 in
1609 947 1806 996 homine
1845 963 1945 996 uno

262 1021 481 1086 intellegi
520 1028 698 1086 potest,
739 1023 853 1085 quia
891 1020 1118 1070 videlicet
1156 1022 1207 1069 in
1248 1035 1305 1069 eo
1346 1020 1476 1070 aliud
1515 1027 1591 1069 est
1630 1021 1762 1084 quod
1801 1023 1943 1087 regit,

250 1095 393 1162 'aliud
447 1095 579 1159 quod
634 1096 846 1160 regitur3
902 1094 988 1143 sed
1043 1096 1172 1144 sicut
1227 1094 1592 1143 evidentissime
1643 1100 1846 1159 apparet
1892 1096 1944 1143 in

263 1169 444 1218 diversi
484 1184 631 1217 sexus
672 1167 965 1233 corporibus
977 1208 991 1233 ‚
1031 1168 1304 1217 masculum
1344 1175 1393 1216 et
1432 1168 1663 1216 feminam
1702 1169 1768 1216 ita
1808 1182 1943 1216 crea·

262 1250 361 1307 tos,
408 1249 463 1291 ut
512 1241 703 1306 prolem
750 1241 1030 1306 generando
1077 1248 1361 1290 crescerent
1409 1248 1458 1290 et
1495 1241 1945 1306 multiplicarentur

177 1325 230 1364 15
265 1322 314 1364 et
366 1315 629 1380 implerent
682 1321 892 1380 terram,
946 1330 1147 1379 magnae
1201 1314 1518 1363 absurditatis
1569 1321 1645 1363 est
1694 1314 1944 1364 reluctari.

260 1387 433 1453 Neque
467 1390 598 1437 enim
629 1387 689 1436 de
730 1389 906 1452 spiritu
947 1389 1032 1452 qui
1069 1389 1279 1453 imperat
1318 1394 1368 1436 et
1407 1402 1554 1436 carne
1594 1403 1718 1452 quae
1748 1387 1945 1437 *obtem-

261 1468 416 1527 perat,
457 1468 540 1511 aut
571 1461 631 1510 de
664 1463 825 1510 animo
858 1461 1083 1510 rationali
1114 1463 1198 1526 qui
1238 1463 1366 1525 regit
1404 1468 1453 1510 et
1490 1461 1770 1510 inrationali
1807 1463 1943 1526 cupi-

262 1535 412 1584 ditate
447 1550 570 1599 quae
603 1537 808 1602 regitur,
847 1542 932 1584 aut
963 1535 1022 1584 de
1063 1537 1244 1585 virtute
1284 1534 1658 1599 contemplativa
1698 1548 1821 1599 quae
1863 1550 1946 1583 ex-

264 1608 396 1657 cellit
429 1615 478 1657 et
510 1609 569 1657 de
602 1610 755 1657 activa
796 1623 919 1672 quae
961 1608 1209 1672 subditur,
1249 1615 1332 1657 aut
1371 1608 1430 1657 de
1470 1608 1725 1657 intellectu
1766 1609 1947 1657 mentis

175 1692 231 1731 20
264 1689 314 1731 et
352 1697 502 1731 sensu
550 1683 773 1746 corporis
785 1721 799 1747 ‚
851 1682 935 1730 sed
985 1688 1152 1746 aperte
1193 1682 1253 1730 de
1293 1681 1488 1731 vinculo
1529 1681 1798 1748 coniugali,
1849 1697 1947 1746 quo

262 1756 472 1804 invicem
519 1755 612 1803 sibi
659 1762 869 1819 uterque
919 1770 1067 1804 sexus
1114 1754 1464 1821 obstringitur,
1511 1754 1749 1804 Dominus
1797 1756 1948 1803 inter-

262 1835 462 1893 rogatus
497 1835 665 1877 utrum
697 1827 871 1877 liceret
903 1843 1212 1892 quacumque
1254 1843 1401 1878 causa
1441 1829 1688 1877 dimittere
1729 1843 1950 1893 uxorem,

262 1904 494 1966 quoniam
533 1908 737 1966 propter
770 1902 1002 1951 duritiam
1043 1902 1207 1951 cordis
1247 1901 1580 1951 israelitarum
1611 1901 1803 1965 Moyses
1843 1901 1948 1950 dari

261 1977 487 2040 permisit
525 1974 743 2023 libellum
783 1975 1006 2042 repudii,
1060 1975 1317 2040 respondit
1357 1982 1501 2039 atque
1543 1976 1629 2024 ait:
1679 1976 1790 2023 Non
1829 1977 1947 2035 ἱερέ-

177 2058 234 2097 25
266 2052 369 2109 sti3‚
410 2051 544 2108 qaia,
585 2050 675 2108 qui
699 2047 828 2109 fecit
857 2051 921 2098 ab
955 2051 1111 2110 initia,
1151 2051 1428 2098 masculam
1467 2054 1517 2098 et
1548 2047 1789 2109 feminam
1823 2047 1953 2108 fecit

263 2135 346 2183 eos
385 2125 434 2170 et
472 2123 633 2170 dixit:
688 2123 906 2184 Propter
955 2125 1051 2172 hoe
1091 2123 1305 2172 dimittet
1341 2123 1483 2171 homo
1516 2127 1717 2186 patrem
1757 2127 1806 2170 et
1842 2135 1945 2170 ma-

264 2200 390 2243 trem
437 2200 485 2243 et
531 2195 831 2243 adhaerebit
876 2199 1034 2245 uxori
1083 2211 1229 2257 suae,
1278 2201 1327 2245 et
1365 2200 1516 2244 erant
1554 2197 1746 2243 duo-in
1786 2209 1947 2244 carne

263 2270 399 2316 una?
477 2267 658 2328 Itaque
703 2270 803 2316 iam
842 2284 941 2318 non
978 2276 1096 2319 sunt
1134 2271 1256 2335 duo,
1305 2270 1398 2318 sed
1433 2283 1537 2317 una
1577 2282 1716 2317 care.
1801 2269 1947 2326 Quod

263 2355 385 2401 erqo
440 2341 577 2389 Deus
631 2344 916 2402 coniunxit,
972 2345 1115 2393 homo
1169 2357 1269 2392 non
1321 2348 1537 2404 separet.
1615 2340 1817 2389 Certum
1871 2347 1948 2389 est

175 2424 232 2464 30
263 2415 416 2478 igitur
466 2413 738 2462 masculum
789 2422 838 2463 et
888 2415 1118 2464 feminam
1170 2418 1237 2464 ita
1290 2416 1519 2480 primitus
1566 2415 1838 2480 institutoS,
1889 2420 1946 2463 ut

263 2502 394 2536 nunc
445 2487 669 2535 homines
721 2486 845 2536 duos
896 2488 1077 2537 diversi
1127 2504 1275 2537 sexus
1325 2488 1546 2538 videmus
1601 2493 1651 2536 et
1703 2489 1944 2553 novimuS,

264 2575 418 2609 unum
466 2566 629 2609 autem
678 2559 775 2609 dici
825 2559 899 2608 vel
945 2568 1150 2626 propter
1189 2563 1588 2611 coniunctionem
1625 2560 1702 2608 vel
1740 2567 1943 2625 propter

383 2703 426 2759 7)
460 2701 569 2747 Gen.
609 2708 646 2758 1,
679 2707 759 2757 273
792 2706 861 2747 28.
926 2703 1000 2758 29)
1032 2703 1114 2747 Mt.
1151 2708 1219 2758 19,
1252 2709 1279 2746 4
1313 2718 1408 2759 sqq.

381 2898 436 2936 22
469 2907 599 2948 quac.
633 2906 687 2937 ex
719 2906 859 2944 causa
889 2906 914 2936 v
