2004 3140
221 112 328 168 502
889 123 926 156 S.
949 122 1223 158 Aoousmm

217 239 314 288 nisi
372 236 754 286 ostenderentur
804 242 888 285 aut
938 251 964 284 a
1016 237 1276 286 credendis
1321 237 1564 302 hodieque
1616 237 1902 288 dicerentur

216 310 442 377 testibus,
480 310 703 375 profecto
743 309 1044 375 inpossibilia
1082 317 1401 377 putarentur,
1439 327 1539 361 non
1579 311 1737 361 solum
1776 326 1902 376 quae

216 386 524 450 ignotissima
563 383 691 449 apud
716 400 845 450 -noS,
884 399 1056 434 verum
1096 387 1243 433 etiam
1283 400 1406 450 quae
1447 387 1704 435 notissima
1741 387 1899 451 posui.

216 459 301 508 Illa
351 460 483 507 enim
534 473 658 523 quae
711 459 839 523 apud
898 474 988 507 nos
1037 465 1236 523 praeter
1287 475 1397 526 eos,
1449 475 1662 524 quorum
1713 459 1774 509 de
1824 459 1901 508 his

159 543 185 583 5
217 532 369 581 libros
418 532 647 598 legimus,
697 548 796 581 non
844 532 1026 581 habent
1073 539 1251 581 testem
1301 539 1350 582 et
1398 533 1457 582 ab
1511 535 1582 583 eis
1622 535 1903 598 conscripta

218 612 357 672 sunt,
404 608 490 670 qui
536 622 635 655 non
685 613 799 655 sunt
847 607 1081 655 divinitus
1122 606 1254 655 docti
1292 612 1438 671 atque
1477 607 1762 657 humanitus
1803 607 1902 656 falli

218 681 344 729 forte
399 686 703 746 potuerunt,
758 680 873 730 licet
928 682 1108 744 cuique
1164 682 1268 729 sine
1323 687 1461 730 recta
1514 681 1899 746 reprehensione

215 769 314 803 non
355 754 573 803 credere.

363 828 486 891 Nam
533 843 624 877 nec
674 843 763 892 ego
811 828 919 876 volo
960 834 1147 877 temere
1188 828 1323 877 credi
1363 835 1540 878 cuncta
1580 844 1703 892 quae
1743 830 1902 894 posui,

129 911 182 951 10
217 903 328 966 quia
368 917 460 951 nec
501 917 527 950 a
566 917 643 950 me
676 904 783 966 ipso
815 903 881 950 ita
922 902 1209 968 creduntur,
1249 909 1494 967 tamquam
1536 901 1666 951 nulla
1707 902 1766 950 de
1806 901 1901 950 illis

215 977 278 1024 sit
327 977 379 1023 in
430 990 538 1024 mea
586 977 879 1040 cogitatione
927 975 1188 1042 dubitatio,
1238 978 1458 1042 exceptis
1504 976 1603 1042 his,
1651 991 1774 1040 quae
1829 975 1904 1024 vel

214 1051 319 1114 ipse
360 1064 471 1098 sum
512 1058 745 1114 expertus
795 1057 843 1099 et
891 1051 1047 1099 cuivis
1087 1050 1227 1099 facile
1269 1056 1344 1099 est
1383 1051 1620 1116 experiri3
1672 1051 1800 1109 sicut
1841 1050 1900 1099 de

215 1123 361 1189 calce,
403 1123 534 1187 quod
568 1124 724 1173 fervet
754 1125 805 1172 in
839 1139 978 1190 aqua,
1015 1125 1067 1172 in
1100 1124 1207 1172 oleo
1241 1123 1414 1188 frigida
1449 1130 1549 1190 est3
1583 1123 1642 1173 de
1674 1130 1899 1189 magnete

213 1197 388 1263 lapide,
430 1197 560 1261 quod
600 1199 768 1246 nescio
802 1213 897 1262 qua
930 1197 1200 1247 sorbitione
1233 1197 1508 1247 insensibili
1541 1197 1769 1262 stipulam
1801 1213 1901 1247 non

128 1280 181 1319 15
214 1277 405 1320 moveat
437 1277 486 1319 et
517 1271 707 1320 ferrum
739 1273 915 1337 rapiat3
956 1272 1016 1321 de
1049 1287 1195 1321 carne
1228 1287 1329 1321 non
1360 1279 1653 1336 putescente
1683 1273 1901 1336 pavoniS‚

215 1360 327 1394 cum
366 1347 589 1409 putuerit
641 1352 689 1394 et
727 1345 970 1410 Platonis3
1018 1345 1078 1394 de
1116 1345 1254 1410 palea
1294 1347 1366 1394 sic
1406 1347 1639 1411 frigente,
1687 1352 1742 1395 ut
1779 1345 1901 1394 flue-

215 1433 354 1467 scere
394 1420 555 1467 nivem
603 1434 702 1467 non
751 1420 902 1484 sinat,
950 1421 1020 1468 sic
1061 1419 1249 1468 calente
1289 1426 1344 1469 ut
1382 1427 1716 1469 maturescere
1757 1434 1902 1484 poma

214 1491 491 1557 compellat3
533 1492 591 1541 de
624 1494 736 1557 igne
771 1492 970 1557 fulgido,
1011 1493 1142 1558 quod
1175 1493 1449 1542 secundum
1482 1508 1627 1542 suum
1659 1493 1902 1557 fulgorem

212 1565 398 1630 lapides
446 1566 703 1630 coquendo
761 1566 1018 1616 candificet
1072 1573 1121 1616 et
1172 1574 1342 1616 contra
1399 1566 1610 1616 eundem
1660 1567 1902 1631 fulgorem

125 1649 180 1688 20
213 1639 403 1688 urendo
443 1639 654 1704 plurima
698 1641 920 1690 offuscet.
997 1640 1112 1689 Tale
1154 1647 1230 1689 est
1269 1641 1400 1705 quod
1440 1647 1490 1690 et
1528 1642 1695 1705 nigrae
1736 1655 1901 1690 macu-

212 1714 285 1762 lae
327 1713 651 1763 offunduntur
691 1729 749 1762 ex
791 1714 897 1762 oleo
939 1714 1217 1780 splendidO,
1269 1715 1495 1764 similiter
1535 1716 1703 1778 nigrae
1741 1714 1899 1763 lineae
1951 1774 1965 1782 x

214 1788 274 1836 de
330 1787 535 1836 candido
590 1790 929 1852 inprimuntur
984 1795 1216 1855 argent0,
1271 1789 1331 1838 de
1387 1787 1684 1838 carbonibus
1739 1789 1901 1855 etiam,

213 1859 344 1925 quod
385 1861 683 1911 accendente
733 1863 845 1926 igne
886 1864 957 1911 sic
996 1869 1251 1911 vertantur
1290 1865 1340 1911 in
1380 1864 1706 1928 contrarium,
1746 1868 1802 1911 ut
1840 1861 1900 1910 de

212 1934 358 1999 lignis
404 1935 753 2000 pulcherrimis
800 1938 966 2002 taetri,
1020 1936 1218 2000 fragiles
1274 1936 1333 1985 de
1382 1936 1541 2002 duris,
1587 1934 1901 2000 inputribiles

126 2016 182 2056 25
216 2008 275 2057 de
325 2008 644 2072 putribilibus
698 2010 832 2058 fiant.
918 2010 1050 2059 Haec
1100 2013 1206 2075 ipse
1263 2010 1500 2074 quaedam
1551 2025 1664 2059 cum
1719 2008 1902 2075 multiS,

213 2082 452 2146 quaedam
500 2098 613 2131 cum
661 2083 888 2132 omnibus
935 2085 1071 2150 novi,
1119 2091 1167 2132 et
1207 2083 1298 2132 alia
1336 2084 1567 2150 plurima,
1619 2098 1743 2147 quae
1783 2083 1899 2132 huic

211 2154 337 2204 libro
391 2157 613 2205 inserere
660 2156 861 2220 longum
917 2158 1022 2206 fuit.
1099 2157 1168 2206 De
1216 2157 1292 2206 his
1340 2164 1526 2224 autem,
1582 2172 1706 2221 quae
1756 2157 1902 2221 posui

212 2243 310 2276 non
363 2236 591 2295 experta,
642 2229 727 2278 sed
778 2229 926 2296 lecta,
976 2237 1173 2295 praeter
1213 2231 1271 2279 de
1313 2231 1447 2280 fonte
1487 2231 1595 2296 illo,
1643 2229 1729 2279 ubi
1768 2230 1900 2279 faces

213 2303 569 2366 extinguuntur
632 2303 861 2352 ardentes
917 2310 965 2352 et
1018 2304 1357 2353 accenduntur
1412 2306 1682 2369 extinctae,
1736 2310 1786 2352 et
1839 2302 1898 2351 de

124 2385 181 2424 30
211 2377 371 2440 pomis
403 2383 564 2425 terrae
601 2376 928 2426 Sodomorum
959 2377 1236 2427 forinsecus
1284 2379 1422 2442 quasi
1462 2378 1683 2443 maturiS,
1723 2377 1898 2425 intrin-

214 2464 358 2499 secus
398 2450 590 2516 fumeiS,
630 2465 722 2499 nec
762 2457 914 2500 testes
955 2451 1144 2515 aliquos
1183 2451 1402 2518 idoneos,
1441 2467 1467 2500 a
1509 2450 1687 2515 quibus
1727 2456 1898 2499 utrum

211 2537 327 2572 vera
378 2531 543 2573 essent
595 2524 839 2590 audirem,
891 2526 1030 2590 potui
1080 2527 1315 2589 reperire.
1399 2525 1462 2574 Et
1511 2524 1648 2573 illum
1700 2523 1898 2587 quidem

212 2597 398 2646 fontem
439 2613 537 2646 non
577 2599 742 2647 inveni
791 2600 876 2664 qui
922 2601 972 2647 in
1011 2597 1162 2663 Epiro
1202 2599 1380 2648 vidisse
1422 2614 1474 2648 se
1515 2598 1758 2658 dicerent,
1810 2595 1898 2645 sed

329 2802 357 2839 4
390 2798 514 2854 apud
554 2812 634 2842 nos
690 2812 773 2844 om.
806 2798 852 2843 R
897 2800 912 2855 ΙΙ
961 2803 1013 2843 15
1060 2812 1123 2856 sq.
1164 2799 1459 2856 putrescente
1501 2834 1510 2843 .
1553 2832 1563 2843 .
1603 2795 1834 2854 putruerit
1869 2809 1896 2840 v

209 2856 337 2909 (492,
374 2860 423 2912 6)
445 2858 461 2913 Η
484 2861 539 2902 20
573 2859 642 2902 est
673 2859 722 2902 et,
752 2858 876 2914 quod
906 2858 952 2902 A
