2004 3140
598 136 664 169 DE
689 135 926 170 CIVITATE
950 137 1038 170 Dm
1062 138 1103 170 L.
1127 138 1208 170 XX.
1234 137 1270 171 c.
1295 138 1348 170 21.
1713 123 1821 176 459

136 253 188 300 in
215 252 422 311 flamma
455 252 599 312 ἐφιεὶς.
663 251 725 299 In
759 252 875 312 ique
907 253 1037 299 enim
1069 251 1274 300 Domini
1311 251 1625 300 iudicabitur
1664 252 1822 299 omnis

136 330 281 374 terra
312 329 362 373 et
393 326 443 373 in
471 326 646 386 qladz'o
679 327 787 373 eius
819 327 976 374 omnis
1008 339 1161 382 car0;
1200 327 1344 373 multi
1380 326 1636 374 vulnerati
1673 330 1825 374 erum

135 413 168 447 a
207 399 432 447 Domino.
512 397 623 446 Sive
656 399 768 462 igne
802 399 902 447 sive
943 404 1233 463 tempestate
1274 399 1374 447 sive
1415 397 1573 462 gladio
1612 412 1821 462 poenam

134 470 303 520 iudicii
351 472 616 537 significat,
665 471 859 536 quando
908 472 1107 536 quidem
1155 474 1319 536 ipsum
1369 471 1632 521 Dominum
1681 473 1822 535 quasi

131 546 297 608 ignem
345 543 463 594 dicit
509 561 619 594 esse
667 552 954 611 venturum,
1006 547 1077 594 eis
1117 545 1339 610 profecto
1382 544 1561 609 quibus
1599 544 1821 610 poenalis
1854 552 1879 591 5

131 619 225 668 erit
288 619 395 668 eius
459 619 711 669 adventus.
791 618 979 669 Currus
1035 635 1150 668 vero
1207 621 1314 669 eius
1371 614 1509 686 (nam
1563 618 1819 683 pluraliter

129 692 248 742 dicti
287 687 428 760 sunt)
477 693 692 758 angelica
744 695 1017 743 ministeria
1055 709 1155 742 non
1195 694 1600 742 inconvenienter
1641 694 1816 757 accipi-

128 781 252 816 mus.
331 766 473 824 Quod
514 774 678 817 autem
728 769 795 816 ait
834 783 1029 816 omnem
1069 774 1252 816 terram
1294 775 1343 817 et
1382 782 1579 815 omnem
1619 781 1818 815 carnem

126 843 178 890 in
225 841 331 889 eius
378 842 489 905 igne
541 847 590 890 et
636 841 794 906 gladio
840 841 1069 902 iudicari,
1118 857 1216 890 non
1266 843 1412 890 etiam
1451 841 1531 889 hic
1572 839 1818 905 spiritales

128 914 470 978 intellegamus
519 922 568 964 et
616 922 835 981 sanctoS,
884 916 970 964 sed
1011 922 1238 964 terrenos
1279 922 1424 979 atque
1467 913 1716 980 carnaleS,
1756 913 1815 969 de
1852 921 1907 961 10

127 987 352 1053 qualibus
392 989 579 1038 dictum
620 995 715 1039 est:
762 991 861 1049 Qui
891 996 1098 1039 terrena
1138 992 1356 1051 sapiunt,
1397 995 1468 1038 et:
1509 988 1703 1051 Sapere
1740 996 1815 1037 Se-

128 1065 350 1112 cundum
390 1077 599 1112 carnem
637 1078 772 1113 mors
812 1069 910 1121 est;
958 1070 1008 1112 et
1048 1062 1216 1127 quales
1257 1065 1455 1111 omnino
1498 1077 1612 1111 caro
1654 1061 1816 1126 appel-

128 1136 294 1186 lantur
326 1151 351 1184 a
383 1136 606 1203 Domin0,
645 1137 731 1186 ubi
762 1137 904 1186 dicit:
946 1139 1055 1187 Non
1080 1139 1400 1199 permanebit
1430 1139 1640 1198 spiritus
1679 1149 1816 1184 meus

127 1213 180 1260 in
225 1212 506 1260 hominibus
554 1213 682 1271 istis,
731 1213 968 1272 quoniam
1015 1225 1140 1260 caro
1188 1217 1317 1260 sunt.
1397 1209 1538 1267 Quod
1578 1224 1695 1257 vero
1736 1208 1815 1257 hic

124 1285 341 1348 positum
390 1291 486 1334 est:
538 1284 692 1334 Multa·
735 1288 990 1334 vulnerati
1034 1290 1186 1334 erunt
1232 1299 1264 1333 a
1312 1286 1547 1343 Domino,
1599 1284 1693 1332 isto
1734 1283 1818 1331 fiet
1852 1288 1905 1328 15

124 1357 326 1407 vulnere
359 1373 493 1406 mors
527 1358 756 1407 secunda.
834 1358 1004 1408 Potest
1043 1357 1243 1422 quidem
1284 1365 1333 1407 et
1371 1359 1498 1423 ignis
1539 1363 1589 1405 et
1627 1356 1816 1421 gladius

124 1439 174 1480 et
212 1431 390 1481 vulnus
438 1433 594 1496 accipi
645 1434 696 1481 in
735 1432 879 1481 bon0.
956 1432 1081 1481 Nam
1121 1439 1171 1481 et
1208 1434 1373 1496 ignem
1413 1431 1653 1480 Dominus
1692 1429 1814 1479 velle

123 1521 175 1554 se
223 1505 345 1555 dixit
390 1507 589 1555 mittere
635 1508 688 1554 in
735 1505 997 1572 mundum,
1045 1513 1094 1556 et
1139 1508 1270 1555 visae
1322 1512 1438 1555 sunt
1486 1504 1581 1554 illis
1620 1503 1814 1569 linguae

123 1579 304 1628 divisae
360 1579 492 1629 velut
546 1581 699 1644 igniS,
755 1580 950 1644 quando
1013 1582 1147 1630 venit
1198 1579 1415 1644 Spiritus
1467 1585 1690 1644 sanctus3
1744 1585 1815 1627 et:

123 1654 234 1702 Non
280 1656 413 1713 veni,
462 1655 623 1717 inquit
667 1654 797 1702 idem
838 1653 1098 1719 Dominus,
1145 1669 1328 1716 pacem
1375 1656 1574 1702 mittere
1623 1655 1674 1702 2'72
1714 1658 1813 1702 ter·
1849 1657 1904 1697 20

123 1741 258 1791 ram,
307 1729 401 1777 sed
432 1729 683 1788 yladium,
732 1734 782 1776 et
822 1742 1102 1776 sermonem
1142 1727 1231 1776 Dei
1270 1727 1390 1776 dicit
1430 1728 1676 1791 scriptura
1714 1725 1812 1790 gla-

122 1801 259 1850 dium
305 1799 382 1849 bis
428 1808 628 1850 acutum
675 1807 878 1865 propter
925 1803 1081 1850 aciem
1121 1802 1366 1865 geminam
1404 1805 1814 1861 testamentorum

122 1873 357 1939 duorum,
398 1881 447 1923 et
485 1876 536 1922 in
570 1876 760 1924 cantico
802 1877 1107 1924 canticorum
1148 1876 1350 1924 caritate
1393 1889 1444 1922 se
1486 1873 1606 1922 dicit
1645 1879 1813 1922 sancta

123 1947 332 1996 ecclesia
371 1947 690 2014 vulneratam,
731 1948 862 1997 velut
902 1951 1082 1997 amoris
1122 1950 1311 2013 impetu
1351 1949 1642 2012 sagittatam.
1714 1945 1810 1995 Sed

122 2021 202 2070 hic
266 2036 379 2070 cum
440 2021 648 2085 legimus
710 2022 785 2071 vel
847 2022 1072 2072 audimus
1127 2021 1342 2071 ultorem
1388 2021 1650 2070 Dominum
1703 2034 1810 2070 esse
1846 2025 1900 2065 25

122 2101 407 2160 venturum,
456 2110 603 2159 quem
650 2096 709 2144 ad
755 2096 957 2146 modum
1004 2096 1125 2145 haec
1173 2095 1500 2160 intellegenda
1550 2097 1670 2161 sint,
1718 2093 1811 2142 cla·

122 2183 234 2217 rum
274 2175 362 2217 est.

269 2241 456 2291 Deinde
487 2241 706 2292 breviter
738 2246 1133 2293 commemoratis
1174 2246 1260 2309 eiS,
1300 2246 1386 2308 qui
1424 2258 1514 2307 per
1553 2242 1646 2291 hoc
1686 2242 1810 2292 iudi-

123 2317 254 2364 cium
308 2323 688 2381 consumentur,
742 2316 833 2366 sub
888 2318 1045 2382 figura
1100 2316 1324 2366 ciborum
1379 2319 1429 2365 in
1483 2316 1589 2380 lege
1646 2323 1811 2365 vetere

122 2390 409 2454 vetitorum,
458 2404 482 2437 a
524 2389 704 2454 quibus
743 2406 796 2439 se
836 2406 935 2440 non
975 2390 1344 2456 abstinuerunt,
1392 2397 1680 2455 peccatores
1719 2391 1811 2438 im·
1843 2393 1899 2432 30

241 2518 285 2570 3)
316 2514 438 2560 Esai.
474 2521 552 2571 66,
588 2521 641 2560 15
675 2531 740 2572 sq.
806 2520 878 2574 11)
910 2517 1031 2561 Phil.
1066 2523 1114 2573 3,
1150 2522 1216 2563 19.
1283 2518 1356 2573 12)
1388 2517 1520 2560 Rom.
1554 2522 1596 2572 8,
1630 2522 1669 2560 6.
1737 2517 1808 2570 14>

124 2571 237 2616 Gen.
279 2578 326 2627 6,
374 2579 414 2618 3.
480 2577 550 2631 18)
590 2575 666 2620 Lo.
710 2580 784 2630 12,
825 2581 895 2621 49.
962 2578 1033 2631 19)
1067 2576 1169 2621 Act.
1204 2581 1251 2631 2,
1296 2581 1334 2621 3.
1399 2577 1473 2630 21)
1505 2575 1587 2619 Mt.
1625 2578 1705 2628 10,
1739 2578 1807 2620 34.

121 2633 198 2687 22)
228 2631 366 2677 Hebr.
400 2637 442 2687 4,
478 2638 545 2677 12.
608 2636 681 2690 24)
715 2634 846 2678 Cant.
880 2641 920 2692 2,
954 2640 992 2679 5.

154 2865 172 2909 l
203 2812 264 2910 d}
298 2807 626 2852 iudicabuntur
656 2810 723 2854 R¹
757 2813 772 2867 ΙΙ
808 2815 832 2854 9
866 2812 914 2855 et
945 2810 1104 2867 gladio
1136 2810 1229 2854 ΕΑ
1259 2812 1431 2868 (proqr.
1457 2824 1507 2867 p.
1542 2814 1647 2867 10)‚·
1679 2811 1728 2855 et
1759 2811 1807 2855 in

120 2880 153 2922 g
174 2879 202 2910 a
234 2880 279 2910 10
312 2880 336 2911 v
