2004 3140
99 934 152 974 10

101 1304 153 1342 15

98 1864 158 1903 20

99 2231 159 2271 25

182 138 292 190 282
857 147 891 181 S.
916 147 1193 182 ,mensum

182 264 289 327 pria
336 263 533 311 nomina
579 260 944 326 inponebantur
992 267 1041 310 et
1087 260 1180 310 hoc
1227 275 1327 310 non
1374 259 1530 310 defuit
1571 275 1868 325 cognomen—

183 346 310 401 tum3
363 338 492 385 sicut
535 335 680 399 longe
726 342 898 399 postea
937 333 1170 384 Caesares
1222 336 1551 399 cognominati
1591 340 1732 400 sunt,
1783 335 1869 398 qui

184 416 535 459 successerunt
586 407 783 458 Caesari
838 408 1073 473 Augusto.
1151 408 1432 474 Reprobato
1488 414 1652 457 autem
1707 407 1868 472 Saule,

183 500 244 533 ne
285 485 546 548 quisquam
585 499 645 531 ex
684 484 791 532 eius
830 484 984 546 stirpe
1025 489 1269 549 regnaret,
1307 498 1465 547 eoque
1506 482 1738 531 defuncto
1779 481 1868 530 Da·

185 557 264 606 vid
298 558 539 606 successit
570 558 621 605 in
653 571 862 622 regnum
894 562 1005 620 post
1045 571 1199 605 annos
1239 571 1265 604 a
1307 555 1465 605 Saulis
1504 557 1712 620 imperio
1753 569 1869 619 qua-

183 631 420 696 draginta.
505 630 646 680 Tunc
701 629 1027 679 Athenienses
1085 630 1266 679 habere
1330 629 1506 679 deinde
1562 645 1703 694 reges
1757 635 1871 694 post

185 705 333 754 Codri
393 706 649 754 interitum
702 704 1000 753 destiterunt
1051 710 1100 753 et
1151 705 1466 768 magistratus
1512 702 1695 752 habere
1757 717 1867 752 coe-

182 786 367 844 perunt
398 778 809 828 administrandae
841 779 915 826 rei
945 776 1185 841 publicae.
1248 777 1365 826 Post
1396 776 1561 842 David,
1601 778 1687 840 qui
1725 778 1870 825 etiam

183 855 289 917 ipse
337 853 658 917 quadraginta
702 853 924 915 regnavit
972 866 1151 918 annos,
1198 850 1327 900 tilius
1367 852 1474 900 eius
1515 850 1744 899 Salomon
1784 865 1872 899 rex

185 919 516 975 Israelitar'um
573 926 689 991 fuit,
754 927 838 989 qui
892 925 1130 990 templum
1183 924 1304 974 illud
1364 924 1725 973 nobilissimum
1784 923 1872 973 Dei

185 999 682 1065 Hierosolymitanum
728 998 959 1048 condidit.
1018 998 1189 1048 Cuius
1242 1006 1463 1063 tempore
1504 998 1633 1063 apud
1671 997 1872 1047 Latinos

185 1074 383 1123 condita
429 1080 505 1122 est
550 1073 695 1139 Alba,
751 1089 811 1122 ex
858 1088 953 1136 qua
1003 1072 1237 1137 deinceps
1277 1087 1375 1121 non
1414 1071 1731 1138 Latinorum,
1785 1071 1872 1120 sed

185 1147 484 1196 Albanorum
531 1163 674 1211 reges
726 1146 985 1212 appellari,
1035 1149 1086 1195 in
1127 1147 1299 1195 eodem
1340 1152 1504 1195 tamen
1544 1144 1708 1212 Latio,
1761 1160 1874 1194 coe-

185 1228 381 1286 perunt.
461 1221 710 1269 Salomoni
749 1222 990 1270 successit
1029 1220 1159 1269 filius
1201 1221 1306 1268 eius
1346 1219 1589 1281 Roboam,
1643 1219 1735 1268 sub
1775 1234 1873 1283 quo

188 1298 238 1343 in
278 1295 375 1344 duo
415 1310 567 1359 regna
613 1295 827 1360 populus
866 1293 947 1342 ille
989 1293 1174 1342 divisus
1215 1300 1311 1359 est,
1359 1300 1408 1342 et
1448 1292 1666 1358 singulae
1706 1299 1874 1358 partes

187 1384 304 1418 suos
344 1367 563 1433 singulos
604 1384 746 1433 reges
784 1367 966 1416 habere
1007 1374 1292 1432 coeperunt.

849 1570 1042 1623 CAPUT
1075 1569 1218 1622 XXI.

189 1679 266 1729 De
304 1679 511 1740 reyibus
549 1678 701 1739 Latii,
742 1692 956 1739 quorum
986 1680 1189 1740 primus
1228 1677 1425 1726 Aeneas
1464 1682 1513 1726 et
1552 1678 1877 1726 duodecimus

671 1752 947 1802 Aventinus
988 1754 1063 1801 dii
1094 1750 1231 1813 facti
1265 1756 1393 1799 sunt.

336 1854 531 1904 Latium
569 1861 682 1920 post
719 1855 941 1921 Aenean,
982 1870 1129 1919 quem
1170 1853 1317 1902 deum
1357 1854 1606 1919 fecerunt,
1645 1853 1878 1902 undecim

191 1944 335 1994 reges
374 1928 566 1995 habuit,
619 1944 830 1993 quorum
870 1928 1035 1977 nullus
1075 1928 1198 1976 deus
1238 1928 1397 1976 factus
1437 1933 1526 1976 est.
1604 1928 1882 1975 Aventinus

191 2009 380 2068 autem,
432 2004 517 2067 qui
563 2002 854 2051 duodecimo
906 2002 1013 2051 loco
1054 2002 1252 2050 Aenean
1291 2003 1541 2066 sequitur,
1592 2015 1706 2049 cum
1745 2007 1878 2049 esset

189 2082 468 2140 prostratus
522 2077 572 2124 in
621 2075 748 2124 bello
801 2083 849 2124 et
897 2076 1120 2140 sepultus
1171 2076 1222 2122 in
1261 2089 1319 2122 eo
1359 2081 1554 2140 monte,
1604 2075 1690 2137 qui
1730 2074 1876 2122 etiam

191 2163 323 2198 nunc
364 2151 470 2197 eius
503 2151 700 2197 nomine
733 2156 1064 2214 nuncupatur,
1103 2147 1311 2196 deorum
1350 2146 1535 2212 talium,
1575 2146 1743 2210 quales
1783 2146 1878 2195 sibi

192 2221 457 2287 faciehant,
504 2237 711 2271 numero
759 2229 834 2270 est
882 2221 1089 2271 additus
1167 2220 1260 2268 Alii
1299 2235 1414 2269 sane
1455 2220 1724 2269 noluerunt
1762 2235 1878 2268 eum

190 2297 243 2345 in
295 2295 483 2360 proelio
535 2295 754 2344 scribere
801 2297 1046 2360 occisum,
1101 2293 1187 2342 sed
1235 2309 1333 2342 non
1385 2296 1703 2359 conparuisse
1744 2293 1876 2342 dixe·

191 2376 332 2435 runt3
383 2384 474 2418 nec
521 2384 582 2418 ex
627 2371 733 2418 eius
785 2368 1021 2418 vocabulo
1061 2366 1357 2432 appellatum
1396 2375 1639 2434 montem,
1691 2367 1776 2416 sed
1818 2382 1879 2415 ex

193 2442 405 2492 adventu
455 2444 616 2491 avium
665 2443 852 2491 dictum
902 2442 1212 2491 Aventinum.
1299 2441 1419 2490 Post
1467 2441 1599 2490 hunc
1651 2455 1749 2489 non
1801 2446 1878 2489 est

192 2516 315 2565 deus
355 2517 513 2565 factus
544 2517 595 2565 in
626 2515 764 2565 Latio
796 2517 891 2565 nisi
922 2515 1163 2565 Romulus
1202 2514 1428 2563 conditor
1465 2513 1662 2564 Romae.
1739 2513 1880 2563 Inter

315 2659 358 2714 6)
391 2663 432 2701 2.
467 2657 589 2702 Sam.
623 2663 664 2702 2.

315 2825 370 2863 20
403 2818 611 2864 fecerunt
641 2819 760 2873 RA‚·
788 2818 996 2863 fecerant
1027 2817 1099 2862 Fv
1131 2820 1147 2875 ΙΙ
1179 2823 1233 2863 27
1266 2831 1351 2862 nec
1382 2816 1546 2871 ΒΑΕ·
1578 2816 1660 2860 sed
1689 2830 1774 2861 neo
1801 2829 1831 2859 v
1862 2815 1880 2873 Ιξ

194 2881 253 2921 28
285 2877 461 2922 dictum
494 2891 590 2923 esse
622 2878 722 2922 AF
