2004 3140
231 161 339 214 526
911 171 946 205 s,
969 170 1248 206 Aueusmm

230 287 282 334 in
321 283 530 333 ecelesia
569 282 806 332 catholica
844 282 1276 348 perseverantibus
1288 323 1302 350 ,
1342 285 1563 348 quamvis
1604 286 1655 333 in
1694 299 1751 333 ea
1789 285 1913 335 male

231 357 534 419 viventibuS,
581 357 674 405 hoc
713 359 1030 422 promittunt,
1077 372 1167 422 per
1206 359 1368 422 ignem
1409 357 1635 406 videlicet
1674 357 1915 408 salvandis

233 433 410 480 merito
458 431 785 498 fundamenti,
832 430 891 479 de
942 445 1038 494 quo
1079 432 1145 479 ait
1183 431 1457 495 apostolus:
1511 433 1916 483 Fundamentum

232 507 362 555 enim
402 507 546 554 aliud
582 519 723 554 nemo
757 510 924 567 potest
948 518 1142 567 ponere
1172 510 1386 567 praeter
1425 508 1493 568 id,
1531 508 1669 566 quod
1696 509 1917 569 positum

172 589 197 629 5
231 584 324 639 est,
380 581 516 640 quod
561 584 635 628 est
685 579 913 627 Christus
962 578 1116 628 IesuS.
1195 579 1253 627 Si
1297 581 1409 640 quis
1458 585 1625 629 autem
1675 582 1919 641 aedificat

228 668 383 715 super
416 651 802 714 fundamentum
842 667 1048 713 aurum,
1096 657 1387 713 arqentum,
1427 654 1620 715 lapides
1653 656 1915 716 pretiosae,

229 729 389 793 liqna,
424 725 621 787 fenum,
668 729 927 788 stipulam:
974 728 1372 787 uniuscuiusque
1410 741 1533 788 opus
1571 726 1914 789 manifestabi-

229 807 341 857 tur;
390 801 496 849 dies
536 802 665 849 enim
721 801 1024 860 declarabit,
1071 802 1308 861 quoniam
1348 802 1399 848 in
1439 802 1555 861 ique
1594 802 1916 862 revelabitur,

230 879 279 922 et
310 876 707 934 uniuscuiusque
739 889 861 936 opus
893 876 1042 935 quale
1080 876 1147 922 sit
1177 875 1308 934 ionis
1341 875 1595 935 probabit.
1672 875 1732 923 Si
1767 877 1913 924 cuius

143 958 196 996 10
229 961 351 1008 opus
391 949 636 996 manserit
674 950 810 1008 quod
845 949 1315 1013 superaedificavit,
1361 949 1642 997 mercedem
1682 950 1912 1010 accipiet.

228 1021 288 1069 Si
340 1023 485 1070 cuius
541 1026 707 1070 autem
762 1036 885 1084 opus
940 1023 1154 1082 arserit,
1211 1023 1447 1070 damnum
1494 1023 1752 1084 patietur;
1807 1024 1911 1084 ipse

229 1099 394 1143 autem
444 1097 612 1143 salvus
658 1097 775 1155 erit,
822 1098 896 1145 sic
944 1100 1110 1144 tamen
1160 1097 1309 1156 quasi
1338 1110 1438 1158 per
1477 1097 1656 1156 ionem.
1733 1093 1914 1144 Dicunt

229 1183 346 1232 ergo
409 1167 674 1217 cuiuslibet
733 1171 860 1218 vitae
924 1168 1218 1217 catholicum
1274 1167 1607 1218 Christianum
1662 1166 1914 1217 Christum

226 1241 407 1290 hahere
447 1243 499 1290 in
538 1242 880 1308 fundamenta,
927 1242 1058 1306 quod
1111 1242 1485 1291 fundamentum
1525 1241 1658 1291 nulla
1695 1241 1914 1291 haeresis

142 1327 193 1365 15
226 1314 374 1364 habet
423 1330 450 1363 a
499 1318 721 1380 corporis
769 1318 875 1364 eius
925 1318 1113 1364 unitate
1164 1318 1406 1382 praecisa3
1455 1322 1505 1364 et
1552 1316 1662 1364 ideo
1708 1322 1913 1380 propter

225 1388 319 1437 hoc
371 1389 768 1451 fundamentum,
821 1390 1011 1438 etiamsi
1066 1389 1218 1437 malae
1269 1391 1393 1438 vitae
1443 1390 1594 1438 fuerit
1641 1388 1910 1438 catholicus

227 1461 556 1528 ChristianUS,
596 1462 728 1512 velut
767 1465 852 1527 qui
893 1463 1372 1527 superaedificaverit
1410 1463 1562 1529 ligna,
1604 1463 1787 1529 fenum,
1827 1464 1911 1511 sti·

224 1535 412 1602 pulani,
458 1543 633 1600 putant
681 1552 795 1585 eum
843 1536 1029 1585 salvum
1076 1537 1183 1584 fieri
1233 1549 1323 1600 per
1361 1538 1548 1602 ignem,
1598 1535 1647 1585 id
1686 1542 1763 1584 est
1799 1540 1913 1600 post

224 1624 408 1674 poenas
462 1611 590 1674 ignis
643 1609 773 1659 illius
828 1609 1050 1675 liberari,
1105 1625 1202 1674 quo
1250 1611 1361 1674 igne
1410 1612 1461 1658 in
1508 1609 1679 1659 ultimo
1729 1609 1912 1658 iudicio

139 1694 193 1733 20
225 1684 496 1747 punientur
535 1683 662 1733 mali.

865 1869 1062 1924 CAPUT
1103 1870 1274 1924 XXII.

224 1979 301 2027 De
331 1980 424 2044 his,
464 1980 553 2039 qui
577 1983 763 2040 putant
800 1992 860 2027 ea
901 1980 1132 2038 crimina,
1173 1993 1304 2038 quae
1343 1980 1476 2027 inter
1515 1968 1921 2041 elemosynarum

387 2066 542 2114 opera
583 2054 971 2111 committuntur,
1013 2053 1084 2100 ad
1121 2053 1459 2100 damnationis
1498 2054 1740 2101 iudicium

902 2139 1000 2173 non
1041 2139 1229 2174 vocari.

135 2252 190 2291 25
372 2240 601 2306 Comperi
666 2243 814 2290 etiam
880 2242 1117 2304 quosdam
1181 2248 1355 2305 putare
1424 2257 1507 2290 eos
1572 2243 1908 2291 tantummodo

222 2329 422 2364 arsuros
468 2314 598 2363 illius
645 2316 934 2363 aeternitate
983 2313 1231 2380 supplicii,
1279 2316 1364 2378 qui
1410 2330 1500 2379 pro
1547 2317 1763 2379 peccatis
1803 2318 1906 2365 suis

222 2389 383 2437 facere
431 2388 602 2452 dignas
652 2388 956 2453 elemosynas
1010 2387 1298 2453 neglegunt,
1349 2389 1485 2436 iuxta
1531 2388 1650 2437 illud
1701 2389 1909 2454 apostoli

221 2461 405 2511 Iacobi:
460 2463 714 2511 Iudicium
761 2468 930 2511 autem
978 2464 1087 2510 sine
1133 2464 1489 2511 misericordia
1538 2465 1634 2523 illi,
1683 2466 1771 2523 qui
1807 2477 1907 2512 non

341 2606 413 2660 12)
448 2609 485 2647 1.
521 2603 621 2648 Cor.
655 2609 696 2660 3,
731 2609 781 2646 11
817 2618 913 2659 sqq.

341 2786 365 2824 6
397 2779 749 2823 fundamentum
787 2793 898 2832 mss;
937 2779 1062 2822 fund.
1102 2779 1190 2822 hoe
1221 2792 1247 2822 v
1292 2781 1306 2834 ss
1355 2785 1409 2823 10
1453 2779 1676 2837 manserit
1727 2778 1774 2822 R
1805 2778 1911 2823 Cla-

219 2852 327 2883 rom.
341 2856 355 2890 ,·
396 2839 702 2895 permanserit
732 2839 804 2882 Av
836 2838 913 2892 (cf.
934 2851 968 2882 0.
987 2842 1073 2893 26)
1095 2840 1110 2893 ss
1137 2843 1187 2880 11
1223 2851 1336 2894 opus
1369 2839 1526 2882 autem
1558 2852 1583 2882 v
1607 2839 1622 2894 ΙΙ
1645 2843 1700 2882 27
1735 2837 1905 2882 elemo—

220 2912 355 2954 synas
388 2898 479 2941 ΒΑ
512 2902 552 2941 et
582 2899 648 2942 sic
679 2901 958 2950 constantem
991 2897 1151 2941 eleem.
1183 2910 1209 2940 v
