2044 3146
242 124 348 177 238
911 134 945 166 S.
970 133 1245 168 AUGUSTlNl

243 251 467 298 calamus
519 248 724 297 scribae
777 249 1014 296 velociter
1065 248 1346 298 scribentis
1438 247 1704 309 Speciosus
1754 246 1926 309 forma

237 337 368 383 prae
417 323 539 380 siliis
593 322 873 378 hominunm
927 321 1119 381 diffusa
1173 327 1247 370 est
1287 323 1463 382 qratia
1513 323 1564 369 in
1613 323 1760 370 labiis
1812 325 1927 382 tuis,

236 401 513 457 propterea
571 395 830 444 benedixit
879 399 927 443 te
984 395 1120 443 Deus
1171 397 1222 443 in
1278 401 1550 444 aeternum.
1640 395 1928 456 Accinyere

238 470 468 529 cladium
518 474 657 517 tuum
704 470 849 518 circa
892 467 1085 529 femur,
1132 470 1475 531 potentissime
1523 471 1690 530 specie
1741 475 1829 518 tua
1881 475 1930 518 et

184 553 209 591 5
236 543 620 604 pulchritudine
659 547 761 601 tua,
801 547 849 590 et
889 543 1103 604 intende,
1137 556 1383 604 prospere
1414 544 1640 604 procede
1679 548 1728 591 et
1765 557 1930 604 reqna

156 921 210 960 10

159 1288 210 1327 15

159 1656 213 1695 20

158 2388 215 2428 30

236 622 450 678 propter
487 618 749 665 veritatem
797 621 843 664 et
890 617 1322 665 mansuetudinem
1361 622 1409 664 et
1447 618 1709 676 iustitiam,
1757 622 1806 665 et
1844 619 1926 665 de-

243 691 394 739 ducet
432 695 479 739 te
517 690 819 738 mirabiliter
868 691 1082 738 dextera
1122 695 1224 738 tua.
1303 690 1535 750 Saqittae
1573 695 1691 738 tuae
1730 695 1929 750 acutae,

235 765 591 827 potentissime,
632 765 828 826 (populi
856 764 947 812 sub
987 770 1035 812 te
1074 764 1282 822 cadent)
1324 765 1376 811 in
1409 764 1570 811 corda
1610 765 1930 812 inimicorum

243 840 393 898 reqis.
471 837 626 886 Sedes
666 843 779 898 tua,
833 837 993 897 Deus,
1047 839 1097 885 in
1138 839 1345 885 saecula
1385 839 1730 896 saeculorum,
1781 839 1929 898 virqa

243 913 538 960 directionis
586 913 734 971 virqa
781 913 932 971 reqni
976 913 1064 959 tui:
1142 911 1379 960 Dilexisti
1425 911 1665 958 iustitiam
1717 916 1766 959 et
1815 912 1930 959 odio

242 985 466 1033 habuisti
502 986 843 1045 iniquitatem;
875 989 1152 1046 propterea
1184 986 1335 1033 unxit
1372 990 1419 1033 te
1450 984 1600 1044 Deus,
1641 984 1776 1032 Deus
1815 990 1931 1032 tuus

242 1061 348 1107 oleo
389 1060 713 1107 exultationis
739 1073 871 1120 prae
896 1059 1238 1120 participibus
1278 1060 1390 1106 tuis,
1470 1057 1692 1120 Myrrha
1732 1063 1781 1106 et
1815 1063 1927 1118 yut·

244 1138 295 1180 ta
343 1138 391 1181 et
437 1134 580 1184 casia
629 1147 660 1180 a
709 1134 1008 1181 uestimentis
1048 1134 1167 1193 tuis,
1216 1147 1248 1180 a
1289 1132 1517 1180 domibus
1555 1132 1819 1188 eburneis;
1865 1145 1934 1180 ex

243 1207 423 1266 quibus
456 1212 503 1255 te
534 1206 913 1254 delectaverunt
937 1208 1079 1264 filiae
1110 1219 1286 1266 requm
1327 1207 1378 1254 in
1417 1207 1607 1253 honore
1646 1211 1744 1252 tuo,
1809 1203 1930 1262 Quis

245 1293 343 1326 non
383 1278 464 1327 hic
505 1277 777 1343 Christum,
825 1293 973 1342 quem
1019 1278 1359 1342 praedicamus
1407 1284 1456 1326 et
1494 1279 1543 1326 in
1586 1292 1731 1341 quem
1772 1277 1930 1326 credi·

244 1367 377 1417 muS,
424 1351 691 1415 quamlibet
737 1354 801 1400 sit
855 1352 1046 1417 tardUS,
1094 1359 1348 1417 agnoscat,
1395 1366 1506 1400 cum
1557 1350 1721 1399 audiat
1760 1350 1932 1412 Deum,

244 1427 386 1474 cuius
427 1425 570 1474 sedes
612 1432 687 1474 est
726 1427 775 1474 in
817 1425 1010 1474 saecula
1050 1425 1375 1490 saeculorum,
1416 1432 1465 1473 et
1502 1432 1707 1474 unctum
1747 1439 1773 1472 a
1815 1424 1933 1489 Dee,

247 1500 420 1563 utique
461 1501 590 1548 sicut
628 1500 803 1563 unguit
842 1498 987 1564 DeuS,
1027 1514 1125 1547 non
1165 1498 1367 1564 visibili,
1407 1499 1494 1548 sed
1535 1497 1743 1563 spiritali
1783 1503 1929 1562 atque

245 1571 551 1636 intellegibili
591 1569 894 1621 chrismate?
971 1572 1092 1629 Quis
1132 1574 1262 1621 enim
1305 1578 1402 1621 tam
1449 1571 1586 1620 rudis
1636 1578 1711 1620 est
1749 1573 1800 1620 in
1839 1571 1931 1620 hac

246 1644 482 1710 religione
523 1645 597 1694 vel
630 1651 727 1694 tam
777 1645 957 1694 surdus
999 1646 1233 1695 adversus
1266 1647 1372 1694 eius
1413 1645 1588 1693 famam
1627 1645 1770 1709 longe
1811 1644 1928 1693 late-

248 1734 341 1783 que
375 1718 617 1785 diffusam,
648 1726 703 1768 ut
729 1719 978 1768 Christum
1010 1734 1035 1767 a
1061 1719 1340 1784 chrismate,
1371 1718 1464 1767 hoc
1498 1725 1573 1767 est
1604 1718 1663 1767 ab
1696 1720 1930 1767 unctione

246 1791 542 1856 appellatum
575 1808 683 1841 esse
724 1808 822 1841 non
864 1789 1090 1842 noverit?
1149 1793 1326 1857 Agnito
1367 1798 1530 1841 autem
1570 1807 1686 1856 rege
1721 1791 1933 1856 Christe,

245 1867 339 1914 iam
390 1873 584 1932 cetera,
639 1882 762 1931 quae
815 1866 893 1914 hic
942 1868 1131 1931 tropice
1180 1867 1309 1915 dicta
1358 1872 1498 1931 sunt,
1546 1880 1643 1929 quo
1684 1865 1827 1913 modo
1869 1865 1934 1913 sit

247 1940 502 2003 speciosus
543 1941 698 1988 forma
737 1955 853 2004 prae
895 1939 1006 1988 filiis
1046 1939 1315 2005 hominum,
1355 1938 1562 2002 quadam
1602 1945 1737 1987 tanto
1778 1939 1932 2002 magis

189 2022 206 2033 '
246 2012 448 2061 amanda
487 2020 632 2077 atque
674 2013 920 2079 miranda,
960 2020 1141 2077 quanto
1182 2015 1345 2061 minus
1384 2027 1622 2076 corporea
1659 2012 1931 2076 pulchritu-

249 2085 379 2151 dine,
419 2088 530 2149 quis
562 2086 750 2151 gladius
783 2088 906 2151 eiuS,
945 2101 1068 2150 quae
1102 2088 1320 2151 sagittae,
1359 2092 1408 2133 et
1448 2092 1612 2133 cetera
1650 2086 1745 2133 isto
1786 2084 1933 2132 modo-

246 2173 344 2206 non
370 2161 586 2224 proprie,
625 2158 711 2208 sed
745 2160 934 2223 tropice
966 2160 1125 2223 posita
1156 2161 1251 2207 iam
1284 2157 1511 2207 subditus
1545 2159 1603 2224 ei,
1643 2159 1728 2221 qui
1760 2164 1936 2222 regnat

246 2238 451 2296 propter
491 2233 746 2281 veritatem
778 2239 828 2280 et
868 2232 1293 2280 mansuetudinem
1335 2239 1384 2280 et
1423 2233 1676 2292 iustitiam,
1715 2232 1932 2295 inquirat

247 2319 304 2353 ex
345 2306 461 2354 otio,

399 2378 583 2427 Deinde
631 2380 835 2443 aspiciat
886 2380 991 2427 eius
1044 2378 1299 2427 ecclesiam
1340 2386 1475 2427 tanto
1516 2379 1619 2426 viro
1659 2392 1749 2426 suo
1790 2377 1932 2442 spiri·

368 2522 438 2575 14)
471 2520 543 2565 Ps.
577 2525 647 2575 44,
680 2524 705 2564 2
739 2534 835 2575 sqq.

366 2688 392 2724 4
424 2681 582 2738 gladio
614 2683 693 2726 tuo
725 2680 790 2725 13¹
816 2683 879 2737 115
915 2683 963 2725 et
992 2680 1075 2725 int.
1107 2680 1177 2734 Β,-
1215 2681 1297 2726 int.
1323 2695 1357 2737 ,υ
1381 2683 1402 2738 ΙΙ,
1421 2684 1468 2725 et
1497 2695 1650 2738 prosp.
1684 2682 1728 2724 A
1751 2682 1767 2737 u
1791 2684 1816 2723 8
1848 2693 1930 2737 po·

246 2740 508 2784 tentissime
541 2740 730 2794 RAF¹‚-
759 2739 1111 2797 potentissimae
1143 2754 1168 2783 v
1200 2741 1215 2794 ΙΙ
1247 2740 1386 2783 corda.
1416 2740 1484 2793 R;
1519 2741 1655 2784 corde
1685 2753 1711 2783 υ
1734 2741 1750 2795 ΙΙ
1773 2743 1798 2783 9
1833 2752 1930 2782 sae-

248 2799 403 2842 culum
443 2799 616 2842 saeculi
655 2799 699 2842 A
738 2812 817 2844 sec.
864 2798 1022 2842 Graec.
1069 2800 1085 2853 ΙΙ
1133 2805 1185 2842 10
1226 2798 1508 2855 directionis]
1550 2797 1798 2854 aequitatis
1841 2798 1886 2840 A
1916 2796 1932 2854 Η

247 2857 386 2901 odisti
418 2857 515 2900 AF
534 2861 549 2914 u
576 2863 627 2902 12
660 2858 813 2902 oleum
844 2858 889 2906 A
920 2870 999 2902 sec.
1035 2856 1193 2901 Graec.
