2044 3146
569 195 635 227 m}
660 194 898 227 civirATE
923 195 1010 228 DEI
1035 194 1074 226 L.
1099 194 1223 226 xvn.
1249 193 1285 226 c.
1312 195 1363 226 10.
1703 181 1810 233 229

131 324 274 358 mone
315 312 667 356 constructum.
747 305 842 354 Sed
891 322 951 354 ne
994 305 1054 354 ob
1094 306 1188 355 hoe
1226 314 1486 370 putaretur
1526 305 1656 354 Deus
1697 321 1810 354 eon-

133 391 208 432 tra
262 395 348 431 sua
408 381 650 445 promissa
705 380 909 446 secisse,
972 382 1206 429 continuo
1271 379 1502 428 subiecit:
1565 381 1815 428 Distulisti

133 458 372 506 christum
405 459 556 503 tuum.
633 452 741 501 Non
782 468 899 518 ergo
940 460 1015 502 est
1054 453 1132 503 ille
1167 452 1410 520 Salomon,
1450 453 1536 502 sed
1577 469 1667 502 nee
1706 455 1810 517 ipse

134 527 303 595 David,
354 529 395 576 si
434 527 611 576 dilatus
652 533 728 575 est
766 526 982 576 christus
1022 527 1229 576 Domini.
1308 526 1428 576 Cum
1471 529 1601 575 enim
1641 526 1813 575 christi

130 604 234 651 eius
287 601 572 650 dicerentur
619 615 790 649 omnes
837 616 979 665 reges
1026 603 1232 665 mystico
1271 600 1355 649 illo
1396 601 1657 649 chrismate
1699 615 1811 648 eon—

130 676 335 742 secrati,
374 690 473 723 non
515 673 672 723 solum
713 689 739 723 a
778 689 892 739 rege
934 674 1082 723 David
1123 683 1172 724 et
1211 674 1466 740 deincepS‚
1506 673 1591 722 sed
1632 673 1690 722 ah
1731 673 1813 721 illo

130 750 275 798 etiam
331 748 502 814 Saule,
557 750 642 812 qui
687 747 869 812 populo
926 748 1083 797 eidem
1135 764 1222 797 rex
1272 750 1462 813 primus
1512 755 1586 797 est
1631 753 1813 797 unctus

129 818 259 889 (ipse
309 824 489 888 quippe
529 821 678 871 David
726 837 839 871 eum
887 822 1129 871 christum
1169 822 1362 871 Domini
1402 816 1660 889 appellat):
1709 828 1814 870 erat

129 904 292 946 tamen
331 912 461 945 unus
501 911 646 945 verus
688 895 927 962 christus,
975 898 1117 945 cuius
1164 896 1234 945 illi
1281 897 1486 960 figuram
1526 894 1813 960 prophetica

129 972 362 1019 unctione
418 969 694 1036 gestabant3
749 971 834 1034 qui
888 970 1160 1019 secundum
1214 971 1496 1035 opinionem
1543 969 1812 1035 hominum,

130 1046 214 1108 qui
262 1059 374 1093 eum
420 1042 657 1108 putabant
702 1044 753 1091 in
800 1040 949 1092 David
998 1044 1072 1092 vel
1119 1046 1169 1092 in
1221 1043 1479 1093 Salomone
1527 1043 1811 1107 intellegen-

128 1118 271 1183 dum,
327 1116 645 1166 differebatur
706 1118 758 1165 in
818 1116 1042 1184 longum3
1105 1118 1378 1167 seeundum
1439 1117 1812 1182 dispositionem

129 1198 291 1240 autem
323 1190 412 1239 Dei
444 1196 682 1239 venturus
715 1205 804 1239 suo
845 1198 1067 1256 tempore
1106 1190 1386 1256 parabatur.
1461 1190 1654 1239 Interea
1695 1189 1810 1238 dum

127 1264 206 1313 ille
247 1263 498 1331 differtur,
539 1263 655 1328 quid
695 1264 879 1312 factum
919 1267 982 1313 sit
1022 1265 1081 1314 de
1121 1281 1274 1331 regno
1314 1272 1540 1314 terrenae
1581 1263 1811 1313 Hierusa-

126 1338 250 1406 lem,
289 1337 374 1386 ubi
414 1337 703 1403 sperabatur
743 1340 915 1401 utique
955 1346 1275 1406 regnaturus,
1316 1345 1516 1388 secutus
1555 1340 1648 1387 iste
1687 1337 1811 1402 psal-

126 1427 236 1461 mus
283 1412 504 1461 adiunxit
550 1418 696 1475 atque
745 1413 833 1460 ait:
881 1413 1124 1462 Evertisti
1168 1419 1513 1462 testamentum
1551 1414 1688 1462 servi
1725 1414 1812 1472 tui,

119 1485 415 1549 profanasti
451 1488 502 1535 in
543 1491 735 1535 terram
774 1489 1094 1536 sanctitatem
1135 1490 1241 1537 eius
1249 1505 1269 1546 ,·
1310 1489 1610 1537 destruxisti
1647 1500 1814 1535 omnes

125 1562 378 1609 macerias
425 1561 553 1620 eius,
603 1561 819 1621 posuisti
862 1563 1162 1611 munitiones
1210 1564 1318 1610 eius
1366 1563 1416 1610 in
1459 1560 1814 1621 formidinem,-

126 1635 452 1695 diripuerunt
490 1647 602 1682 eum
641 1647 809 1682 omnes
848 1639 1168 1684 transeuntes
1207 1638 1361 1696 viam,
1405 1634 1578 1696 faetus
1618 1639 1691 1683 est
1729 1648 1810 1695 op-

118 1708 390 1769 probrium
445 1708 622 1756 vicinis
675 1708 779 1755 suis
787 1723 806 1763 ,·
867 1711 1110 1757 exaltasti
1168 1710 1433 1758 dexteram
1496 1710 1812 1757 inimieorum

128 1783 249 1840 eius,
283 1781 576 1829 iucundasti
604 1794 770 1829 omnes
803 1781 1031 1830 inimicos
1063 1785 1169 1831 eius
1178 1800 1197 1840 ;
1236 1784 1468 1832 avertisti
1504 1784 1812 1830 adiutorium

124 1855 291 1915 aladii
336 1856 443 1902 eius
489 1859 538 1902 et
582 1867 681 1902 non
730 1868 781 1902 es
828 1856 878 1902 ei
922 1858 1202 1904 auxiliatus
1249 1858 1299 1904 in
1349 1857 1502 1913 bello;
1548 1857 1816 1903 dissolvisti

129 1942 238 1976 eum
287 1928 350 1975 ab
400 1928 773 1987 emundatione,
828 1929 993 1977 sedem
1049 1932 1155 1978 eius
1203 1932 1253 1978 in
1302 1935 1494 1978 terram
1541 1930 1788 1978 conlisisti
1793 1945 1813 1985 ;

125 2003 354 2050 minuisti
392 2003 498 2049 dies
529 2002 662 2049 sedis
694 2003 815 2061 eiuS,
847 2000 1128 2064 perfudisti
1167 2018 1278 2052 eum
1317 2001 1625 2064 confusione.
1679 2000 1811 2050 Haec

128 2076 293 2122 omnia
326 2080 568 2123 venerunt
609 2089 758 2138 super
797 2074 1020 2123 ancillam
1052 2075 1374 2142 Hierusalem,
1414 2078 1464 2124 in
1506 2091 1600 2139 qua
1639 2089 1810 2140 regna-

130 2155 308 2197 verunt
353 2146 575 2196 nonnulli
615 2148 761 2196 etiam
800 2147 886 2197 filii
923 2148 1129 2216 liberae,
1179 2166 1386 2215 regnum
1425 2149 1544 2199 illud
1585 2155 1812 2198 tenentes

129 2223 179 2270 in
220 2221 582 2286 dispensatione
623 2223 945 2287 temporaria,
983 2239 1191 2287 regnum
1231 2231 1394 2273 autem
1435 2223 1657 2272 caelestis
1697 2219 1809 2270 Hie-

127 2295 364 2361 rusalem,
419 2296 560 2344 euius
617 2302 757 2344 erant
810 2296 916 2363 filii,
971 2299 1022 2345 in
1070 2313 1183 2346 vera
1229 2297 1324 2346 fide
1370 2297 1607 2346 habentes
1659 2303 1709 2345 et
1758 2298 1808 2344 in

128 2383 243 2418 vero
291 2368 486 2418 Christo
534 2375 804 2434 sperantes,
884 2370 990 2428 Quo
1038 2370 1183 2420 modo
1232 2378 1394 2421 autem
1441 2373 1534 2420 ista
1586 2372 1809 2419 venerint

1848 980 1900 1019 10

1847 1349 1901 1388 15

1846 1718 1901 1757 20

1844 2086 1899 2125 ‘25

128 2457 275 2506 super
307 2442 425 2492 illud
454 2457 680 2509 regnum,
718 2441 864 2492 index
897 2452 973 2493 est
1011 2459 1179 2494 rerum
1219 2452 1483 2511 gestarum,
1524 2446 1564 2493 si
1603 2444 1806 2508 legatur,
1841 2455 1897 2495 30

126 2515 340 2564 historia.

191 2618 206 2623 “
244 2644 288 2697 3)
321 2642 375 2686 V.
409 2648 477 2687 39.
541 2647 585 2701 s)
619 2651 656 2689 1.
695 2644 816 2689 Sam.
852 2650 919 2701 24,
956 2651 994 2690 7.
1059 2647 1132 2702 24)
1166 2646 1237 2689 ΡΞ.
1273 2649 1343 2700 ss,
1377 2650 1432 2688 40
1466 2660 1565 2701 sqq.

245 2808 298 2847 17
338 2805 510 2848 terram
549 2806 595 2850 R
635 2805 719 2861 (εἰς
757 2803 844 2862 τὴν
876 2807 1001 2862 γῆν);
1040 2810 1165 2851 terra
1195 2821 1220 2851 v
1267 2809 1282 2862 Η
1329 2812 1382 2852 18
1414 2807 1462 2850 in
1494 2806 1688 2858 RAFv;
1720 2820 1802 2848 am.

126 2861 334 2918 e¹f91122
368 2862 409 2905 ei
442 2862 687 2909 auxiliatus
718 2865 763 2908 R
774 2883 789 2919 ;
828 2865 1082 2922 opitulatus
1116 2866 1158 2910 ei
1192 2879 1214 2910 v
1238 2868 1253 2921 ss
1278 2871 1332 2909 24
1365 2865 1678 2910 confusionem
1711 2864 1808 2907 RF
