2004 3140
549 172 617 203 DE
641 170 880 204 orvrrATE
905 171 993 203 Dm
1015 171 1057 203 L.
1082 171 1207 204 xxn.
1232 171 1270 203 c.
1295 173 1348 204 23.
1373 172 1427 206 24.
1716 159 1824 212 609

140 285 315 349 vincat,
354 299 415 332 ne
448 285 498 332 in
532 298 591 332 eo
624 283 754 347 quod
788 283 911 332 male
952 283 1162 332 delectat
1201 283 1276 332 vel
1317 285 1436 332 visio
1477 283 1552 333 vel
1593 285 1821 349 cogitatio

140 363 447 423 remoretur,
503 372 564 406 ne
618 349 883 422 inprobum
935 364 1018 406 aut
1068 357 1303 406 indecens
1353 357 1560 407 verbum
1610 357 1823 407 libenter

139 431 390 496 audiatur,
438 446 500 479 ne
539 431 622 480 fiat
662 431 793 495 quod
834 447 931 480 non
971 431 1086 480 licet
1127 433 1317 480 etiamsi
1356 430 1497 497 libet,
1538 447 1598 481 ne
1638 434 1689 480 in
1730 431 1822 480 hoc

138 504 265 554 bello
313 504 536 554 laborum
585 505 1019 569 periculorumque
1068 505 1353 570 plenissimo
1401 505 1476 554 vel
1524 505 1584 555 de
1635 505 1823 555 viribus

134 580 318 627 nostris
362 585 592 643 speretur
630 579 851 627 facienda
889 581 1092 628 victoria
1131 578 1206 627 vel
1247 579 1432 628 viribus
1473 582 1656 628 nostris
1697 580 1822 629 facta
1855 588 1880 628 5

136 652 399 714 tribuatur,
441 652 527 701 sed
568 654 674 701 eius
714 654 913 718 gratiae,
954 652 1014 701 de
1056 668 1152 716 quo
1193 654 1260 701 ait
1299 652 1571 717 apostolus:
1616 654 1823 702 Gratias

134 731 302 775 autem
349 728 476 787 De0‚
525 729 614 787 qui
657 729 747 776 dat
791 728 932 775 nobis
979 729 1243 775 victoriam
1285 742 1382 788 per
1428 727 1687 776 Dominum
1735 742 1820 776 no-

132 806 293 849 strum
334 802 498 850 Iesum
546 801 797 849 Christum
810 819 829 858 ,·
877 802 961 864 qui
1001 807 1050 849 et
1089 800 1182 848 alio
1222 800 1353 849 loco:
1405 801 1466 850 In
1506 803 1605 861 his,
1646 802 1821 866 inquit,

135 876 363 923 omnibus
394 877 794 936 supervincimus
820 890 918 936 per
957 889 1067 923 eum
1107 877 1197 935 qui
1235 877 1416 923 dilexit
1452 889 1570 932 nos;
1609 876 1820 923 sciamus

135 954 324 1014 tamen,
392 947 693 1012 quantalibet
747 950 928 997 virtute
978 948 1252 1013 proeliandi
1304 950 1434 996 vitiis
1484 963 1820 1012 repugnemus
1856 957 1910 997 10

133 1020 210 1070 vel
249 1024 395 1070 etiam
436 1023 548 1071 vitia
582 1037 873 1087 superemus
915 1029 963 1071 et
1003 1021 1339 1088 suhingmmm,
1378 1022 1608 1085 quamdiu
1650 1037 1821 1071 sumus

132 1097 183 1143 in
234 1095 328 1144 hoc
382 1110 616 1162 corpore,
668 1094 809 1144 nobis
858 1095 1030 1145 deesse
1078 1111 1176 1144 non
1225 1111 1370 1160 posse
1418 1095 1550 1144 unde
1602 1095 1820 1165 dicamus

133 1168 256 1218 Deo:
305 1170 510 1219 Dimitte
556 1171 698 1219 nobis
745 1172 912 1219 debita
964 1176 1152 1219 nostra.
1231 1168 1286 1217 In
1325 1169 1407 1217 illo
1449 1177 1613 1218 autem
1653 1184 1820 1234 regn0,

132 1241 218 1291 ubi
251 1257 446 1308 semper
479 1259 592 1292 cum
625 1243 916 1308 corporibus
947 1242 1289 1292 inmortalibus
1323 1245 1523 1308 erimus,
1555 1259 1645 1292 nec
1678 1258 1818 1308 proe-

131 1316 193 1365 lia
243 1315 384 1366 nobis
432 1324 579 1366 erunt
629 1316 725 1365 ulla
776 1333 867 1366 nec
908 1316 1092 1383 debita3
1141 1332 1266 1381 quae
1306 1332 1549 1381 nusquam
1590 1323 1639 1365 et
1678 1331 1817 1365 num-
1855 1325 1906 1364 15

132 1405 279 1454 quam
313 1397 495 1457 essent,
535 1393 578 1439 si
609 1398 783 1440 natura
816 1399 1001 1458 nostra,
1041 1394 1170 1440 sicut
1202 1397 1336 1439 recta
1377 1397 1539 1439 creata
1581 1398 1669 1457 est,
1708 1405 1819 1455 per·

133 1471 368 1513 maneret.
446 1464 514 1513 Ac
546 1480 636 1530 per
668 1465 761 1514 hoc
795 1467 942 1514 etiam
974 1472 1144 1514 noster
1183 1467 1276 1513 iste
1318 1464 1592 1530 conflictuS,
1631 1466 1680 1513 in
1723 1479 1819 1528 quo

131 1538 471 1603 periclitamur
526 1546 575 1587 et
625 1538 684 1587 de
741 1554 838 1603 quo
895 1555 983 1588 nos
1032 1540 1234 1588 victoria
1282 1540 1544 1587 novissima
1593 1540 1819 1602 cupimus

133 1611 348 1677 liberari,
389 1612 447 1660 ad
481 1614 605 1661 vitae
641 1612 788 1661 huius
821 1613 944 1662 mala
975 1616 1205 1678 pertinet,
1246 1627 1391 1676 quam
1433 1619 1507 1661 tot
1545 1618 1815 1661 tantorum-

132 1701 228 1750 que
267 1687 552 1734 testimonio
592 1686 830 1735 malorum
871 1686 1138 1752 probamus
1178 1700 1286 1734 esse
1328 1685 1618 1734 damnatam.
1851 1694 1907 1733 20

760 1843 959 1897 CAPUT
990 1843 1189 1898 XXIV.
1215 1853 1221 1858 ’

131 1936 208 1984 De
239 1937 393 1996 boniS,
434 1937 613 1996 quibus
646 1939 796 1984 etiam
827 1938 962 1985 hanc
1001 1938 1153 1985 vitam
1194 1937 1510 1986 damnationi
1545 1937 1817 1984 obnoxiam

736 2011 948 2059 Creator
988 2012 1216 2072 implevit.

277 2110 379 2160 Iam
430 2127 561 2160 nunc
612 2112 1023 2161 considerandum
1071 2120 1148 2161 est
1193 2112 1319 2161 hanc
1365 2114 1522 2176 ipsam
1569 2112 1815 2159 miseriam

133 2187 329 2250 generis
369 2185 590 2251 humani,
630 2187 681 2234 in
721 2201 816 2250 qua
854 2186 1080 2235 laudatur
1119 2187 1306 2235 iustitia
1344 2186 1596 2250 punientis
1608 2223 1622 2251 7
1663 2183 1814 2248 quali·
1849 2193 1905 2232 25

132 2258 226 2308 bus
281 2266 330 2308 et
386 2274 531 2323 quam
586 2259 753 2328 multis
814 2260 1090 2324 impleverit
1151 2259 1294 2308 bonis
1350 2258 1570 2308 eiusdem
1623 2257 1815 2307 bonitas

132 2339 310 2382 cuncta
360 2347 483 2397 quae
532 2335 715 2382 creavit
761 2333 1160 2383 administrantis,
1247 2333 1470 2382 Primum
1514 2331 1816 2380 benedictio·

133 2421 248 2455 nem
286 2405 438 2471 illam,
487 2421 633 2470 quam
670 2407 944 2471 protulerat
982 2415 1093 2456 ante
1140 2413 1397 2472 peccatum
1446 2406 1637 2454 dicens:
1699 2406 1814 2453 Cre-

132 2483 258 2529 scite
306 2486 354 2528 et
390 2482 794 2541 multiplicamini
831 2488 879 2530 et
918 2484 1113 2543 implete
1152 2487 1366 2539 terram,
1418 2494 1509 2527 nec
1548 2484 1660 2542 post
1697 2492 1810 2542 pec-

131 2650 172 2695 G
250 2593 302 2693 8)1
338 2590 516 2694 1ἑ80οτ.
561 2596 637 2646 15,
678 2596 746 2635 57.
810 2593 853 2647 9)
894 2593 1026 2636 Rom.
1059 2596 1108 2647 8,
1153 2597 1222 2635 37.
1288 2591 1360 2647 13)
1392 2589 1476 2634 Mt.
1510 2595 1558 2643 o,
1602 2594 1669 2633 12.
1734 2590 1807 2645 29)

175 2664 244 2695 en.
309 2686 318 2706 ‚
414 2685 422 2693 .

250 2788 276 2826 9
307 2784 538 2840 vulyarem
568 2783 803 2827 verborum
834 2784 1165 2827 distinctionem
1199 2796 1327 2838 ‚,nos.
1393 2781 1631 2825 Sciamus“
1662 2783 1812 2823 muta-

129 2843 203 2894 vi;
235 2841 432 2885 sciamus
465 2843 584 2885 enim
607 2843 775 2897 pendet
804 2856 859 2885 eae
883 2842 1199 2886 coniunctione
1228 2843 1281 2885 ut
1310 2843 1440 2895 (608,
1471 2843 1552 2896 13)
1584 2841 1598 2895 ΙΙ
1633 2843 1688 2882 29
1721 2838 1807 2881 im-

130 2901 256 2956 plete
287 2899 379 2943 ΕΑ
412 2902 502 2956 (45,
533 2905 590 2944 19
600 2917 617 2953 ,·
648 2904 723 2954 46,
755 2903 824 2956 7)‚·
856 2901 1031 2957 replete
1062 2914 1087 2944 v

219 2989 315 3015 Aue.
339 2989 391 3014 m:
417 2990 493 3015 cxv.
518 2990 596 3015 DEI.
642 2983 693 3013 ΙΙ.
1402 2978 1457 3016 39
