2004 3140
471 136 474 138 ’
538 153 606 184 m:
631 150 870 185 CIVITATE
894 152 981 184 Dm
1006 152 1049 186 L.
1076 151 1179 184 x1x.
1205 151 1242 185 c.
1271 153 1324 185 16.
1675 139 1782 193 383

753 303 949 359 CAPUT
982 304 1126 358 XVI.

545 414 622 462 Be
661 427 821 474 aequo
862 416 975 463 iure
1014 415 1320 463 dominandi.

245 515 486 574 Quocirca
521 517 712 565 etiamsi
745 515 1026 565 habuerunt
1058 531 1225 565 servos
1258 519 1375 566 iusti
1410 525 1575 582 patres
1609 520 1783 585 nostri,

96 593 167 640 sic
208 589 615 639 administrabant
654 589 973 639 domesticam
1011 605 1205 658 pacem,
1255 598 1309 640 ut
1349 592 1622 641 secundum
1661 592 1788 641 haec

98 663 386 729 temporalia
432 663 560 712 bona
607 663 822 713 filiorum
876 671 1060 713 sortem
1109 680 1135 712 a
1185 680 1440 714 servorum
1492 666 1780 715 condicione
1813 675 1842 716 5

96 738 483 804 distinguerent3
524 738 582 786 ad
622 737 778 787 Deum
818 745 982 787 autem
1022 737 1303 806 colendum,
1351 741 1401 788 in
1443 755 1540 804 quo
1581 747 1781 788 aeterna

93 812 224 862 bona
264 811 504 877 speranda
553 818 694 878 sunt,
745 810 973 860 omnibus
1021 811 1195 862 domus
1243 829 1359 862 suae
1401 813 1635 862 membris
1674 816 1782 878 pari

94 886 356 936 dilectione
399 885 729 935 consulerent.
808 885 949 943 Quod
997 886 1234 936 naturalis
1273 886 1394 936 ordo
1434 889 1501 936 ita
1540 890 1780 952 praescri-

93 960 189 1027 bit,
235 967 291 1009 ut
337 975 516 1009 nomen
564 967 759 1025 patrum
807 959 1012 1008 familias
1061 960 1176 1009 hinc
1217 968 1444 1010 exortum
1486 963 1550 1010 sit
1591 969 1640 1011 et
1681 968 1780 1010 tam

94 1035 189 1083 late
237 1034 509 1100 vulgatum,
560 1041 615 1083 ut
663 1035 808 1082 etiam
855 1035 1024 1098 inique
1071 1034 1379 1084 dominantes
1428 1035 1520 1084 hoc
1570 1050 1622 1084 se
1662 1051 1776 1099 gau-
1814 1046 1872 1086 10

94 1108 240 1157 deant
272 1107 518 1173 appellari.
598 1106 692 1165 Qui
725 1115 889 1157 autem
921 1109 1025 1156 veri
1056 1114 1222 1172 patres
1263 1108 1467 1157 familias
1508 1116 1638 1175 sunt,
1677 1124 1778 1158 om-

93 1182 240 1231 nibus
278 1183 328 1230 in
369 1181 546 1230 familia
598 1196 685 1230 sua
734 1188 981 1245 tamquam
1027 1181 1139 1230 filiis
1179 1182 1238 1230 ad
1278 1182 1540 1232 colendum
1580 1190 1629 1231 et
1666 1198 1780 1247 pro·

93 1255 384 1305 merendum
431 1254 587 1304 Deum
635 1254 924 1320 consulunt,
970 1254 1307 1305 desiderantes
1358 1262 1504 1320 atque
1553 1263 1782 1321 optantes

91 1332 259 1379 venire
293 1328 351 1378 ad
385 1328 644 1378 caelestem
678 1329 894 1396 domum,
931 1327 1018 1378 ubi
1058 1331 1394 1379 necessarium
1434 1345 1532 1379 non
1573 1332 1635 1379 sit
1675 1331 1778 1378 offi-

92 1406 222 1453 cium
255 1403 528 1468 imperandi
561 1401 867 1469 mortalibus,
906 1405 1020 1468 quia
1060 1405 1395 1453 necessarium
1436 1419 1534 1452 non
1576 1406 1670 1454 erit
1709 1405 1779 1453 of·
1814 1415 1869 1454 15

91 1479 258 1527 ficium
298 1476 587 1526 consulendi
634 1478 730 1525 iam
776 1478 826 1526 in
874 1476 954 1525 illa
1000 1477 1349 1527 inmortalitate
1390 1478 1640 1544 felicibus3
1682 1494 1779 1542 quo

93 1551 250 1601 donec
303 1553 551 1616 veniatur,
605 1553 759 1615 magis
815 1549 998 1601 debent
1046 1558 1212 1616 patres
1265 1552 1397 1616 quod
1449 1552 1783 1619 dominantur,

93 1641 239 1690 quam
294 1627 424 1674 servi
478 1624 688 1674 tolerare
744 1625 874 1688 quod
930 1627 1165 1674 serviunt.
1245 1625 1298 1675 Si
1331 1628 1462 1690 ,quis
1513 1634 1676 1675 autem
1729 1627 1779 1675 in

93 1700 236 1748 domo
269 1714 359 1764 per
389 1698 805 1748 inoboedientiam
845 1698 1142 1748 domesticae
1182 1701 1291 1764 paci
1330 1699 1632 1765 adversatur,
1672 1715 1779 1748 cor·

94 1775 273 1838 ripitur
325 1788 413 1822 seu
466 1771 615 1821 verbo
668 1787 754 1821 seu
804 1771 1010 1821 verbere
1059 1787 1147 1822 seu
1195 1772 1415 1837 quolibet
1462 1773 1554 1821 alio
1595 1789 1778 1837 genere
1812 1783 1872 1822 20

92 1862 279 1912 poenae
318 1848 449 1895 iusto
490 1853 635 1910 atque
676 1846 832 1912 licito,
884 1853 1122 1910 quantum
1163 1848 1371 1896 societas
1413 1847 1624 1896 humana
1664 1862 1778 1896 con-

93 1921 246 1987 cedit,
285 1935 375 1985 pro
416 1921 524 1969 eius
564 1922 648 1984 qui
688 1921 957 1984 corripitur
996 1920 1229 1987 utilitate,
1268 1927 1324 1969 ut
1363 1922 1471 1985 paci
1510 1920 1641 1970 unde
1681 1920 1779 1969 dis-

93 1994 297 2043 siluerat
348 2001 618 2058 coaptetur.
698 1993 837 2043 Sicut
877 1995 1008 2042 enim
1049 2009 1147 2042 non
1188 2000 1264 2043 est
1303 1993 1656 2043 beneticentiae
1698 1994 1777 2043 ad·

92 2067 302 2117 iuvando
342 2068 556 2134 efficere,
597 2074 652 2117 ut
689 2066 874 2116 bonum
914 2067 1045 2131 quod
1086 2069 1242 2116 maius
1282 2075 1357 2117 est
1397 2070 1672 2117 amittatur:
1711 2070 1778 2117 ita

93 2157 191 2190 non
224 2149 300 2191 est
330 2143 638 2190 innocentiae
671 2141 918 2206 parcendo
959 2143 1137 2207 sinere,
1177 2148 1232 2191 ut
1271 2143 1322 2190 in
1363 2142 1543 2190 malum
1583 2143 1778 2206 gravius
1811 2151 1870 2190 25

92 2215 349 2265 incidatur.
426 2215 648 2264 Pertinet
687 2231 804 2279 ergo
852 2216 909 2264 ad
951 2217 1229 2264 innocentis
1269 2216 1512 2281 officium,
1564 2231 1661 2263 non
1702 2231 1777 2264 so·

96 2288 199 2338 lum
238 2291 424 2338 nemini
462 2288 643 2338 malum
682 2290 890 2356 inferre,
928 2304 1099 2338 verum
1141 2291 1288 2338 etiam
1328 2288 1558 2338 cohibere
1600 2304 1627 2337 a
1666 2305 1778 2354 pec-

95 2370 202 2412 cato
242 2362 317 2412 vel
355 2365 532 2428 punire
579 2370 861 2429 peccatum,
908 2370 963 2412 ut
1001 2370 1086 2412 aut
1124 2364 1228 2428 ipse
1270 2365 1355 2428 qui
1395 2362 1630 2428 plectitur
1670 2378 1777 2412 eor-

93 2437 280 2500 rigatur
330 2438 666 2502 experimento
679 2477 693 2503 ,
740 2443 824 2486 aut
878 2437 958 2486 alii
1005 2443 1288 2486 terreantur
1339 2436 1576 2500 exemp10.
1654 2435 1778 2493 Quia

97 2510 245 2573 igitur
294 2510 507 2559 hominis
556 2510 730 2559 domus
777 2512 973 2559 initium
1028 2511 1129 2559 sive
1179 2510 1420 2575 particula
1471 2509 1617 2557 debet
1668 2524 1776 2557 esse
1809 2518 1871 2559 30

98 2584 333 2651 civitatis,
396 2599 541 2633 omne
603 2591 767 2633 autem
820 2586 1013 2634 initium
1075 2584 1135 2632 ad
1188 2584 1400 2648 aliquem
1451 2584 1527 2631 sui
1581 2584 1776 2646 generis

95 2655 242 2704 finem
282 2664 331 2706 et
370 2659 528 2707 omnis
566 2672 680 2722 pars
721 2656 779 2706 ad
818 2659 1058 2723 universi,
1098 2659 1240 2706 euius
1278 2672 1392 2722 pars
1432 2663 1529 2722 est,
1575 2658 1776 2720 integri-

98 2735 248 2779 tatem
287 2731 527 2794 refertur,
583 2732 700 2780 satis
740 2738 942 2795 apparet
982 2746 1090 2780 esse
1131 2745 1464 2795 consequenS,
1503 2736 1558 2778 ut
1597 2729 1656 2778 ad
1695 2744 1775 2794 pa—

101 2817 208 2851 cem
247 2805 447 2853 civicam
486 2819 580 2868 pax
618 2804 885 2854 domestica
926 2805 1192 2871 referatur,
1231 2804 1280 2853 id
1321 2811 1421 2869 est,
1461 2811 1516 2852 ut
1555 2803 1777 2852 ordinata

97 2876 369 2940 imperandi
415 2876 805 2942 oboediendique
852 2877 1114 2928 concordia
1161 2877 1546 2928 cohabitantium
1593 2877 1773 2925 refera-
1808 2885 1867 2925 35
