2004 3140
533 126 600 158 DE
623 122 861 158 cIVI'rA‘rE
884 122 972 154 DEI
995 123 1038 156 L.
1065 123 1171 156 xx1.
1196 124 1234 157 ο.
1259 126 1288 158 7.
1313 125 1344 157 8.
1674 110 1782 163 503

101 240 187 303 qui
232 240 284 287 in
331 237 482 287 Gallia
529 236 739 286 similem
790 242 994 285 nossent
1041 251 1139 285 non
1186 235 1329 301 longe
1378 251 1403 285 a
1451 234 1784 300 Gratianopoli

98 315 309 362 civitate.
347 344 349 346 -
385 311 454 360 De
501 310 745 360 fructibus
793 316 956 359 autem
1005 309 1239 359 arborum
1281 310 1644 359 Sodomitarum
1684 324 1784 358 non

100 393 290 436 tantum
339 385 532 435 litterae
587 385 682 434 fide
734 384 906 448 dignae
965 384 1209 450 indicant,
1262 399 1434 433 verum
1486 385 1634 432 etiam
1683 390 1785 432 tam

100 460 242 510 multi
273 474 325 509 se
358 459 630 524 loquuntur
662 465 907 523 expertOS,
946 464 1002 507 ut
1032 457 1147 507 hinc
1180 457 1405 507 dubitare
1445 473 1544 506 non
1583 459 1783 522 possim.

98 533 274 583 Cetera
316 548 441 582 vero
494 534 564 582 sic
615 532 798 599 habe0,
846 539 902 581 ut
951 547 1112 596 neque
1165 532 1386 596 neganda
1432 547 1593 596 neque
1642 532 1783 581 adfir-
1817 543 1843 582 5

100 607 276 656 manda
325 607 652 673 decreverim3
702 606 788 656 sed
835 606 946 655 ideo
995 607 1142 654 etiam
1189 607 1293 670 ipsa
1333 608 1499 671 posui,
1552 608 1784 669 quoniam

100 681 228 746 apud
265 696 452 747 eorum,
485 687 656 730 contra
688 696 813 745 quos
846 681 1049 746 agimUS,
1089 679 1353 729 historicos
1385 679 1496 745 legi,
1537 687 1590 728 ut
1622 686 1783 728 osten·

99 755 268 804 derem
303 755 462 819 qualia
493 754 646 804 multa
677 754 917 818 multique
956 753 1154 803 illorum
1195 753 1327 803 nulla
1365 753 1554 803 reddita
1594 755 1784 802 ratione

99 830 150 877 in
190 844 394 879 suorum
433 829 763 878 litteratorum
804 830 985 892 scripta
1025 827 1203 877 litteris
1244 827 1471 894 credant,
1520 829 1604 891 qui
1643 827 1785 876 nobis

97 903 318 970 credere,
359 902 553 967 quando
593 902 664 968 id,
705 902 835 966 quod
876 917 1050 951 eorum
1090 903 1446 966 experientiam
1485 916 1785 965 sensumque
1821 912 1876 951 10

100 977 477 1042 transgreditur,
516 979 904 1041 omnipotentem
935 975 1092 1025 Deum
1126 975 1335 1025 dicimus
1375 991 1484 1024 esse
1524 975 1787 1041 facturum,

99 1066 191 1100 nec
231 1050 422 1100 reddita
460 1052 649 1099 ratione
691 1050 968 1114 dignantur.
1045 1049 1167 1098 Nam
1208 1065 1332 1114 quae
1373 1049 1546 1098 melior
1586 1056 1635 1098 et
1673 1049 1786 1098 vali-

101 1123 210 1173 dior
263 1126 388 1174 ratio
437 1124 496 1173 de
544 1124 696 1173 rebus
742 1124 923 1172 talibus
968 1123 1220 1189 redditur,
1268 1139 1413 1187 quam
1465 1139 1577 1172 cum
1618 1122 1788 1172 Omni-

101 1205 279 1262 potens
333 1214 389 1247 ea
443 1213 589 1262 posse
646 1198 808 1246 facere
864 1197 1156 1262 perhibetur
1213 1204 1261 1246 et
1315 1198 1537 1246 facturus
1592 1197 1787 1263 dicitur,

99 1287 224 1335 quae
264 1274 638 1337 praenuntiasse
677 1271 747 1320 ibi
785 1271 992 1338 legitur,
1028 1271 1111 1320 ubi
1152 1271 1242 1320 alia
1282 1271 1432 1320 multa
1473 1273 1787 1336 praenuntia·
1824 1281 1879 1320 15

100 1348 182 1412 vit,
223 1361 347 1410 quae
388 1346 565 1395 fecisse
606 1342 944 1395 monstratur?
1006 1345 1116 1410 Ipse
1159 1347 1339 1410 quippe
1381 1346 1542 1412 faciet,
1582 1347 1696 1410 quia
1735 1360 1788 1394 se

101 1420 348 1469 facturum
399 1435 509 1468 esse
556 1419 821 1486 praedixit,
869 1435 994 1484 quae
1041 1419 1348 1484 inpossibilia
1393 1425 1655 1484 putantur,
1705 1421 1790 1488 qui

99 1495 327 1558 promisit
377 1501 427 1543 et
477 1494 594 1543 fecit
640 1500 696 1543 ut
754 1493 813 1542 ab
871 1493 1141 1543 incredulis
1196 1493 1428 1558 gentibus
1483 1492 1791 1542 incredibilia

96 1567 438 1618 crederentur.

753 1739 950 1794 CAPUT
981 1740 1130 1794 VIII.
1823 1752 1881 1792 20

176 1850 286 1898 Non
327 1863 433 1898 esse
472 1853 654 1898 contra
694 1853 956 1913 naturam,
998 1862 1111 1897 cum
1151 1849 1203 1896 in
1244 1850 1417 1908 alz'qua
1457 1862 1528 1909 re,
1570 1849 1716 1897 cuius

229 1928 421 1972 natura
461 1925 690 1982 innotuit,
733 1923 930 1983 aliquid
966 1923 1030 1970 ab
1071 1936 1127 1970 eo
1168 1924 1304 1982 quod
1341 1927 1456 1970 erat
1494 1926 1663 1971 notum

628 1998 806 2058 incipit
844 2011 950 2045 6336
989 1997 1256 2045 diversum.

254 2098 307 2148 Si
346 2105 511 2148 autem
541 2098 842 2164 respondent
882 2104 1147 2163 propterea
1188 2113 1239 2147 se
1280 2113 1379 2146 non
1421 2097 1624 2146 credere
1667 2112 1790 2162 quae

103 2172 166 2221 de
212 2172 440 2222 humanis
488 2188 684 2238 semper
731 2174 919 2222 arsuris
965 2187 1058 2221 nec
1104 2186 1340 2236 umquam
1388 2173 1643 2221 morituris
1683 2185 1789 2220 cor·
1824 2180 1879 2219 25

103 2245 308 2311 poribus
348 2247 572 2313 dicimus,
613 2248 726 2311 quia
765 2246 1094 2297 humanorum
1136 2261 1402 2311 corporum
1441 2252 1666 2295 naturam
1706 2260 1792 2294 no-

103 2322 265 2369 vimus
320 2321 463 2386 louge
509 2321 651 2370 aliter
701 2313 1002 2387 institutam,
1054 2319 1184 2368 unde
1237 2335 1328 2368 nec
1375 2319 1456 2368 illa
1504 2321 1629 2368 ratio
1676 2318 1792 2367 hinc

105 2393 246 2442 reddi
284 2401 462 2461 potest,
503 2410 628 2459 quae
669 2395 728 2444 de
767 2394 864 2443 illis
903 2395 1093 2443 naturis
1132 2393 1438 2442 mirabilibus
1478 2391 1792 2457 reddebatur,

107 2474 164 2515 ut
195 2467 292 2516 dici
323 2470 502 2532 possit:
541 2467 653 2535 „Vis
685 2470 779 2517 ista
810 2467 1046 2516 naturalis
1079 2473 1168 2533 est,
1208 2469 1282 2516 rei
1313 2467 1460 2516 huius
1493 2468 1586 2515 ista
1618 2472 1793 2514 natura

107 2535 239 2605 est“3
296 2543 526 2605 quoniam
577 2544 760 2591 scimus
818 2541 1058 2590 humanae
1121 2542 1282 2588 carnis
1337 2542 1482 2588 istam
1532 2554 1631 2588 non
1683 2553 1790 2588 esse
1825 2548 1881 2587 30

107 2619 354 2664 naturam:
394 2614 631 2664 habemus
680 2615 878 2679 quidem
918 2614 1049 2678 quod
1089 2613 1477 2678 respondeamus
1517 2612 1575 2661 de
1614 2612 1792 2662 litteris

107 2688 285 2754 sacriS,
331 2687 457 2736 hanc
508 2690 664 2753 ipsam
706 2688 894 2737 scilicet
932 2687 1194 2736 humanam
1236 2702 1433 2736 carnem
1473 2686 1615 2736 aliter
1654 2688 1792 2735 insti-

224 2862 279 2902 31
314 2858 427 2914 quid
457 2859 503 2903 A
