2004 3140
192 111 303 165 440
866 121 901 155 S.
925 120 1202 156 Avensa-m

196 235 281 286 sed
321 235 502 285 librum
543 235 686 284 cuius
724 233 858 284 modi
896 249 995 283 non
1034 235 1211 284 tacuit:
1265 235 1366 294 Qui
1401 240 1497 295 est,
1537 236 1712 301 inquit,
1750 238 1887 288 vitae

195 311 605 370 uniuscuiusque.
682 307 812 372 Ergo
863 307 934 356 illi
978 307 1115 374 libri,
1163 323 1287 372 quos
1335 310 1501 372 priore
1547 308 1654 357 loco
1703 311 1885 377 posuit,

194 383 510 447 intellegendi
562 388 678 431 sunt
727 383 910 447 sancti,
959 388 1008 430 et
1054 388 1247 430 veteres
1296 390 1346 430 et
1394 384 1528 448 novi,
1582 389 1639 431 ut
1690 384 1741 431 in
1794 382 1894 434 illis

197 457 567 520 ostenderetur,
616 470 740 520 quae
788 455 921 504 Deus
968 456 1076 504 fieri
1123 469 1211 504 sua
1259 456 1483 504 mandata
1533 458 1787 522 iussisset3
1834 459 1887 507 in

139 539 165 579 5
206 530 287 579 illo
329 537 507 596 autem,
547 531 631 593 qui
664 536 740 578 est
773 531 897 578 vitae
937 530 1345 595 uniuscuiusque,
1383 529 1500 593 quid
1539 529 1719 578 horum
1759 532 1893 594 quis-

208 619 303 667 que
361 619 459 652 non
515 604 716 653 fecisset
770 605 871 652 sive
926 603 1138 651 fecisset.
1217 601 1337 660 Qui·
1362 602 1488 651 liber
1539 605 1580 652 si
1631 603 1897 653 carnaliter

206 679 467 743 cogitetur,
508 679 618 741 quis
658 679 764 726 eius
797 676 1183 740 magnitudinem
1224 683 1308 725 aut
1344 675 1698 740 longitudinem
1738 677 1896 727 valeat

205 748 506 800 aestimare}>
565 751 662 799 Aut
694 756 877 814 quanto
910 757 1131 814 tempore
1170 749 1267 814 legi
1305 751 1488 814 poterit
1525 749 1666 816 liber,
1702 752 1754 799 in
1795 766 1897 815 quo

206 827 440 893 scriptae
481 832 597 873 sunt
649 826 908 872 universae
964 826 1090 872 vitae
1144 820 1526 872 universorum?
1601 823 1675 872 An
1725 831 1896 874 tantus

114 907 170 948 10
209 898 494 962 angelorum
536 913 774 947 numerus
814 897 993 963 aderit,
1034 903 1247 961 quantus
1287 896 1540 946 hominum
1582 899 1698 963 erit,
1737 904 1787 946 et
1824 900 1893 947 vi·

205 981 306 1021 tam
339 987 477 1021 suam
512 973 722 1035 quisque
756 970 814 1019 ab
848 970 1019 1035 angelo
1061 970 1155 1019 sibi
1194 969 1411 1019 adhibito
1453 970 1617 1020 audiet
1655 968 1899 1021 recitari?

203 1045 313 1094 Non
367 1060 484 1109 ergo
534 1060 663 1094 unus
714 1044 840 1093 liber
888 1046 983 1094 erit
1029 1046 1270 1110 omnium,
1319 1044 1403 1093 scd
1452 1044 1631 1108 singuli
1679 1045 1895 1110 singulo-

205 1134 333 1168 rum.
413 1119 669 1184 Scriptura
701 1133 817 1167 vero
850 1120 943 1167 ista
975 1133 1130 1167 unum
1163 1117 1331 1167 volens
1364 1117 1604 1182 intellegi:
1643 1119 1712 1167 Et
1749 1122 1899 1186 alim,

206 1193 395 1258 inquit,
442 1194 571 1242 liber
621 1197 829 1255 apertus
876 1198 960 1241 est.
1039 1191 1288 1249 Quaedam
1337 1193 1489 1256 igitur
1526 1193 1599 1241 vis
1639 1198 1716 1242 est
1753 1192 1895 1242 intel·

115 1274 172 1315 15
210 1266 414 1330 legenda
463 1266 647 1332 divina,
695 1281 790 1330 qua
829 1266 933 1331 fiet,
980 1271 1036 1314 ut
1083 1267 1262 1329 cuique
1310 1280 1458 1329 opera
1498 1280 1606 1332 sua,
1653 1266 1729 1315 vel
1766 1265 1898 1315 hona

208 1340 285 1388 vel
324 1339 470 1405 mala,
526 1346 703 1388 cuncta
748 1341 800 1387 in
851 1340 1138 1387 memoriam
1177 1346 1474 1387 revocentur
1514 1343 1564 1387 et
1601 1341 1782 1388 mentis
1821 1341 1896 1388 in-

209 1415 339 1462 tuitu
394 1415 517 1462 mira
570 1412 821 1461 celeritate
874 1418 1168 1478 cernantur,
1221 1418 1278 1460 ut
1325 1419 1524 1461 accuset
1568 1412 1645 1461 vel
1691 1419 1899 1462 excuset

211 1488 418 1535 scientia
465 1487 817 1535 conscientiam
858 1493 1004 1550 atque
1036 1488 1102 1534 ita
1143 1485 1288 1534 simul
1329 1492 1378 1534 et
1417 1501 1588 1534 omnes
1628 1493 1678 1535 et
1717 1486 1898 1551 singuli

210 1559 507 1609 iudicentur.
585 1559 719 1617 Quae
753 1561 987 1608 nimirum
1017 1561 1089 1608 vis
1122 1558 1282 1607 divina
1321 1558 1435 1608 libri
1473 1574 1654 1608 nomen
1693 1562 1897 1624 accepit.

106 1642 164 1682 20
212 1632 267 1682 In
308 1648 363 1682 ea
403 1635 583 1698 quippe
625 1634 835 1697 quodam
874 1633 1020 1681 modo
1059 1632 1261 1698 legitur,
1312 1632 1550 1697 quidquid
1590 1648 1647 1682 ea
1685 1634 1898 1683 faciente

204 1706 461 1756 recolitur.
537 1705 601 1756 Ut
641 1714 805 1755 autem
847 1706 1096 1772 ostendat,
1147 1707 1231 1771 qui
1270 1708 1454 1755 mortui
1493 1706 1743 1756 indicandi
1781 1709 1899 1769 sint,

200 1779 368 1844 pusilli
418 1788 466 1829 et
505 1781 690 1845 magui,
729 1779 1098 1844 recapitulando
1139 1780 1258 1828 dicit
1305 1786 1554 1844 tamquam
1594 1780 1654 1829 ad
1694 1780 1743 1829 id
1782 1780 1894 1829 red·

202 1855 331 1914 ienS‚
380 1853 511 1918 quod
570 1855 895 1918 praeterierat
940 1855 1165 1918 potiusve
1221 1853 1499 1903 distulerat:
1551 1854 1618 1903 Et
1667 1856 1900 1904 exhibuit

177 1933 431 1993 ‚mortuos
462 1941 619 1987 mare,
658 1930 749 1988 qui
778 1930 829 1977 in
863 1942 919 1977 eo
959 1934 1122 1987 erant,
1164 1933 1212 1976 et
1249 1941 1383 1976 mors
1422 1933 1471 1976 et
1509 1927 1740 1988 infernus
1778 1930 1896 1978 red-

116 2007 171 2049 25
210 2002 452 2050 diderunt
489 2007 724 2062 mortuos,
764 2015 886 2062 quos
926 2004 976 2049 in
1015 2016 1070 2050 se
1107 2002 1373 2050 habebant.
1450 1999 1555 2049 Hoc
1593 2001 1768 2066 procul
1807 2001 1893 2050 du-

207 2073 288 2121 bio
344 2076 484 2138 prius
539 2075 722 2122 factum
771 2081 871 2140 est,
928 2089 1072 2138 quam
1122 2081 1290 2123 essent
1336 2076 1521 2122 mortui
1565 2074 1793 2139 iudicati3
1845 2081 1898 2124 et

207 2153 371 2195 tamen
423 2146 542 2195 illud
588 2149 728 2210 prius
777 2147 963 2196 dictum
1011 2154 1099 2196 est.
1175 2146 1281 2196 Hoc
1330 2154 1405 2195 est
1451 2162 1567 2211 ergo
1608 2148 1739 2212 quod
1780 2148 1896 2213 dixi,

207 2219 576 2284 recapitulando
610 2235 723 2268 eum
756 2220 812 2268 ad
847 2220 894 2268 id
929 2220 1116 2268 redisse
1158 2220 1287 2283 quod
1327 2221 1674 2269 intermiserat.
1749 2220 1894 2270 Nunc

206 2299 370 2341 autem
422 2293 645 2341 ordinem
697 2295 881 2359 tenuit,
936 2300 1081 2357 atque
1135 2301 1189 2342 ut
1236 2292 1565 2357 explicaretur
1610 2295 1715 2358 ipse
1756 2293 1895 2354 ord0,

114 2375 171 2415 30
205 2366 510 2415 commodius
553 2368 699 2415 etiam
740 2366 799 2415 de
839 2366 1067 2415 iudicatis
1105 2368 1316 2415 mortuis
1329 2405 1341 2431 ,
1383 2366 1513 2429 quod
1553 2368 1647 2415 iam
1689 2367 1896 2433 dixerat,

206 2455 295 2488 suo
329 2441 557 2504 repetivit
589 2439 711 2488 loco,
790 2439 912 2488 Cum
954 2442 1083 2488 enim
1124 2439 1349 2488 dixisset:
1389 2441 1457 2488 Et
1495 2442 1725 2489 exhibuit
1760 2455 1891 2490 mor·

206 2520 315 2562 tuos
354 2528 517 2579 mare,
565 2516 654 2574 que·
691 2515 743 2562 in
783 2528 838 2563 eo
880 2520 1051 2574 erant,
1102 2519 1151 2562 et
1187 2527 1321 2562 mors
1362 2519 1410 2562 et
1449 2512 1681 2575 infernus
1720 2515 1890 2564 reddi-

204 2588 393 2636 derunt
430 2593 670 2646 mortuOS,
712 2601 834 2647 quos
875 2589 925 2635 in
965 2603 1018 2637 se
1057 2588 1334 2636 habebant:
1381 2601 1494 2635 mox
1535 2586 1720 2636 addidit
1759 2586 1891 2651 quod

311 2714 386 2768 25)
417 2711 559 2768 Apoc.
594 2716 664 2768 20,
699 2718 767 2756 13.

313 2849 369 2887 24
402 2849 441 2888 et
474 2849 526 2888 31
560 2857 686 2888 mare
718 2846 925 2889 mortuos
959 2858 982 2888 v
1014 2846 1202 2900 itemque
1233 2848 1333 2899 444,
1368 2848 1395 2888 7
