2054 3152
630 133 696 164 DE
721 130 960 164 οΙνῙΤΑΤΕ
984 131 1075 163 Dm
1098 131 1138 163 n.
1164 131 1266 163 XVI.
1291 131 1328 163 o,
1354 131 1406 164 15.
1752 119 1853 171 151

175 245 371 311 quando
410 251 550 310 pater
582 246 688 293 eius
728 245 1086 293 centensimum
1127 243 1590 308 quadragensimum
1629 251 1678 292 et
1717 246 1855 308 quin-

176 328 282 370 tum
321 334 500 368 annum
554 318 725 382 agebat
772 320 966 382 aetatis3
1014 325 1132 366 tune
1173 319 1302 366 enim
1344 318 1437 366 fuit
1475 317 1622 366 huius
1663 325 1855 382 septua-

178 395 426 458 gensimus
458 393 674 456 quintus.
740 390 909 440 Soluta
941 398 1017 440 est
1048 398 1212 440 autem
1243 393 1334 440 ista
1369 393 1589 456 quaestio
1624 399 1672 440 et
1703 391 1858 454 aliter,

179 475 231 517 ut
264 468 571 531 septuaginta
604 467 821 529 quinque
853 467 968 513 anni
1000 464 1236 530 Abrahae,
1277 465 1470 530 quando
1512 480 1742 529 egressus
1783 475 1857 514 est

177 540 238 589 de
278 540 482 604 Charra,
530 555 588 589 ex
628 539 709 588 illo
751 545 1178 604 computarentur,
1230 546 1289 587 ex
1329 554 1426 603 quo
1467 539 1526 587 de
1565 541 1677 603 igne
1720 538 1857 588 Chal·
1891 547 1915 586 5

175 614 411 663 daeorum
449 613 709 679 liberatus,
756 628 854 661 non
895 629 953 661 ex
994 628 1092 676 quo
1132 619 1276 661 natus
1316 620 1413 679 est,
1452 620 1699 677 tamquam
1739 619 1857 662 tune

175 690 339 752 potius
379 693 522 736 natus
562 686 815 736 habendus
856 689 933 736 sit.

326 761 421 810 Sed
473 760 646 810 beatus
698 760 977 825 Stephanus
1023 763 1075 810 in
1127 761 1317 811 actibus
1364 759 1698 825 apostolorum
1746 776 1858 810 cum

175 837 271 885 ista
323 842 569 885 narraret:
624 837 780 896 Dete&
835 836 1017 900 inquit,
1069 839 1269 896 aloriae
1323 837 1567 898 apparuit
1619 835 1860 884 Abrahae

169 913 316 972 patri
345 915 529 969 nostra,
570 924 683 958 eum
715 914 843 958 esset
882 913 933 958 in
967 910 1344 972 Mesopotamia,
1380 911 1678 971 priusquam
1718 910 1858 958 habi-

175 989 313 1032 taret
358 986 409 1032 2'72
456 984 680 1043 Charra,
728 989 777 1032 et
824 986 896 1032 ait
935 986 1006 1032 ad
1042 987 1201 1033 illum:
1257 986 1363 1032 Exi
1400 984 1462 1032 de
1501 988 1644 1031 terra
1685 989 1773 1032 tua
1813 988 1862 1032 et

175 1059 238 1106 de
270 1060 571 1118 manatione
602 1063 690 1106 tua
730 1063 779 1106 et
817 1059 879 1106 de
919 1060 1061 1107 domo
1095 1061 1263 1120 patris
1303 1060 1389 1116 tui,
1430 1062 1478 1106 et
1516 1059 1631 1105 veni
1669 1059 1720 1106 in
1760 1063 1859 1106 ter-

174 1145 316 1191 ram,
371 1145 522 1191 quam
584 1132 678 1179 tibi
738 1133 1104 1181 demonstrabo.
1198 1131 1483 1180 Secundum
1536 1130 1658 1179 haee
1712 1129 1859 1179 verba

176 1203 411 1268 Stephani
457 1219 556 1252 non
603 1210 715 1268 post
761 1211 971 1253 mortem
1019 1206 1182 1269 patris·
1222 1207 1328 1254 eius
1375 1204 1573 1252 locutus
1613 1211 1689 1252 est
1727 1203 1859 1252 Deus

174 1277 410 1343 Abrahae,
451 1279 535 1342 qui
574 1280 746 1342 utique
786 1280 838 1326 in
877 1277 1060 1327 Charra
1101 1285 1328 1328 mortuus
1369 1284 1459 1342 est,
1498 1276 1585 1327 ubi
1626 1293 1737 1327 cum
1778 1277 1859 1332 illo

174 1358 224 1400 et
261 1354 367 1416 ipse
406 1351 536 1401 filius
575 1351 824 1418 habitavit,
865 1352 948 1401 sed
990 1354 1278 1417 priusquam
1317 1350 1562 1401 habitaret
1599 1353 1651 1400 in
1690 1351 1861 1400 eadem

174 1427 383 1492 civitate,
422 1427 518 1474 iam
557 1433 722 1475 tamen
762 1441 874 1475 eum
915 1433 1046 1475 esset
1084 1429 1135 1475 in
1175 1427 1540 1491 Mesopotamia.
1602 1425 1710 1474 Iam
1743 1441 1860 1490 ergo

173 1501 360 1548 exierat
414 1515 439 1548 a
495 1499 764 1548 Chaldaeis
859 1499 998 1557 Quod
1061 1502 1226 1565 itaque
1283 1500 1505 1564 adiungit
1560 1498 1861 1564 Stephanus:

179 1573 318 1623 Tune
364 1575 625 1636 Abraham
682 1589 914 1635 eyressus
966 1580 1040 1623 est
1089 1577 1152 1624 de
1198 1581 1342 1624 terra
1396 1575 1765 1623 Chaldaeorum
1815 1579 1864 1623 et

172 1649 422 1696 habitavit
465 1650 517 1696 in
563 1648 787 1707 Charra,
834 1663 934 1696 non
980 1644 1355 1714 <demonstrat>
1403 1647 1520 1711 quid
1561 1648 1625 1696 sit
1665 1648 1861 1712 sactum,

173 1727 344 1785 postea
392 1736 540 1784 quam
586 1720 781 1770 loeutus
828 1728 904 1769 est
954 1721 1022 1769 illi
1062 1721 1192 1770 Deus
1233 1717 1421 1789 (neque
1462 1722 1593 1769 enim
1632 1728 1744 1785 post
1782 1721 1862 1770 illa

175 1794 263 1843 Dei
301 1793 450 1842 verba
489 1809 719 1858 egressus
759 1801 835 1843 est
874 1794 934 1843 de
973 1802 1107 1843 terra
1147 1795 1527 1859 Chaldaeorum,
1580 1809 1694 1843 eum
1733 1795 1862 1844 dieat

174 1870 220 1916 ei
274 1867 495 1917 locutum
547 1867 705 1916 Deum
759 1883 872 1917 eum
927 1875 1059 1917 esset
1111 1870 1162 1917 in
1211 1863 1611 1935 Mesopotamia),
1665 1868 1751 1917 sed
1802 1869 1860 1917 ad

175 1948 335 1991 totum
381 1940 501 1990 illud
548 1950 744 2007 tempus
789 1943 1007 2006 pertinet
1054 1942 1186 2006 quod
1226 1945 1318 1992 ait:
1356 1941 1557 2009 „Tun0,
1596 1941 1645 1991 id
1686 1949 1762 1991 est
1801 1958 1859 1991 ex

175 2031 300 2082 que,
355 2030 587 2079 egressus
639 2022 714 2064 est
766 2031 791 2064 a
848 2014 1101 2065 Chaldaeis
1157 2023 1206 2066 et
1251 2016 1485 2066 habitavit
1535 2017 1586 2064 in
1634 2011 1862 2065 Charra“.
1898 2053 1919 2063 ..

174 2089 296 2138 Item
330 2089 459 2154 quod
493 2091 741 2154 sequitur:
782 2090 848 2138 Et
879 2092 997 2139 iude
1031 2097 1297 2153 postquam
1336 2095 1563 2140 mortuus
1604 2096 1678 2140 est
1709 2096 1862 2153 pater

172 2166 301 2223 εἴας,
357 2167 640 2213 conlocavit
692 2166 829 2213 illum
884 2166 936 2212 in
992 2170 1135 2214 terra
1175 2166 1297 2230 hae,
1351 2167 1402 2213 in
1450 2179 1552 2225 qua
1603 2179 1687 2214 vos
1725 2180 1862 2213 nune

172 2238 414 2286 habitatis
470 2243 518 2287 et
556 2243 735 2300 patres
782 2240 956 2298 uestri,
1004 2252 1103 2286 non
1143 2240 1231 2288 ait:
1285 2238 1595 2304 „Postquam
1634 2245 1861 2287 mortuus

174 2317 250 2359 est
296 2318 436 2375 pater
491 2313 621 2376 eius,
675 2313 794 2360 exiit
846 2311 905 2360 de
954 2307 1196 2378 Charra“;
1252 2312 1361 2361 sed:
1415 2310 1569 2378 „Inde
1616 2310 1696 2360 hie
1749 2327 1861 2361 eum

174 2383 459 2450 conlocavit,
498 2392 757 2449 postquam
792 2391 1017 2434 mortuus
1051 2392 1126 2435 est
1165 2393 1304 2450 pater
1344 2380 1495 2435 eius“.
1571 2384 1860 2450 Intellegen-

174 2457 292 2507 dum
340 2465 414 2507 est
460 2460 611 2522 igitur
658 2458 878 2508 locutum
924 2457 1081 2508 Deum
1122 2460 1273 2508 fuisse
1323 2459 1381 2509 ad
1434 2457 1699 2524 Abraham,
1747 2475 1859 2508 eum

174 2538 307 2580 esset
367 2533 417 2580 in
471 2531 842 2598 Mesopotamia,
895 2535 1183 2597 priusquam
1230 2533 1474 2582 habitaret
1535 2534 1586 2580 in
1654 2531 1860 2597 Charra3

174 2603 262 2652 sed
302 2620 415 2654 eum
453 2607 504 2653 in
546 2605 779 2655 Charram
816 2608 1100 2671 pervenisse
1141 2622 1254 2656 eum
1292 2614 1458 2672 patre,
1498 2612 1691 2655 retento
1732 2606 1860 2670 apud

294 2719 367 2770 28)
400 2717 501 2762 Act.
536 2723 575 2771 7,
608 2723 633 2761 2
668 2733 766 2774 sqq.

294 2868 350 2905 ‘20
383 2863 668 2908 demonstrat
699 2878 780 2909 om.
814 2879 927 2919 mss‚·
958 2866 1015 2920 cf.
1048 2867 1131 2913 vol.
1166 2866 1212 2918 Ι,
1245 2869 1322 2920 72,
1355 2870 1386 2910 2

1895 916 1947 955 10

1898 1286 1948 1324 15

1894 1656 1949 1696 20

1894 2393 1950 2432 30
