2004 3140
602 121 668 153 DE
693 118 930 153 CIVITATE
953 119 1043 152 DEI
1066 120 1108 152 L.
1132 120 1238 153 XXI.
1263 120 1300 154 c.
1325 123 1356 154 8.
1711 110 1818 162 507

130 250 275 301 poma
314 236 420 284 eius
469 235 759 283 interiorem
806 233 1014 282 favillam
1054 234 1278 283 mendaci
1317 234 1578 299 superficie
1618 236 1818 284 maturi-

131 310 247 359 tatis
293 307 566 357 includunt.
643 306 772 357 Ecce
820 323 918 356 non
958 313 1064 357 erat
1103 308 1235 375 talis,
1286 314 1335 357 et
1374 307 1483 357 talis
1524 314 1613 357 est.
1689 308 1818 358 Ecce

133 398 160 431 a
208 381 461 432 conditore
509 387 798 430 naturarum
846 388 1020 431 natura
1069 383 1175 430 eius
1222 384 1273 430 in
1320 381 1446 431 hanc
1486 381 1818 432 foedissimam

133 456 466 505 diversitatem
523 454 734 504 mirabili
796 457 1065 504 mutatione
1129 471 1365 504 conversa
1423 463 1520 518 est3
1583 464 1631 505 et
1687 456 1818 520 quod

128 536 242 595 post
280 535 379 578 tam
417 529 619 594 longum
658 529 834 578 accidit
871 536 1082 594 tempus,
1122 536 1220 578 tam
1259 529 1403 594 longo
1443 536 1665 594 tempore
1706 545 1818 595 per·
1851 546 1876 586 5

130 609 336 652 severat.

281 677 421 727 Sicut
461 693 578 742 ergo
619 693 718 726 non
758 678 853 727 fuit
890 677 1178 742 inpossibile
1218 676 1343 742 Dec,
1391 692 1512 741 quas
1551 676 1704 725 voluit
1745 679 1817 726 in-

131 753 364 817 stituere,
416 754 486 800 sic
528 753 573 800 ei
611 767 711 800 non
751 759 827 801 est
863 751 1175 817 inpossibile,
1224 752 1276 799 in
1317 750 1555 815 quidquid
1594 751 1818 813 voluerit,

133 840 253 890 quas
307 827 552 891 instituit,
607 832 800 875 mutare
862 832 1078 875 naturas,
1170 824 1310 873 Unde
1364 825 1560 873 illorum
1620 840 1818 889 quoque

129 899 480 948 miraculorum
536 899 799 949 multitudo
856 899 1100 965 silvescit,
1155 914 1279 963 quae
1334 905 1556 948 monstra
1612 905 1819 964 ostenta,
1853 911 1907 952 10

129 979 355 1038 portenta
403 974 626 1038 prodigia
665 980 1041 1039 nuncupantur3
1090 988 1215 1036 quae
1254 972 1476 1021 recolere
1518 978 1566 1021 et
1607 987 1818 1021 comme-

129 1062 324 1095 morare
373 1049 415 1096 si
465 1047 630 1114 velim,
677 1047 825 1097 huius
873 1049 1037 1112 operis
1090 1048 1200 1110 quis
1241 1048 1335 1095 erit
1374 1043 1525 1095 finis?
1600 1045 1820 1096 Monstra

131 1136 247 1170 sane
296 1121 426 1170 dicta
471 1120 740 1185 perhibent
787 1137 814 1170 a
861 1121 1181 1170 monstrando
1194 1161 1208 1186 ,
1257 1120 1388 1184 quod
1436 1120 1617 1184 aliquid
1670 1121 1817 1184 signi-

129 1194 319 1244 ficando
353 1195 709 1256 demonstrent,
751 1202 800 1244 et
831 1201 1023 1244 ostenta
1056 1193 1115 1243 ab
1149 1193 1469 1260 ostendendO,
1510 1200 1559 1242 et
1589 1200 1818 1258 portenta

130 1284 156 1318 a
201 1268 564 1335 portendendO,
615 1269 665 1317 id
707 1264 786 1318 est'
826 1268 1276 1335 praeostendendo,
1317 1275 1365 1316 et
1403 1267 1647 1333 prodigia,
1688 1268 1816 1332 quod
1854 1278 1907 1318 15

129 1358 280 1411 porro
313 1342 491 1409 dicant,
523 1342 573 1391 id
608 1349 683 1391 est
714 1343 881 1392 futura
913 1342 1214 1408 praedicant.
1270 1342 1368 1390 Sed
1400 1341 1614 1390 viderint
1646 1357 1818 1391 eorum

132 1419 457 1483 coniectores,
498 1432 594 1481 quo
628 1417 772 1466 modo
814 1433 871 1466 ex
912 1419 984 1466 eis
1025 1418 1126 1465 sive
1168 1416 1398 1465 fallantur
1439 1418 1539 1464 sive
1579 1418 1819 1465 instinctu

132 1493 412 1558 spirituum,
451 1490 631 1555 quihus
664 1506 782 1540 cura
814 1498 891 1541 est
922 1490 1007 1540 tali
1038 1505 1197 1555 poena
1228 1490 1402 1555 dignos
1435 1491 1623 1538 animos
1663 1489 1818 1538 homi·

130 1580 249 1614 num
270 1567 454 1613 ‘noxiae
488 1566 790 1614 curiositatis
823 1564 1014 1614 retibus
1045 1564 1314 1630 implicare,
1355 1565 1501 1613 etiam
1532 1578 1647 1612 vera
1678 1578 1818 1628 prae-

130 1639 295 1688 dicant
342 1640 442 1687 sive
490 1638 642 1687 multa
689 1638 896 1688 dicendo
954 1638 1213 1702 aliquando
1260 1640 1311 1686 in
1360 1637 1543 1702 aliquid
1598 1638 1819 1686 veritatis
1852 1647 1907 1688 20

130 1714 402 1762 incurrant.
478 1711 631 1761 Nobis
672 1719 835 1762 tamen
874 1714 992 1778 ista,
1045 1727 1170 1776 quae
1209 1711 1343 1760 velut
1383 1717 1555 1760 contra
1594 1717 1819 1760 naturam

129 1787 255 1835 fiunt
301 1794 351 1835 et
405 1791 576 1835 contra
623 1793 848 1835 naturam
900 1786 1009 1834 fieri
1048 1785 1283 1834 dicuntur
1323 1780 1446 1851 (quo
1476 1799 1623 1834 more
1663 1784 1818 1833 homi-

130 1875 251 1909 num
289 1859 485 1909 locutus
533 1866 609 1909 est
655 1866 705 1908 et
752 1859 1003 1925 apostolus
1044 1859 1251 1908 dicendo
1293 1865 1465 1907 contra
1506 1865 1730 1907 naturam
1768 1859 1820 1907 in

130 1934 236 1983 olea
269 1935 473 1983 insitum
507 1933 776 1983 oleastrum
809 1934 992 1982 sactum
1026 1948 1133 1982 esse
1174 1934 1466 1998 participem
1505 1931 1819 1996 pinguedinis

129 2003 292 2074 oleae)
334 2013 383 2056 et
421 2013 641 2056 monstra
680 2013 888 2073 ostenta,
926 2013 1155 2071 portenta
1192 2006 1415 2071 prodigia
1454 2011 1821 2072 nuncupantur,
1852 2015 1908 2055 25

130 2081 225 2130 hoc
271 2087 548 2130 monstrare
595 2079 798 2146 debent,
849 2080 943 2129 hoc
991 2079 1253 2129 ostendere
1300 2078 1381 2128 'vel
1419 2079 1820 2145 praeostendere,

132 2154 227 2204 hoc
266 2154 568 2221 praedicere,
610 2154 739 2218 quod
781 2155 1003 2203 facturus
1044 2155 1108 2203 sit
1146 2153 1294 2219 Deus,
1335 2167 1458 2217 quae
1499 2152 1559 2201 de
1601 2154 1819 2218 corpori-

131 2228 225 2278 bus
271 2228 526 2278 hominum
577 2243 629 2277 se
669 2229 1034 2293 praenuntiavit
1082 2242 1189 2276 esse
1239 2228 1509 2292 facturum,
1559 2226 1691 2276 nulla
1730 2228 1819 2275 im-

131 2302 363 2368 pediente
396 2301 698 2368 difficultate,
725 2301 862 2353 nulla
893 2301 1264 2366 praescribente
1296 2300 1403 2365 lege
1429 2306 1647 2350 naturae.
1712 2300 1820 2358 Quo

132 2375 278 2425 modo
319 2382 484 2425 autem
522 2377 965 2440 praenuntiaverit,
1014 2377 1131 2424 satis
1178 2377 1229 2424 in
1267 2374 1396 2423 libro
1438 2375 1694 2439 superiore
1736 2374 1818 2422 do·
1853 2383 1908 2422 30

133 2451 296 2498 cuisse
347 2464 426 2498 me
477 2451 730 2515 existimO,
781 2448 1091 2514 decerpendo
1140 2449 1199 2497 de
1250 2449 1509 2513 scripturis
1550 2449 1730 2495 sanctis
1772 2453 1821 2495 et

134 2524 272 2571 novis
312 2529 362 2571 et
402 2522 650 2571 veteribus
697 2537 795 2570 non
836 2523 1035 2586 quidem
1075 2523 1237 2570 omnia
1276 2521 1333 2569 ad
1374 2521 1467 2569 hoc
1506 2521 1821 2586 pertinentia,

133 2596 221 2644 sed
262 2610 386 2659 quae
426 2596 654 2644 sufficere
694 2595 810 2644 huic
850 2597 989 2660 operi
1027 2595 1250 2644 iudicavi.

254 2723 327 2778 25)
358 2722 490 2767 Rom.
527 2727 594 2777 11,
629 2726 683 2766 17
717 2736 813 2778 sqq.
