2054 3152
244 187 314 239 86
926 194 960 229 s.
983 194 1257 230 attonsum

244 317 340 359 est:
374 310 769 360 Sea-centensimo
800 323 948 370 amw,
987 311 1202 358 secundi
1230 311 1423 371 mensae,
1447 311 1664 372 septima
1690 315 1739 359 et
1761 312 1926 360 vicen-

242 387 370 434 sima
402 385 598 442 mensis‘,
638 384 732 431 nisi
765 383 879 447 quia
910 382 1046 448 taleS,
1087 382 1256 447 quales
1288 397 1419 432 nunc
1452 390 1584 450 sunt,
1622 385 1769 433 etiam
1809 390 1926 433 tunc

245 464 385 506 erant
431 453 664 505 menses?
740 455 863 505 Nam
910 471 1007 521 quo
1053 463 1198 521 pacto
1246 455 1387 506 aliter
1434 458 1701 506 vicensimo
1753 463 1803 506 et
1853 471 1926 506 se·

242 532 397 596 ptimo
423 530 500 579 die
527 530 732 579 secundi
757 531 941 579 mensis
966 530 1217 579 diceretur
1248 537 1479 594 coeptum
1511 546 1620 580 esse
1653 527 1928 580 diluvium?

183 614 210 653 5
243 603 427 653 Deinde
459 610 631 669 postea
662 605 713 652 in
746 604 841 652 fine
882 603 1049 653 diluvii
1087 605 1155 652 ita
1193 603 1395 668 legitur:
1435 605 1502 653 Et
1538 607 1669 654 sedit
1705 619 1836 654 arca
1876 606 1925 653 in

239 693 407 727 mense
437 681 643 741 septemo
675 681 885 740 septzma
925 683 974 727 et
1013 680 1286 727 vicensima
1325 681 1506 726 mensis
1543 693 1699 740 super
1738 683 1926 727 montes

240 753 450 801 Ararat.
527 753 675 813 Aqua
723 758 891 800 autem
937 752 1259 801 minuebatur
1304 766 1464 813 usque
1503 754 1575 801 ad
1609 753 1928 801 undecimum

239 840 484 883 mensem;
538 828 589 874 in
643 827 908 875 undecimo
964 831 1130 875 autem
1185 838 1352 875 mense
1400 828 1572 887 prima
1618 827 1700 875 die
1746 828 1927 875 mensis

234 904 529 962 paruerunt
558 902 731 961 capzta
763 901 1014 948 montzum.
1093 898 1146 946 Si
1184 899 1335 963 igitur
1373 898 1496 947 tales
1535 913 1731 947 menses
1770 905 1927 964 erant,

152 981 207 1021 10
240 972 361 1021 tales
400 972 623 1037 profecto
665 979 714 1021 et
753 974 868 1021 anni
908 980 1063 1038 erant,
1104 971 1272 1036 quales
1311 987 1444 1021 nunc
1484 971 1737 1022 habemus,
1791 971 1925 1020 Men-

238 1061 318 1095 ses
359 1048 540 1110 quippe
573 1045 892 1095 illitriduani
930 1047 1102 1110 viginti
1140 1051 1191 1095 et
1229 1051 1420 1110 septem
1459 1045 1565 1095 dies
1604 1045 1788 1094 habere
1829 1059 1929 1094 nou

235 1126 479 1184 poterant.
556 1119 653 1168 Aut
686 1122 727 1168 si
759 1134 873 1184 pars
912 1120 1200 1168 tricensima
1240 1119 1393 1169 tridui
1433 1126 1552 1169 tunc
1592 1118 1929 1184 appellabatur

238 1193 358 1260 dieS‚
398 1201 453 1242 ut
485 1195 647 1242 omnia
678 1195 998 1258 proportione
1031 1195 1340 1243 minuantur:
1381 1208 1498 1258 ergo
1531 1208 1622 1242 nec
1663 1198 1767 1242 toto
1808 1206 1925 1257 qua·

238 1266 414 1316 driduo
446 1273 617 1316 nostro
650 1267 833 1316 factum
867 1273 942 1316 est
979 1266 1099 1316 illud
1138 1273 1238 1315 tam
1277 1267 1460 1331 grande
1501 1266 1755 1333 diluvium,
1795 1265 1928 1330 quod

152 1349 205 1388 15
238 1347 540 1389 memoratur
587 1341 770 1390 factum
818 1340 1138 1405 quadraginta
1179 1339 1353 1389 diebus
1394 1347 1443 1389 et
1482 1339 1725 1389 noctibus,
1804 1339 1927 1398 Quis

236 1413 361 1462 hanc
402 1413 754 1463 absurditatem
802 1421 851 1463 et
897 1416 1162 1463 vanitatem
1201 1410 1362 1462 ferat?
1423 1413 1636 1462 Proinde
1677 1428 1928 1462 removea-

236 1495 319 1536 tur
358 1487 437 1536 hie
479 1502 643 1553 error,
684 1489 768 1551 qui
808 1489 1093 1536 coniectura
1133 1486 1251 1536 falsa
1289 1489 1357 1536 ita
1397 1487 1500 1536 vult
1539 1493 1764 1536 astruere
1806 1489 1926 1536 scri·

234 1567 495 1625 pturarum
549 1567 834 1610 nostrarum
886 1560 1061 1621 fidem,
1115 1567 1171 1610 ut
1221 1560 1335 1610 alibi
1386 1561 1623 1610 destruat.
1710 1560 1924 1610 Prorsus

236 1641 402 1683 tantus
450 1636 598 1683 etiam
645 1641 762 1683 tune
811 1634 916 1683 dies
956 1635 1071 1700 fuit,
1120 1641 1334 1699 quantus
1375 1641 1425 1683 et
1463 1650 1596 1684 nunc
1636 1641 1738 1700 est,
1778 1649 1928 1698 quem

149 1716 205 1756 20
237 1709 409 1772 viginti
456 1715 504 1757 et
559 1714 791 1772 quattuor
845 1707 994 1757 horae
1051 1708 1228 1757 diurno
1281 1708 1530 1758 curriculo
1582 1714 1926 1772 nocturnoque

237 1781 587 1847 determinant3
636 1788 801 1830 tantus
854 1783 1063 1848 mensiS‚
1114 1788 1327 1846 quantus
1379 1788 1428 1831 et
1467 1797 1599 1831 nunc
1640 1788 1738 1847 est,
1779 1796 1925 1846 quem

235 1854 350 1904 luna
390 1863 562 1920 coepta
603 1862 651 1905 et
690 1855 827 1904 finita
866 1854 1143 1922 concludit3
1182 1861 1350 1904 tantus
1390 1871 1572 1921 annuS,
1621 1861 1836 1920 quantus
1875 1860 1925 1904 et

235 1943 366 1977 nunc
407 1935 502 1993 est,
542 1943 689 1993 quem
728 1928 989 1978 duodecim
1029 1943 1224 1978 menses
1262 1929 1461 1979 lunares
1501 1928 1678 1978 additis
1716 1933 1920 1993 propter

237 2017 439 2052 cursum
493 2002 703 2051 solarem
757 2004 975 2067 quinque
1032 2002 1207 2052 diebus
1262 2009 1311 2051 et
1365 2002 1636 2067 quadrante
1691 2015 1918 2050 consum·

147 2084 203 2124 25
237 2082 391 2140 mant,
431 2077 600 2139 quanti
639 2077 754 2125 anni
792 2077 1167 2126 sescentensimi
1205 2076 1331 2124 vitae
1371 2075 1475 2124 Noe
1524 2074 1773 2125 secundus
1812 2081 1918 2123 erat

235 2150 420 2198 mensis
451 2150 655 2212 eiusque
689 2151 872 2198 mensis
896 2151 1195 2199 vicensimus
1220 2156 1268 2198 et
1301 2150 1540 2214 septimus
1572 2147 1691 2213 dies,
1724 2146 1919 2212 quando

237 2224 400 2287 coepit
439 2237 547 2270 esse
579 2222 831 2288 diluvium,
870 2225 920 2272 in
961 2238 1058 2288 quo
1099 2222 1204 2272 dies
1245 2222 1565 2287 quadraginta
1604 2223 1916 2270 continuatae

235 2297 463 2360 ingentes
495 2294 683 2360 pluviae
716 2303 1069 2363 memorantur,
1108 2298 1194 2361 qui
1225 2296 1329 2345 dies
1362 2311 1461 2344 non
1499 2294 1640 2344 binas
1679 2309 1735 2344 ac
1772 2293 1918 2359 paulo

237 2368 445 2434 amplius
483 2368 630 2417 horas
662 2368 920 2435 habebant,
960 2369 1048 2419 sed
1087 2371 1283 2419 vicenas
1323 2375 1371 2419 et
1412 2375 1675 2434 quaternas
1715 2366 1792 2416 die
1833 2382 1918 2416 no-

147 2452 204 2492 30
237 2448 418 2507 ctuque
443 2447 728 2492 transactas.
791 2442 857 2492 Ac
888 2458 978 2507 per
1009 2442 1102 2492 hoc
1134 2450 1233 2492 tam
1266 2458 1466 2508 magnos
1498 2455 1651 2491 annos
1691 2442 1920 2490 vixerunt

237 2515 307 2565 illi
372 2517 562 2580 antiqui
626 2530 784 2580 usque
852 2515 1060 2580 amplius
1128 2532 1275 2581 quam
1344 2522 1649 2581 nongentoS,
1712 2520 1921 2579 quantos

237 2597 409 2654 postea
458 2590 578 2638 vixit
628 2587 870 2638 Abraham
930 2596 1130 2638 centum
1183 2591 1490 2655 septuaginta
1540 2595 1592 2638 et
1642 2594 1755 2654 post
1809 2602 1923 2636 eum

359 2703 402 2758 9)
437 2700 548 2746 Gen.
583 2706 623 2754 8,
659 2705 686 2744 4
718 2715 783 2756 sq.
846 2702 920 2756 32)
954 2698 1067 2744 Gen.
1101 2706 1172 2757 25,
1207 2707 1243 2746 7.

362 2869 383 2906 1
418 2862 674 2906 uicensima
713 2860 941 2914 VRAF0;
971 2861 1195 2906 vicesima
1226 2861 1300 2906 die
1332 2875 1358 2905 v
1389 2863 1404 2918 ΙΙ
1440 2868 1465 2906 6
1497 2857 1715 2905 vicesima
1747 2860 1822 2905 die
1851 2874 1879 2905 v
1921 2864 1925 2918 {

245 2926 297 2966 13
324 2921 570 2979 quatriduo
587 2935 612 2966 v
635 2924 651 2978 ΙΙ
674 2925 730 2965 32
756 2919 1054 2977 septuaginta
1077 2933 1165 2964 mss
1174 2937 1189 2973 ‚·
1214 2921 1329 2977 sept.
1357 2919 1559 2976 quinque
1582 2933 1609 2964 v
1630 2921 1647 2976 u
1669 2924 1728 2963 24
1753 2919 1863 2964 solis
