2004 3140
569 133 636 165 DE
660 131 902 166 CIVITATE
925 133 1015 165 DEI
1037 132 1079 165 L.
1104 133 1187 166 xx.
1213 132 1250 166 o.
1275 134 1328 166 30.
1432 176 1441 187 ,
1693 121 1808 176 483

118 248 207 298 Dei
233 254 323 315 est,
354 254 405 297 et
429 261 488 295 ex
511 260 724 311 persona
761 243 850 293 Dei
885 244 1068 294 dicitur
1102 260 1192 310 per
1226 245 1540 313 prophetam3
1571 253 1621 296 et
1645 253 1812 296 tamen

116 322 251 372 hunc
300 320 456 370 Deum
494 319 616 368 haec
655 326 755 368 tam
794 333 969 383 magna
1016 326 1066 368 et
1105 325 1204 368 tam
1252 319 1413 369 divina
1453 321 1714 370 facientem
1758 337 1810 370 se

119 396 345 446 Christus
376 392 594 443 ostendit
631 392 942 457 adiungendo
989 399 1136 457 atque
1186 393 1417 444 dicendo:
1456 395 1525 444 Et
1562 398 1815 458 aspicient

118 473 190 520 ad
217 484 295 519 me
335 482 434 531 pro
470 482 528 518 eo
571 469 709 529 quod
744 470 1136 527 insultaverunt,
1184 473 1234 516 et
1264 471 1515 530 planqent
1557 484 1712 532 super
1751 484 1810 519 eo

109 547 371 607 planctum
410 544 560 604 quasi
594 557 750 604 super
791 543 1109 590 carissimum
1141 535 1269 607 (sive
1303 539 1566 609 dilectam)
1599 550 1649 592 et
1677 546 1810 593 dole-
1844 552 1870 592 5

116 619 241 667 bunt
270 619 444 666 dolore
474 618 624 678 quasi
643 630 798 678 super
821 617 1152 676 uniqenitum.
1199 614 1479 665 Paenitebit
1510 618 1691 681 quippe
1732 617 1810 666 Iu-

116 690 264 740 daeos
301 692 354 740 in
393 689 472 739 die
511 689 614 757 illa,
660 690 808 738 etiam
848 703 951 753 eOS,
1007 690 1093 753 qui
1132 691 1386 754 accepturi
1425 697 1543 740 sunt
1582 692 1812 755 spiritum

115 767 299 830 gratiae
325 771 376 814 et
399 763 783 830 misericordiae,
822 762 956 827 quod
994 764 1047 811 in
1071 764 1178 812 eius
1203 765 1433 828 passione
1465 763 1813 813 insultaverint

116 838 327 905 Christo,
352 854 464 887 cum
490 837 550 887 ad
586 852 700 886 eum
733 838 1016 902 aspexerint
1039 839 1092 886 in
1123 852 1211 887 sua
1245 839 1498 888 maiestate
1530 840 1813 887 venientem

117 928 330 978 eumque
355 927 465 962 esse
482 914 817 978 cognoverint,
842 924 990 976 quem
1014 912 1153 976 prius
1171 910 1406 961 humilem
1430 914 1482 961 in
1507 914 1610 961 suis
1634 927 1808 977 paren·
1844 922 1902 963 10

115 986 249 1037 tibus
271 986 576 1052 inluserunt3
603 987 824 1050 quamvis
850 991 900 1034 et
922 986 1017 1049 ipsi
1041 991 1274 1049 parentes
1300 1001 1474 1035 eorum
1488 992 1651 1035 tantae
1676 985 1811 1035 illius

115 1063 382 1126 impietatis
414 1067 642 1110 auctores
674 1066 995 1123 resurgentes
1027 1058 1266 1108 videbunt
1298 1075 1429 1126 eum,
1461 1059 1547 1109 sed
1571 1059 1812 1125 puniendi

114 1137 237 1201 iam,
291 1149 391 1183 non
439 1134 598 1184 adhuc
646 1133 943 1198 corrigendi.
1029 1132 1139 1181 Non
1191 1135 1358 1197 itaque
1409 1133 1503 1182 hoc
1557 1133 1666 1182 loco
1716 1134 1814 1198 ipsi

115 1207 432 1273 intellegendi
487 1215 632 1274 sunt,
687 1206 774 1256 ubi
828 1206 1015 1256 dictum
1072 1214 1170 1256 est:
1224 1208 1294 1256 Et
1342 1208 1603 1269 effundam
1657 1222 1813 1269 super

116 1285 314 1333 domum
352 1283 524 1332 David
569 1287 619 1332 et
660 1296 816 1344 super
862 1282 1178 1330 habitatores
1217 1282 1539 1331 Hierusalem
1577 1283 1811 1344 spiritum
1846 1290 1899 1331 15

111 1359 319 1418 qratiae
351 1361 400 1406 et
429 1358 844 1413 misericordiae;
883 1362 934 1405 et
964 1357 1216 1417 aspicient
1247 1357 1319 1405 ad
1346 1370 1423 1405 me
1448 1370 1547 1418 pro
1581 1369 1638 1404 eo
1678 1357 1816 1416 qaod

114 1434 516 1488 insultaverunt,·
555 1429 642 1479 sed
674 1436 840 1479 tamen
881 1429 941 1478 de
981 1428 1181 1478 illorum
1221 1431 1375 1495 stirpe
1415 1431 1687 1496 venienteS,
1726 1429 1813 1492 qui

114 1520 205 1570 per
250 1504 440 1554 Heliam
486 1503 569 1552 illo
616 1511 840 1568 tempore
894 1502 1134 1552 credituri
1173 1510 1304 1553 sunt.
1384 1502 1481 1552 Sed
1522 1504 1651 1552 sicut
1691 1501 1810 1551 dici-

115 1594 226 1628 mus
250 1578 468 1628 Iudaeis:
499 1577 626 1644 „Vos
652 1577 904 1626 occidistis
930 1572 1227 1642 Christum“,
1262 1579 1483 1642 quamvis
1507 1577 1601 1626 hoc
1632 1591 1808 1641 paren·

115 1659 191 1701 tes
224 1667 398 1701 eorum
429 1652 661 1701 fecerint:
701 1653 771 1700 sic
806 1657 854 1700 et
885 1653 967 1700 isti
1007 1666 1059 1699 se
1099 1650 1340 1700 dolebunt
1378 1651 1555 1700 fecisse
1597 1650 1809 1715 quodam
1842 1660 1898 1701 20

115 1725 285 1792 modo,
332 1725 463 1790 quod
510 1725 740 1774 fecerunt
783 1724 875 1790 illi,
923 1740 982 1774 ex
1030 1740 1244 1788 quorum
1293 1726 1447 1789 stirpe
1488 1724 1810 1774 descendunt.

116 1800 350 1858 Quamvis
383 1814 500 1864 ergo
533 1805 736 1863 accepto
770 1800 948 1863 spiritu
987 1800 1173 1862 gratiae
1215 1805 1264 1847 et
1303 1798 1674 1848 misericordiae
1714 1799 1812 1847 iam

116 1873 286 1923 fideles
317 1888 419 1922 non
450 1872 815 1922 damnabuntur
847 1887 961 1922 cum
992 1874 1156 1937 impiis
1188 1871 1478 1937 parentibus
1520 1874 1639 1938 suiS,
1679 1871 1810 1920 dole-

116 1947 242 1997 bunt
290 1954 453 1996 tamen
499 1953 749 2011 tamquam
795 1948 891 2011 ipsi
930 1947 1165 2013 fecerint,
1218 1946 1350 2010 quod
1389 1946 1449 1995 ab
1488 1946 1585 1995 illis
1625 1946 1811 1995 factum

118 2028 207 2070 est.
284 2020 394 2069 Non
432 2022 585 2084 igitur
624 2019 862 2070 dolebunt
899 2027 1040 2070 reatu
1083 2022 1327 2087 criminiS,
1378 2019 1464 2069 sed
1502 2021 1701 2084 pietatis
1741 2020 1808 2068 af·
1843 2027 1899 2069 25

117 2095 267 2144 fectu.
352 2093 479 2142 Sane
541 2093 628 2143 ubi
698 2093 932 2143 d1xerunt
992 2095 1302 2158 septuaginta
1362 2095 1684 2158 interpretes:
1745 2093 1814 2141 Et

117 2170 367 2231 aspicient
404 2170 476 2217 ad
511 2182 590 2218 me
620 2183 720 2231 pro
761 2183 818 2218 eo
857 2170 995 2229 quod
1030 2171 1414 2228 insultaverunt,
1456 2169 1526 2216 sic
1565 2169 1810 2231 interpre-

115 2248 272 2291 tatum
320 2248 396 2291 est
444 2257 504 2290 ex
550 2241 801 2291 Hebraeo:
854 2242 921 2290 Et
968 2244 1219 2304 aspicient
1256 2244 1328 2291 ad
1363 2256 1462 2302 me,
1509 2255 1653 2302 quem
1694 2255 1810 2290 con-

111 2318 373 2375 fixerunt;
412 2330 510 2380 quo
544 2316 743 2380 quidem
775 2314 925 2364 verbo
966 2314 1243 2364 evidentius
1275 2314 1502 2364 Christus
1543 2314 1811 2364 crucifixus

117 2397 333 2454 apparet.
423 2388 521 2438 Sed
575 2389 657 2438 illa
709 2388 962 2438 insultatio
978 2429 993 2455 ,
1056 2404 1202 2453 quam
1257 2390 1568 2454 septuaginta
1621 2402 1807 2452 ponere
1842 2396 1899 2436 30

118 2462 420 2529 maluerunt,
467 2464 576 2512 eius
623 2464 883 2512 universae
930 2478 1030 2511 non
1080 2463 1238 2512 defuit
1282 2463 1514 2527 passioni.
1590 2461 1714 2510 Nam
1761 2467 1811 2510 et

120 2534 321 2584 detento
372 2543 423 2585 et
469 2535 661 2600 alligato
710 2543 759 2586 et
806 2535 1082 2586 adiudicato
1123 2542 1173 2585 et
1211 2534 1478 2600 opprobrio
1517 2535 1808 2599 ignominio-

121 2623 202 2657 sae
242 2611 394 2658 vestis
439 2609 613 2658 induto
663 2617 713 2659 et
759 2611 913 2674 spinis
962 2617 1195 2658 coronato
1244 2615 1295 2658 et
1335 2608 1519 2658 calamo
1558 2610 1609 2657 in
1649 2609 1807 2673 capite

120 2697 359 2746 percusso
415 2689 465 2731 et
518 2682 794 2732 inridenter
840 2683 948 2731 fixis
1000 2682 1208 2747 genibus
1256 2681 1456 2731 adorato
1508 2688 1558 2731 et
1608 2671 1809 2731 erficem

237 2872 262 2911 2
297 2880 396 2911 sese
426 2881 452 2911 v

1301 2922 1329 2948 ⁹
1359 2939 1452 2985 31*
