2054 3152
559 205 624 237 DE
649 203 888 238 CIVITATE
912 204 1001 236 Dm
1025 205 1067 237 L.
1091 204 1194 237 ΧΠ.
1219 203 1258 238 c.
1285 207 1338 239 10.
1363 207 1416 238 ιι.
1768 194 1838 245 27

151 324 205 366 et
259 315 404 366 nullis
459 315 769 381 agitabantur
823 315 1280 380 perturbationibus
1335 319 1636 384 animorum,
1691 317 1838 367 nullis

157 405 423 455 corporum
455 389 776 439 laedebantur
814 390 1160 439 incommodis:
1198 396 1298 439 tam
1338 390 1454 440 felix
1493 393 1723 440 universa
1763 406 1839 440 so-

155 466 307 513 cietas
355 469 487 512 esset
532 463 771 529 humana,
825 465 867 511 si
917 478 1007 512 nec
1053 462 1123 512 illi
1170 463 1378 529 malum,
1433 464 1564 528 quod
1604 466 1750 514 etiam
1789 466 1840 513 in

153 542 381 601 posteros
413 538 696 602 traicerent,
735 551 827 586 nec
861 538 1122 600 quisquam
1154 552 1214 585 ex
1254 552 1427 586 eorum
1468 540 1622 602 stirpe
1662 539 1840 601 iniqui-

152 616 252 659 tate
300 611 653 676 committeret,
708 609 839 674 quod
888 610 1197 659 damnatione
1245 612 1514 675 reciperet3
1561 618 1707 675 atque
1748 613 1839 660 ista
1874 622 1900 659 5

152 690 472 748 permanente
513 683 759 749 felicitate,
798 683 956 732 donec
995 698 1086 747 per
1123 683 1254 731 illam
1293 683 1703 750 benedictionem,
1745 699 1839 748 qua

78 780 82 784 -
152 756 341 806 dictum
388 763 484 806 est:
546 758 767 806 Crescite
805 763 856 806 et
891 759 1319 819 multiplicamini,
1360 757 1840 822 praedestinatorum

150 837 438 879 sanctorum
469 845 707 879 numerus
747 829 1095 895 compleretur,
1134 829 1225 879 alia
1263 833 1419 879 maior
1458 831 1674 896 daretur,
1714 846 1838 895 quae

151 903 447 952 beatissimis
487 904 674 968 angelis
713 903 825 952 data
863 910 952 965 est,
991 903 1077 953 ubi
1115 905 1213 952 iam
1253 910 1385 953 esset
1424 910 1559 953 certa
1598 906 1839 953 securitas

151 983 472 1041 peccaturum
528 979 776 1026 neminem
830 979 1177 1041 neminemque
1233 979 1562 1043 moriturum,
1623 985 1672 1027 et
1726 978 1836 1026 talis
1873 988 1925 1026 10

150 1057 284 1099 esset
328 1052 426 1099 vita
474 1057 756 1100 sanctorum
802 1057 916 1114 post
961 1050 1150 1099 nullum
1201 1050 1383 1100 laboris
1434 1051 1616 1100 doloris
1668 1052 1839 1100 mortis

152 1125 562 1189 experimentum,
595 1123 751 1187 qualis
785 1126 880 1172 erit
902 1130 1016 1188 post
1042 1124 1163 1173 haec
1196 1126 1356 1173 omnia
1389 1126 1441 1173 in
1465 1126 1837 1189 incorruptione

151 1212 419 1262 corporum
459 1197 649 1246 reddita
688 1199 1055 1246 resurrectione
1097 1204 1422 1246 mortuorum.

831 1353 1026 1408 CAPUT
1064 1354 1156 1407 XI.

202 1448 278 1498 De
317 1451 460 1510 lapsu
495 1450 653 1509 primi
689 1449 915 1509 homini&
958 1451 1009 1496 in
1049 1462 1146 1509 quo
1187 1449 1310 1496 bene
1350 1449 1555 1498 condita
1595 1454 1786 1497 natura
1872 1457 1926 1496 15

372 1524 551 1570 vitiata
590 1526 685 1582 est,
732 1536 826 1571 nec
860 1527 1025 1584 potest
1061 1524 1164 1570 nisi
1200 1536 1233 1570 a
1271 1536 1361 1570 suo
1402 1526 1614 1571 auctore

861 1610 1117 1657 reparari.

299 1697 398 1746 Sed
419 1699 533 1762 quia
558 1697 688 1747 Deus
720 1704 899 1747 cuncta
928 1698 1192 1761 praescivit
1218 1704 1266 1746 et
1305 1697 1415 1746 ideo
1446 1713 1642 1762 quoque
1683 1698 1837 1746 homi-

150 1786 263 1819 nem
302 1778 624 1835 peccaturum
662 1773 890 1835 ignorare
930 1785 1029 1818 non
1067 1772 1249 1834 potuit:
1289 1771 1563 1820 secundum
1601 1771 1665 1836 id,
1705 1771 1836 1835 quod

149 1845 412 1909 praescivit
451 1851 598 1908 atque
638 1844 894 1910 disposuit,
935 1844 1181 1892 civitatem
1222 1850 1440 1892 sanctam
1479 1843 1722 1893 debemus
1757 1844 1836 1893 ad·
1870 1854 1927 1893 20

152 1932 336 1983 serere,
375 1933 475 1966 non
508 1918 782 1967 secundum
814 1917 949 1982 illud,
990 1916 1120 1981 quod
1154 1919 1205 1965 in
1245 1925 1465 1966 nostram
1506 1919 1838 1982 cognitionem

149 1992 409 2055 pervenire
459 2006 557 2039 non
603 1993 786 2057 potuit,
833 1992 947 2055 quia
992 1992 1043 2039 in
1083 1990 1171 2039 Dei
1218 1990 1541 2054 dispositione
1590 2005 1690 2039 non
1731 1992 1836 2039 fuit.

149 2063 320 2128 Neque
362 2066 493 2113 enim
524 2064 671 2113 homo
710 2071 913 2129 peccato
955 2079 1044 2113 suo
1085 2063 1304 2113 divinum
1342 2066 1504 2128 potuit
1542 2063 1835 2128 perturbare

151 2137 440 2203 consilium,
479 2140 618 2202 quasi
658 2138 815 2187 Deum
854 2138 985 2202 quod
1027 2143 1266 2186 statuerat
1304 2145 1495 2186 mutare
1537 2136 1836 2202 conpulerit3

152 2226 265 2260 cum
313 2210 445 2260 Deus
491 2211 814 2275 praesciendo
860 2218 1126 2274 utrumque
1173 2212 1507 2277 praevenerit,
1554 2210 1603 2259 id
1643 2217 1740 2272 est,
1788 2218 1836 2259 et
1869 2220 1925 2259 25

150 2284 312 2350 homo,
351 2299 499 2348 quem
538 2284 723 2333 bonum
761 2286 867 2348 ipse
908 2286 1114 2349 creavit,
1154 2299 1300 2347 quam
1339 2283 1495 2333 malus
1535 2290 1666 2333 esset
1705 2284 1835 2333 futu-

151 2372 262 2423 ruS,
310 2364 359 2406 et
408 2357 525 2421 quid
573 2356 690 2406 honi
736 2359 882 2407 etiam
928 2359 998 2407 sic
1046 2357 1105 2406 de
1152 2356 1234 2406 illo
1283 2364 1415 2406 esset
1453 2359 1558 2422 ipse
1600 2358 1837 2406 facturuS.

272 2470 314 2523 7)
347 2469 459 2513 Gen.
495 2475 534 2522 1,
566 2474 636 2514 28.

274 2635 302 2673 4
332 2629 617 2675 traiecerunt
644 2644 670 2674 v
716 2632 732 2687 ΙΙ
780 2634 804 2674 5
837 2629 1083 2684 iniquitate
1119 2664 1128 2673 .
1163 2665 1171 2672 .
1205 2629 1331 2685 quod
1363 2629 1661 2674 damnatione
1703 2628 1842 2672 VAF

154 2689 229 2742 (cf.
261 2702 297 2733 c.
330 2692 389 2733 15
420 2689 618 2744 denique
652 2724 661 2733 .
697 2725 706 2733 .
740 2689 789 2732 in
827 2688 954 2731 illius
993 2688 1173 2744 peccati
1213 2701 1364 2744 poena
1394 2689 1508 2744 quid
1537 2687 1836 2731 inoboedien-

155 2746 250 2790 tiae
282 2746 374 2790 nisi
411 2746 759 2791 inoboedientia
790 2747 1016 2791 retributa
1048 2748 1148 2790 est?
1181 2747 1208 2790 l.
1242 2749 1302 2790 15
1334 2760 1368 2790 c.
1403 2751 1433 2790 6
1463 2747 1547 2791 sub
1578 2747 1678 2800 fin&
1713 2746 1740 2790 l.
1774 2750 1835 2791 21

155 2819 192 2849 c.
223 2809 279 2848 11
313 2806 436 2860 fin.);
466 2805 762 2861 iniquitatem
787 2842 797 2851 .
825 2841 833 2850 .
859 2819 978 2861 quae
1011 2805 1358 2849 damnationem
1387 2819 1414 2849 v
1438 2807 1453 2862 ΙΙ
1480 2811 1532 2849 16
1564 2804 1731 2848 uitiata
1771 2804 1839 2856 V,-

154 2877 236 2907 om.
270 2878 295 2907 v
325 2865 341 2920 ΙΙ
366 2869 420 2908 18
453 2878 638 2920 quoque
670 2865 796 2909 hom.
839 2865 1000 2917 VAF;
1030 2865 1154 2909 hom.
1187 2878 1263 2920 qn.
1288 2877 1314 2907 v
1337 2865 1353 2919 ss
1377 2869 1433 2907 20
1466 2864 1675 2907 sanctam
1699 2862 1750 2906 F
1769 2864 1836 2907 ed.

154 2921 356 2976 Lovan.;
388 2925 597 2967 sanctam
630 2937 733 2967 eam
774 2923 816 2966 V
814 2923 885 2966 Av
