2044 3146
250 152 359 205 206
906 163 941 197 S.
965 164 1242 199 Aueusrmu

249 285 369 328 sunt
404 281 640 340 subiecti,
682 280 851 343 utique
892 280 1007 343 quia
1045 277 1271 345 superbi,
1310 278 1369 327 de
1411 293 1501 328 suo
1540 285 1795 345 putanteS,
1834 295 1935 330 non

250 353 309 402 de
350 352 459 414 Dei,
513 367 659 417 posse
699 352 892 417 placere
936 367 987 401 se
1028 351 1152 419 Dee,
1203 355 1288 417 qui
1328 358 1403 401 est
1442 351 1574 402 Deus
1613 354 1933 404 scientiarum

249 433 396 491 atque
443 426 555 475 ideo
603 434 653 476 et
701 426 886 476 arbiter
933 427 1371 493 conscientiarum,
1424 425 1493 475 ibi
1532 425 1704 476 videns
1751 430 1934 492 cogita·

250 503 410 550 tiones
450 501 727 567 hominum,
782 503 1014 566 quoniam
1053 515 1203 549 vanae
1243 507 1381 566 sunt,
1437 503 1478 549 si
1517 500 1776 550 hominum
1815 509 1936 552 sunt

190 585 217 625 5
250 581 299 624 et
338 573 397 623 ab
436 574 519 623 illo
558 589 658 624 non
698 582 827 625 sunt.
883 576 950 625 Et
965 591 1307 638 praeparans,
1338 576 1521 641 inquit,
1554 576 1937 626 adinventiones

247 664 382 699 suas
440 648 571 707 Quas
604 649 976 699 adinventiones
1007 658 1253 715 putamUS,
1292 651 1388 697 nisi
1421 655 1476 697 ut
1515 647 1718 713 superbi
1757 650 1934 700 cadant

250 730 299 772 et
336 722 548 772 humiles
589 721 829 788 surgant?
896 723 995 773 Has
1035 725 1218 788 quippe
1258 723 1630 771 adinventiones
1669 725 1933 788 exequitur

249 797 442 846 dicenst
529 800 697 847 Arcus
761 801 1040 860 potentium
1112 800 1400 858 infirmatus
1469 802 1571 856 est,
1635 802 1685 845 et
1743 800 1941 858 infirmi

241 873 535 933 praecincti
570 878 689 920 sunt
725 875 925 921 virtute.
1003 871 1286 920 Infirmatus
1326 877 1402 919 est
1439 885 1607 937 arcus,
1655 870 1703 919 id
1745 878 1820 920 est
1858 874 1930 920 in-

162 956 216 997 10
247 946 403 994 tentio
445 959 632 1011 eorum,
672 947 757 1009 qui
796 952 896 994 tam
934 953 1162 1010 potentes
1203 944 1296 993 sibi
1334 944 1579 1009 videntur,
1617 951 1674 993 ut
1712 947 1818 994 sine
1844 945 1933 994 Dei

248 1017 377 1067 dono
429 1025 577 1083 atque
628 1019 872 1068 adiutorio
923 1020 1135 1068 humana
1186 1019 1482 1069 sufficientia
1531 1017 1695 1067 divina
1740 1021 1934 1084 possint

246 1092 452 1157 implere
493 1093 732 1158 mandata,
772 1100 822 1142 et
851 1095 1242 1159 praecinguntur
1264 1094 1462 1160 virtute,
1500 1106 1713 1159 quorum
1736 1095 1934 1142 interna

246 1181 339 1214 vox
378 1173 475 1216 est:
514 1167 766 1217 Miserere
804 1171 914 1229 mei,
954 1169 1179 1230 Domine,
1218 1170 1456 1229 quoniam
1495 1170 1725 1227 infirmus
1763 1182 1885 1218 sum.

396 1242 544 1291 Pleni
574 1243 815 1304 panibus,
869 1243 1052 1308 inquit,
1107 1245 1354 1292 minorati
1388 1248 1526 1301 sunt,
1567 1246 1617 1290 et
1653 1244 1936 1291 esurientes

160 1327 214 1367 15
247 1317 567 1364 transierunt
603 1321 809 1365 terram.
888 1316 984 1374 Qui
1023 1322 1140 1365 sunt
1177 1315 1495 1379 intellegendi
1533 1315 1667 1379 pleni
1705 1314 1934 1381 panibuS,

246 1390 342 1437 nisi
387 1389 518 1437 idem
564 1390 660 1454 ipsi
707 1391 848 1454 quasi
894 1396 1147 1456 potenteS,
1201 1389 1250 1438 id
1298 1398 1373 1438 est
1419 1388 1691 1455 Israelitae,
1750 1387 1935 1453 quibus

246 1462 432 1512 credita
473 1470 590 1512 sunt
629 1463 822 1527 eloquia
863 1461 986 1513 Dei?
1049 1463 1146 1513 Sed
1185 1465 1236 1512 in
1276 1478 1334 1512 eo
1374 1461 1560 1528 populo
1600 1461 1803 1512 ancillae
1844 1463 1932 1511 filii

246 1538 476 1586 minorati
534 1544 650 1587 sunt
709 1531 832 1604 (quo
882 1537 1033 1587 verbo
1087 1539 1251 1587 minus
1303 1536 1503 1601 quidem
1553 1535 1749 1602 Latine,
1802 1535 1931 1585 bene

246 1619 410 1660 tamen
456 1626 748 1676 expressum
794 1618 891 1678 est,
948 1612 1076 1677 quod
1127 1627 1186 1660 ex
1232 1610 1502 1660 maioribus
1551 1611 1769 1658 minores
1815 1610 1933 1659 facti

158 1696 214 1736 20
246 1680 411 1752 sunt),
466 1687 579 1750 quia
630 1692 680 1734 et
725 1687 777 1734 in
823 1687 943 1750 ipsis
990 1685 1222 1751 panibuS‚
1276 1685 1326 1734 id
1372 1691 1449 1734 est
1487 1684 1666 1733 divinis
1706 1684 1931 1751 eloquiis,

246 1774 370 1823 quae
409 1759 658 1809 Israelitae
699 1759 790 1808 soli
829 1766 948 1808 tunc
988 1775 1047 1808 ex
1087 1758 1317 1808 omnibus
1349 1758 1582 1824 gentibus
1614 1766 1931 1824 acceperunt,

246 1840 443 1882 terrena
483 1835 693 1897 sapiunt.
772 1833 955 1883 Gentes
995 1840 1181 1900 autem,
1229 1833 1409 1898 quibus
1448 1833 1526 1882 lex
1564 1831 1644 1880 illa
1685 1847 1783 1880 non
1823 1839 1931 1880 erat

245 1906 370 1974 data,
407 1914 578 1972 postea
619 1922 766 1971 quam
804 1912 895 1972 per
934 1923 1117 1957 novum
1147 1914 1500 1957 testamentum
1531 1906 1591 1955 ad
1623 1904 1818 1970 eloquia
1848 1905 1930 1955 illa

245 1988 508 2047 venerunt,
557 1981 767 2030 multum
813 1982 1079 2031 esuriendo
1118 1989 1302 2031 terram
1341 1982 1669 2045 transierunt,
1724 1980 1839 2043 quia
1877 1982 1929 2028 in

157 2065 211 2106 25
245 2056 318 2103 eis
365 2070 465 2104 non
511 2061 732 2120 terrena,
786 2055 873 2103 sed
925 2055 1154 2104 caelestia
1200 2061 1485 2120 sapuerunt.
1561 2052 1626 2102 Et
1662 2052 1757 2100 hoe
1796 2052 1931 2102 velut

245 2134 570 2191 quaereretur
610 2143 756 2177 causa
803 2143 893 2178 cur
932 2129 1116 2178 factum
1155 2130 1240 2178 sit:
1309 2129 1440 2188 Quia
1488 2129 1695 2186 steriliS,
1751 2127 1928 2192 inquit,

237 2204 441 2265 peperit
469 2207 668 2268 septem,
709 2208 759 2251 et
787 2205 944 2251 multa
977 2205 1028 2251 in
1055 2205 1178 2262 filiis
1210 2205 1471 2262 infirmata
1504 2207 1589 2251 est.
1641 2199 1733 2249 Hic
1765 2206 1929 2249 totum

244 2275 376 2340 quod
421 2274 811 2340 prophetabatur
849 2275 1003 2326 eluxit
1041 2275 1421 2340 agnoscentibus
1460 2288 1725 2324 numerum
1765 2279 1926 2338 septe·

244 2350 459 2415 narium,
510 2364 608 2414 quo
656 2355 732 2398 est
778 2350 1036 2399 universae
1084 2349 1320 2399 ecclesiae
1360 2349 1631 2414 significata
1668 2347 1926 2412 perfectio.

154 2435 212 2475 30
243 2422 453 2489 Propter
509 2422 639 2488 quod
694 2429 744 2474 et
798 2423 1041 2472 Iohannes
1095 2423 1344 2488 apostolus
1400 2423 1459 2472 ad
1515 2428 1706 2487 septem
1753 2419 1928 2470 scribit

245 2497 501 2564 eeclesiaS,
555 2512 613 2546 eo
659 2497 805 2547 modo
851 2512 905 2546 se
951 2497 1218 2547 ostendens
1265 2497 1324 2546 ad
1370 2498 1520 2546 unius
1565 2493 1926 2560 plenitudinem

245 2570 487 2637 scribere3
527 2578 575 2620 et
605 2572 656 2620 in
688 2570 963 2636 proverbiis
992 2570 1266 2621 Salomonis
1295 2570 1390 2620 hoc
1423 2577 1563 2618 antea
1588 2568 1926 2634 praefigurans

365 2700 407 2754 1)
438 2697 570 2743 Rom.
612 2702 690 2753 10,
729 2703 768 2742 3.
831 2699 877 2754 4)
915 2698 987 2742 Ps.
1030 2703 1108 2757 93,
1154 2703 1221 2744 11.
1287 2700 1358 2754 13)
1389 2697 1462 2742 Ps.
1498 2702 1544 2752 6,
1583 2701 1624 2742 3.
1690 2678 1762 2751 17)
1792 2694 1922 2739 Rom.
1958 2710 1962 2714 -

243 2762 284 2812 3,
318 2762 357 2802 2.
421 2759 494 2813 30)
525 2757 669 2814 Apoe.
704 2763 743 2813 1,
774 2761 816 2802 4.

363 2910 417 2949 18
449 2903 595 2949 latine
626 2904 695 2958 A‚·
725 2904 873 2948 latino
905 2904 976 2948 Ro
