2004 3140
577 131 645 163 DE
669 130 906 163 cm'rA'rE
930 131 1019 162 DEI
1043 131 1083 162 L.
1108 131 1233 164 xxn.
1259 130 1295 163 c.
1322 133 1351 164 8.
1694 122 1800 175 579

116 257 270 308 rem0,
307 249 512 308 propter
552 242 681 307 quod
716 244 876 291 omnia
915 244 1007 291 ista
1047 242 1281 292 dicuntur
1321 259 1346 292 a
1386 243 1544 312 nobis,
1582 247 1632 294 in
1673 261 1801 314 eum,

117 318 202 381 qui
250 316 470 366 ascendit
516 318 567 365 in
615 316 803 366 caelum
844 331 957 365 cum
997 332 1166 384 carne,
1217 319 1268 366 in
1309 333 1403 382 qua
1443 329 1800 387 resurrexerat,

116 389 346 456 credidit3
394 396 442 438 et
489 390 599 439 ideo
638 405 729 455 per
769 405 883 439 eum
921 396 1055 440 tanta
1092 391 1238 458 fiunt,
1291 394 1403 456 quia
1442 408 1532 457 pro
1572 395 1664 442 ista
1703 394 1798 443 fide

114 466 324 513 animam
355 466 522 528 posuit
553 479 704 513 suam.
782 464 932 513 Fiunt
963 480 1080 529 ergo
1113 467 1261 514 etiam
1291 480 1422 514 nunc
1462 466 1614 516 multa
1654 470 1797 517 mira—

113 537 221 587 cula
275 537 447 587 eodem
501 537 602 587 Deo
659 539 868 587 faciente
930 553 1020 603 per
1087 554 1211 603 quos
1278 539 1380 588 vult
1434 546 1484 588 et
1538 556 1684 605 quem
1736 542 1795 591 ad
1828 552 1854 592 5

112 611 314 661 modum
353 611 482 678 vult,
522 614 606 677 qui
646 619 695 661 et
734 612 813 660 illa
853 627 977 676 quae
1017 611 1226 677 legimus
1266 613 1402 678 fecit3
1445 613 1529 662 sed
1570 616 1663 663 ista
1705 631 1794 680 nec

112 685 337 735 similiter
368 687 687 735 innotescunt
726 701 902 751 neque,
942 692 998 734 ut
1029 701 1127 734 non
1169 686 1407 735 excedant
1439 689 1615 754 anime,
1655 692 1796 752 quasi

110 759 274 824 glarea
326 761 618 826 memoriae,
673 759 847 809 crebra
900 759 1111 808 lectione
1176 760 1468 810 tunduntur.
1569 761 1692 810 Nam
1747 770 1795 812 et

109 833 192 883 ubi
250 833 499 898 diligentia
546 840 647 900 est,
694 849 818 898 quae
866 848 998 882 nunc
1047 833 1175 898 apud
1222 849 1311 882 nos
1363 849 1472 883 esse
1513 837 1698 902 coepit,
1740 843 1795 885 ut

106 905 262 956 libelli
301 923 495 975 eorum,
544 909 628 973 qui
674 907 911 956 beneficia
950 909 1257 974 percipiunt,
1303 910 1578 958 recitentur
1617 911 1667 958 in
1706 926 1792 974 po·
1829 921 1883 961 10

106 980 246 1048 pu10,
293 981 445 1031 semel
494 982 588 1031 hoc
637 982 843 1031 audiunt
894 983 978 1045 qui
1026 981 1204 1030 adsunt
1257 981 1525 1047 pluresque
1573 998 1673 1031 non
1712 983 1793 1032 ad-

109 1061 247 1122 sunt,
301 1062 356 1104 ut
403 1071 495 1104 nec
535 1055 626 1122 illi,
674 1057 759 1120 qui
805 1050 1091 1121 adfuerunt,
1138 1063 1250 1120 post
1290 1055 1476 1119 aliquot
1515 1056 1619 1105 dies
1661 1057 1792 1121 quod

107 1128 371 1178 audierunt
417 1136 580 1179 mente
629 1131 874 1178 retineant
914 1136 963 1178 et
1001 1130 1079 1177 vix
1120 1131 1329 1194 quisque
1369 1131 1648 1194 reperiatur
1687 1130 1789 1179 illo-

105 1217 239 1270 rum,
280 1205 365 1268 qui
404 1205 470 1271 ei,
510 1219 656 1268 quem
696 1218 795 1252 non
835 1203 1050 1252 adfuisse
1091 1204 1398 1270 cognoverit,
1436 1204 1621 1252 indicet
1661 1204 1791 1269 quod

105 1276 303 1326 audivit.
1826 1288 1881 1328 15

252 1350 416 1401 Unum
441 1357 517 1401 est
541 1351 670 1416 apud
702 1366 792 1400 nos
824 1351 1023 1417 factum,
1055 1365 1154 1399 non
1186 1352 1343 1399 maius
1377 1365 1523 1415 quam
1553 1350 1632 1400 illa
1666 1366 1788 1416 quae

104 1425 219 1492 dixi,
259 1425 345 1474 sed
378 1431 476 1474 tam
509 1425 696 1475 clarum
730 1431 876 1490 atque
909 1423 1118 1474 inlustre
1158 1423 1464 1491 miraculum,
1504 1431 1560 1473 ut
1601 1424 1790 1474 nullum

105 1498 316 1548 arbitrer
364 1514 474 1549 esse
514 1499 946 1565 Hipponiensium,
986 1500 1072 1563 qui
1110 1498 1203 1547 hoc
1243 1513 1343 1547 non
1384 1497 1459 1546 vel
1498 1498 1676 1548 viderit
1712 1499 1790 1547 vel

104 1573 357 1640 didicerit,
396 1572 587 1623 nullum
635 1575 720 1638 qui
760 1572 982 1622 oblivisci
1020 1571 1116 1621 ulla
1157 1574 1346 1621 ratione
1386 1574 1618 1639 potuerit.
1695 1571 1786 1622 De-

103 1662 211 1696 cem
251 1646 449 1712 quidam
480 1647 659 1696 fratres
698 1642 935 1712 (quorum
974 1652 1164 1711 septem
1204 1652 1320 1695 sunt
1360 1661 1534 1713 mareS,
1574 1652 1678 1695 tres
1718 1646 1786 1695 fe·
1820 1657 1876 1697 20

102 1716 288 1789 minae)
350 1720 410 1770 de
473 1719 711 1771 Caesarea
773 1719 1132 1786 Cappadociae,
1195 1734 1398 1769 suorum
1455 1721 1635 1769 civium
1688 1734 1788 1772 non

101 1794 372 1859 ignobileS,
428 1794 686 1844 maledicto
741 1796 913 1843 matris
968 1795 1156 1843 recenti
1207 1795 1362 1858 patris
1414 1808 1585 1843 eorum
1650 1792 1788 1843 obitu

102 1869 388 1935 destitutae,
438 1884 561 1933 quae
609 1869 840 1918 iniuriam
886 1866 980 1916 sibi
1026 1866 1084 1916 ab
1135 1869 1205 1916 eis
1253 1867 1429 1916 factam
1471 1866 1787 1916 acerbissime

100 1942 239 2008 tulit,
292 1942 378 1992 tali
421 1957 580 2008 poena
619 1949 736 1991 sunt
782 1942 1015 1992 divinitus
1064 1941 1323 2006 coherciti,
1372 1947 1428 1990 ut
1481 1940 1785 1990 horribiliter

101 2023 425 2081 quaterentur
457 2030 627 2065 omnes
658 2021 875 2065 tremore
908 2014 1268 2080 membrorum3
1299 2016 1350 2062 in
1375 2029 1470 2078 qua
1502 2013 1783 2063 foedissima
1815 2024 1872 2065 25

101 2092 265 2155 specie
316 2089 486 2139 oculos
532 2104 735 2139 suorum
784 2090 964 2138 civium
1011 2103 1109 2137 non
1159 2089 1398 2154 serenteS,
1446 2102 1639 2152 quaqua
1678 2102 1784 2136 ver-

101 2179 211 2213 sum
264 2165 442 2228 cuique
494 2165 566 2212 ire
615 2165 774 2212 visum
821 2169 921 2228 est,
972 2168 1075 2212 toto
1122 2176 1276 2226 paene
1324 2160 1625 2226 vagabantur
1665 2160 1784 2210 orbe

100 2237 335 2286 Roman0.
412 2236 486 2286 Ex
532 2237 610 2286 his
657 2239 804 2286 etiam
851 2236 910 2285 ad
957 2251 1048 2286 nos
1094 2242 1338 2284 venerunt
1377 2235 1496 2301 duc,
1544 2235 1696 2284 frater
1736 2242 1786 2284 et

101 2326 265 2378 soror,
303 2310 486 2361 Paulus
526 2317 576 2360 et
612 2310 848 2377 Palladia,
900 2309 1066 2359 multis
1106 2309 1212 2358 aliis
1251 2308 1372 2358 locis
1411 2309 1608 2357 miseria
1648 2308 1782 2357 diffa-

98 2392 262 2434 mante
310 2386 406 2433 iam
452 2386 648 2450 cogniti.
725 2383 978 2433 Venerunt
1025 2390 1188 2433 autem
1234 2389 1346 2432 ante
1393 2381 1580 2431 Pascha
1627 2382 1781 2430 ferme
1813 2391 1872 2432 30

101 2458 205 2507 dies
259 2458 567 2524 quindecim,
623 2458 882 2507 ecclesiam
943 2456 1122 2506 cotidie
1177 2462 1226 2505 et
1279 2457 1330 2504 in
1385 2471 1441 2504 ea
1494 2456 1782 2504 memoriam

99 2531 440 2596 gloriosissimi
490 2531 725 2596 Stephani
772 2529 1171 2596 frequentabant,
1222 2536 1420 2578 orantes
1459 2535 1515 2578 ut
1552 2530 1647 2577 iam
1687 2527 1783 2576 sibi

99 2604 378 2670 placaretur
425 2604 556 2654 Deus
604 2611 653 2654 et
699 2604 906 2653 salutem
952 2605 1211 2669 pristinam
1262 2601 1505 2651 redderet.
1583 2601 1645 2650 Et
1682 2600 1781 2651 illic

216 2752 244 2790 4
276 2761 408 2791 suam
423 2746 470 2790 R
478 2763 493 2799 ;
525 2759 607 2791 om.
626 2746 699 2790 Αυ
722 2747 738 2803 ΙΙ
762 2750 786 2789 7
820 2745 1045 2791 excedant
1074 2743 1120 2788 R
1146 2745 1283 2788 Parr.
1319 2745 1530 2800 ‚‚plures“
1559 2743 1683 2797 (Liv.
1700 2746 1781 2799 26,

97 2809 172 2860 13,
204 2810 231 2850 5
265 2819 289 2850 e
320 2805 545 2850 memoria.
576 2805 811 2861 excessit);
844 2803 1059 2848 excidant
1089 2803 1162 2847 Av
1186 2805 1201 2861 ΙΙ
1227 2808 1280 2848 13
1313 2803 1505 2860 quisque
1535 2815 1625 2846 mss
1658 2804 1781 2858 (516,

97 2867 175 2921 10)
183 2881 200 2918 ‚·
231 2864 473 2921 quisquam
505 2878 530 2909 υ
554 2866 570 2922 ΙΙ
595 2869 649 2909 18
681 2863 1046 2920 Hipponensium
1080 2875 1106 2906 v

1336 2935 1425 2981 37*
