2044 3146
216 576 242 615 5

186 947 242 986 10

186 1315 241 1355 15

184 1685 239 1725 20

179 2186 237 2225 25

174 2585 237 2624 30

272 147 379 199 246
951 155 985 190 S.
1010 156 1285 191 AUGUS'rer

271 270 526 337 perductis
567 271 765 318 omnino
799 285 897 318 non
939 269 1130 336 cedant,
1168 269 1390 334 profecto
1430 271 1479 318 in
1521 271 1591 318 eis
1630 269 1748 320 illud
1789 269 1957 334 imple·

273 355 370 410 tur,
410 344 539 409 quod
581 346 630 394 in
672 359 730 392 eo
770 342 971 408 psalm0‚
1012 345 1097 408 qui
1135 343 1279 403 hunc
1308 346 1547 410 sequitur,
1588 345 1827 409 scriptum
1869 350 1958 393 est.

274 419 395 468 Cum
438 420 568 467 enim
610 424 659 466 et
696 417 795 467 illic
837 433 895 466 ex
935 433 1146 483 persona
1187 417 1392 485 Christi,
1443 433 1566 482 quae
1607 417 1665 467 ad
1706 419 1812 467 eius
1851 432 1958 482 pas-

276 495 464 541 sionem
505 493 777 558 pertinent,
828 491 1114 557 prophetice
1156 491 1467 558 dicerentur,
1522 499 1959 541 commemoratum

277 574 377 633 est,
418 566 547 631 quod
588 568 638 614 in
679 565 929 631 evangelio
968 567 1147 630 patuit:
1202 567 1467 615 Dederunt
1505 569 1556 615 in
1596 580 1762 616 escam
1800 581 1960 616 meam

268 640 346 704 fel
396 647 443 690 et
499 643 547 690 in
603 643 690 690 sili
741 655 851 690 mec!
901 647 1074 703 potum
1127 642 1253 689 mihi
1306 642 1558 690 dederunt
1611 646 1821 690 acetum.
1899 638 1960 688 Et

274 715 408 763 velut
439 722 550 779 post
584 714 678 763 tale
712 715 986 763 convivium
1019 713 1288 779 epulasque
1330 713 1423 762 sibi
1461 712 1667 762 huiusce
1708 713 1836 762 modi
1879 729 1959 762 ex-

274 788 453 838 hibitas
509 803 620 837 mox
676 788 865 838 intulit:
920 790 1038 838 Fiat
1083 803 1256 837 mensu
1303 802 1476 837 eorum
1523 802 1697 837 eoram
1750 790 1869 850 ipsis
1908 790 1958 836 in

274 866 601 925 muscipulam
643 869 690 912 et
730 866 780 911 in
821 863 1203 912 retributionem
1242 868 1293 911 et
1331 865 1381 911 in
1420 863 1747 919 scandalum;
1786 863 1959 911 obseu*

274 942 455 986 rentur
470 937 625 986 ’oculi
653 951 826 986 eorum
866 951 930 985 ne
967 938 1185 996 videant,
1226 942 1275 985 et
1312 938 1515 985 dorsum
1555 950 1728 985 eorum
1767 950 1962 997 semper

275 1014 515 1072 incurva,
573 1017 622 1059 et
673 1017 863 1076 cetera,
917 1025 1042 1075 quae
1098 1025 1195 1058 non
1243 1009 1457 1074 optando
1505 1016 1621 1059 sunt
1670 1009 1795 1058 dicta
1810 1049 1823 1074 ,
1877 1008 1960 1058 sed

274 1084 475 1150 optandi
514 1086 679 1150 specie
718 1084 1059 1150 prophetando
1098 1083 1364 1149 praedicta.
1443 1083 1569 1142 Quid
1612 1098 1728 1148 ergo
1767 1084 1962 1149 mirum,

275 1161 316 1208 si
356 1158 476 1207 haec
528 1160 788 1208 manifesta
829 1174 927 1207 non
967 1158 1156 1224 vident,
1209 1173 1420 1222 quorum
1461 1156 1591 1207 oculi
1631 1163 1747 1206 sunt
1785 1156 1960 1206 obscu-

274 1234 382 1299 rati,
421 1248 482 1282 ne
514 1230 746 1282 videant?
809 1233 935 1291 Quid
970 1234 1166 1298 mirum,
1205 1234 1245 1281 si
1278 1231 1503 1281 caelestia
1538 1246 1635 1280 non
1669 1232 1961 1296 suspiciunt,

275 1308 359 1371 qui
411 1314 466 1356 nt
513 1309 562 1355 in
610 1314 806 1356 terrena
849 1308 946 1355 sint
985 1308 1152 1372 proni,
1200 1305 1401 1355 dorsum
1441 1321 1612 1355 eorum
1654 1321 1850 1372 semper
1888 1308 1959 1355 in·

275 1396 481 1430 curvum
531 1378 643 1430 est‘?
719 1380 806 1430 His
857 1383 987 1429 enim
1034 1380 1197 1429 verbis
1245 1379 1493 1429 translatis
1534 1395 1558 1429 a
1599 1396 1807 1446 corpore
1847 1382 1959 1430 vitia

276 1454 634 1519 intelleguntur
667 1456 956 1504 animorum.
1019 1454 1114 1504 lsta
1148 1454 1206 1504 de
1247 1453 1461 1521 psalmiS,
1500 1454 1594 1503 hoc
1633 1462 1710 1504 est.
1748 1454 1808 1503 de
1847 1470 1960 1519 pro-

273 1528 438 1594 phetia
503 1531 633 1594 regis
690 1528 866 1592 David,
923 1531 1039 1578 satis
1094 1529 1221 1578 dicta
1277 1531 1401 1596 sint,
1447 1536 1502 1578 ut
1548 1528 1723 1593 aliquis
1785 1528 1960 1577 modus

274 1604 352 1651 sit.
415 1602 676 1667 ignoscant
709 1609 872 1652 autem
915 1604 1000 1668 qui
1032 1603 1151 1652 haec
1183 1603 1353 1668 legunt
1393 1609 1440 1652 et
1481 1609 1657 1652 cuncta
1696 1601 1776 1651 illa
1816 1617 1960 1651 nove-

274 1683 405 1741 runt,
446 1685 494 1725 et
534 1677 593 1725 de
634 1677 725 1742 his,
769 1692 891 1742 quae
941 1677 1148 1727 fortasse
1198 1677 1411 1726 firmiora
1452 1691 1530 1726 me
1569 1678 1960 1742 praetermisisse

272 1750 347 1798 vel
387 1750 679 1816 intellegunt
717 1750 792 1800 vel
835 1753 1130 1817 existimant,
1168 1766 1266 1800 non
1307 1758 1595 1815 querantur.

937 1924 1132 1980 CAPUT
1173 1924 1288 1979 XX.

271 2033 347 2081 De
395 2047 553 2093 reqno
600 2047 664 2082 ae
710 2035 888 2083 merito
929 2034 1101 2082 David
1144 2039 1192 2081 et
1238 2035 1301 2082 cle
1342 2035 1451 2091 filio
1500 2034 1656 2094 ipsius
1694 2033 1958 2082 Salomone

273 2119 434 2166 eaque
472 2107 768 2168 prophetia,
816 2121 949 2167 quae
995 2109 1067 2155 ad
1109 2107 1360 2155 Christum
1400 2108 1665 2167 pertinens
1704 2108 1958 2155 invenitur

308 2182 388 2228 vel
424 2181 473 2227 in
514 2181 587 2228 eis
625 2181 784 2238 libris,
825 2183 915 2240 qui
950 2181 1155 2241 seriptis
1194 2181 1348 2241 ipsius
1387 2182 1713 2241 copulantur,
1754 2183 1833 2229 uel
1867 2182 1918 2228 in

566 2255 651 2312 εἰς,
691 2267 814 2313 quos
854 2255 1010 2315 ipsius
1049 2268 1156 2302 esse
1193 2267 1290 2302 non
1332 2253 1536 2302 dubium
1577 2259 1664 2302 est.

418 2353 654 2418 Regnavit
708 2370 826 2420 ergo
878 2354 1027 2405 David
1091 2357 1142 2404 in
1194 2362 1391 2404 terrena
1442 2354 1775 2422 Hierusalem,
1829 2355 1957 2405 filius

271 2427 496 2476 caelestis
536 2427 866 2494 Hierusalem,
915 2429 1078 2478 divino
1126 2428 1335 2478 multum
1384 2431 1666 2479 testimonio
1705 2429 1954 2494 praedica-

269 2507 372 2566 tuS,
420 2503 532 2566 quia
580 2509 628 2550 et
675 2501 850 2551 delicta
903 2504 1009 2552 eius
1048 2509 1182 2552 tanta
1221 2505 1402 2568 pietate
1443 2510 1670 2568 superata
1712 2509 1827 2552 sunt
1866 2518 1955 2567 per

272 2574 643 2624 saluberrimam
676 2575 956 2641 paenitendi
990 2575 1330 2642 humilitatem,
1370 2583 1425 2626 ut
1454 2591 1661 2641 prorsus
1699 2577 1830 2626 inter
1869 2591 1954 2624 eos

387 2705 430 2757 e)
463 2702 535 2747 Ps.
571 2707 640 2758 68,
674 2707 754 2758 223
785 2703 866 2748 Mt.
900 2707 971 2759 27,
1003 2708 1074 2747 34.
1139 2705 1212 2759 11)
1246 2703 1310 2748 Ib.
1345 2708 1399 2747 23
1434 2717 1498 2759 sq.

389 2839 410 2876 1
447 2833 637 2879 credant
667 2834 766 2878 RF
791 2837 806 2893 ss
837 2841 862 2880 9
897 2840 944 2880 et
976 2836 1129 2880 scand.
1169 2836 1305 2880 Parr.
1338 2836 1452 2881 mell⁴
1484 2837 1499 2892 ΙΙ
1534 2839 1585 2880 17
1618 2833 1953 2891 intelleguntur

265 2890 338 2944 R‚·
371 2891 689 2948 significantur
719 2908 744 2938 v
