2004 3140
202 129 310 183 340
879 139 914 174 s.
937 138 1212 175 Aneus'rrm

201 255 482 319 persecutio
522 247 587 319 (si
626 259 790 302 tamen
829 254 924 302 iam
966 249 1190 322 quievit),
1229 261 1283 303 ut
1322 254 1567 319 fugientes
1607 255 1720 305 inde
1760 271 1882 306 non-

203 327 324 376 nulli
363 342 519 391 usque
559 327 618 375 ad
658 326 874 376 Romana
913 327 1090 392 oppida
1134 325 1487 392 pervenerint?
1562 328 1694 378 Haec
1735 338 1882 394 atque

202 402 348 450 huius
397 399 529 449 modi
578 400 697 449 mihi
744 402 977 465 cogitanti
1031 416 1131 450 non
1178 401 1371 451 videtur
1419 417 1527 452 esse
1576 403 1884 454 definiendus

201 489 439 524 numerus
469 475 887 540 persecutionum,
919 473 1100 538 quibus
1133 477 1355 524 exerceri
1386 483 1581 541 oportet
1612 477 1885 528 ecclesiam.

142 556 167 596 5
203 548 300 598 Sed
347 563 522 597 rursus
572 547 829 597 adfirmare
877 547 1064 612 aliquas
1117 549 1310 598 futuras
1357 564 1383 598 a
1429 550 1628 615 regibus
1684 559 1884 616 praeter

199 622 330 670 illam
370 624 699 689 novissimam,
738 622 798 671 de
839 637 933 687 qua
973 621 1139 672 nullus
1178 622 1380 688 ambigit
1420 622 1744 691 ChristianuS,
1785 640 1884 675 non

200 697 406 745 minoris
449 703 523 745 est
564 698 869 746 temeritatis,
945 695 1116 760 Itaque
1148 695 1242 745 hoc
1274 698 1325 745 in
1356 697 1517 746 medio
1557 698 1883 763 relinquimus

199 777 426 819 neutram
456 777 648 834 partem
674 771 974 834 quaestionis
998 769 1146 819 huius
1179 777 1459 821 astruentes
1493 773 1592 821 sive
1626 772 1883 822 destruen-

198 850 296 908 teS,
369 843 455 892 sed
521 844 857 893 tantummodo
927 843 986 892 ab
1049 843 1336 893 adfirmandi
1398 843 1651 909 quodlibet
1703 845 1884 897 horum

112 925 167 965 10
200 917 370 966 audaci
409 910 809 982 praesumptione
849 924 1150 967 revocantes

850 1104 1049 1160 CAPUT
1090 1105 1230 1160 LIII.

382 1215 459 1263 De
498 1219 719 1276 tempore
755 1215 1054 1262 novissimae
1085 1216 1456 1276 persecutionis
1495 1217 1704 1264 occulto·

344 1317 480 1365 Illam
521 1331 636 1365 sane
677 1317 990 1365 novissimam
1029 1318 1440 1380 persecutionem,
1482 1331 1605 1380 quae
1646 1317 1705 1365 ab
1744 1317 1881 1367 Anti·

198 1391 383 1440 christo
416 1392 581 1439 futura
614 1396 703 1455 est,
735 1391 1012 1454 praesentia
1045 1404 1133 1438 sua
1166 1391 1419 1454 extinguet
1451 1392 1556 1454 ipse
1590 1390 1742 1440 Iesus.
1800 1390 1881 1440 Sic

110 1471 164 1511 15
198 1467 329 1514 enim
369 1466 609 1529 scriptum
650 1470 747 1528 est,
796 1463 926 1527 quod
975 1478 1089 1512 eum
1129 1465 1402 1524 interficiet
1437 1467 1620 1526 spiritu
1661 1467 1764 1514 oris
1803 1467 1887 1514 sui

197 1544 245 1589 et
283 1540 553 1588 evacuabit
589 1539 969 1587 inluminatione
1000 1540 1328 1600 praesentiae
1365 1553 1503 1587 suae.
1580 1537 1670 1587 Hic
1711 1540 1882 1602 quaeri

196 1611 342 1662 solet:
398 1611 603 1669 Quando
650 1610 782 1659 istud
830 1607 960 1659 erit‘?
1035 1611 1304 1676 Inportune
1358 1613 1572 1660 omnine.
1651 1611 1702 1660 Si
1751 1614 1881 1661 enim

195 1686 287 1734 hoc
335 1685 477 1735 nobis
523 1700 669 1734 nosse
715 1683 997 1750 prodesset,
1045 1699 1071 1732 a
1118 1700 1214 1748 quo
1264 1684 1438 1734 melius
1489 1700 1634 1749 quam
1676 1684 1734 1734 ab
1774 1687 1881 1750 ipso

195 1758 296 1808 Deo
344 1761 578 1824 magistro
629 1758 1051 1823 interrogantibus
1104 1758 1357 1823 discipulis
1412 1755 1699 1808 diceretur?
1774 1758 1883 1807 Non

105 1840 161 1880 20
195 1835 326 1882 enim
368 1833 612 1882 siluerunt
662 1832 775 1881 inde
817 1832 944 1897 apud
986 1847 1121 1893 eum,
1170 1831 1255 1881 sed
1295 1847 1322 1880 a
1359 1839 1620 1897 praesente
1661 1834 1881 1897 quaesie-

191 1914 310 1956 runt
363 1907 606 1956 dicentes:
662 1907 893 1972 Domine,
940 1908 986 1955 si
1036 1907 1132 1956 hoc
1195 1911 1416 1968 tempore
1473 1908 1882 1969 repraesentabis

192 1996 405 2043 requam
446 1982 643 2030 Israel?
719 1980 780 2029 At
818 1979 921 2030 ille:
972 1981 1082 2029 Non
1122 1985 1217 2039 est,
1266 1981 1449 2046 inquit,
1488 1986 1708 2030 vestram
1746 1983 1883 2030 scire

193 2060 439 2117 tempora,
487 2069 619 2115 qaae
659 2055 816 2103 Pater
857 2056 1030 2116 posuit
1079 2056 1131 2102 in
1169 2068 1264 2102 sua
1297 2059 1559 2115 potestate.
1636 2053 1745 2102 Non
1785 2055 1878 2102 uti·

193 2143 288 2192 que
327 2127 397 2176 illi
437 2127 495 2176 de
537 2127 655 2175 hora
695 2126 772 2174 vel
811 2127 888 2175 die
929 2126 1003 2175 vel
1044 2141 1170 2174 anno
1184 2166 1197 2191 ,
1237 2126 1323 2175 sed
1364 2127 1424 2175 de
1463 2133 1686 2190 tempore
1727 2128 1877 2175 inter-

103 2209 159 2249 25
191 2207 506 2266 rogaverant,
562 2199 755 2264 quando
810 2199 942 2248 istud
994 2214 1229 2263 accepere
1285 2214 1591 2264 responsum.
1672 2199 1874 2248 Frustra

190 2276 341 2338 igitur
388 2289 568 2340 annOS,
619 2275 703 2338 qui
749 2280 1006 2322 remanent
1050 2273 1165 2321 huic
1216 2273 1438 2338 saeculO,
1494 2279 1780 2338 computare
1820 2288 1876 2323 ac

191 2347 395 2396 definire
445 2362 706 2413 conamur,
761 2361 874 2395 cum
924 2346 1016 2395 hoc
1065 2348 1192 2395 scire
1244 2361 1343 2394 non
1392 2361 1500 2395 esse
1550 2353 1777 2395 nostrum
1817 2362 1876 2396 ex

191 2437 275 2470 ore
331 2420 559 2470 Veritatis
616 2421 891 2485 audiamus3
948 2435 1070 2484 quos
1126 2426 1288 2468 tamen
1342 2419 1420 2469 alii
1473 2420 1874 2486 quadringentOS,

191 2495 271 2543 alii
312 2496 622 2561 quingentOS,
662 2493 741 2542 alii
781 2495 927 2542 etiam
966 2492 1096 2542 mille
1137 2492 1196 2541 ab
1237 2495 1524 2542 ascensione
1559 2493 1753 2542 Domini
1794 2509 1873 2542 us·

102 2577 158 2616 30
192 2583 286 2632 que
339 2568 398 2616 ad
446 2570 552 2617 eius
598 2567 826 2617 ultimum
865 2566 1125 2616 adventum
1167 2567 1402 2632 compleri
1440 2583 1586 2632 posse
1627 2567 1873 2616 dixerunt.

311 2697 383 2751 16)
417 2700 457 2738 2.
492 2695 651 2739 Thess.
684 2699 725 2750 2,
759 2699 798 2739 8.
862 2695 936 2749 23)
968 2693 1070 2737 Act.
1108 2698 1148 2749 1,
1181 2698 1206 2737 6
1242 2708 1305 2749 sq.

308 2875 363 2914 21
396 2871 763 2929 repraesentabis
794 2870 1111 2924 RAFParr.‚·
1149 2871 1517 2927 praesentaberis
1551 2871 1599 2915 et
1629 2869 1812 2926 quando
1843 2882 1871 2913 v
