2054 3152
231 142 336 196 168
902 151 936 185 s,
961 152 1234 187 Auousnm

232 268 464 327 Quamvis
510 267 640 316 enim
681 272 730 314 et
769 265 1043 315 naturalem
1083 266 1439 330 procreationis
1479 280 1744 314 excursum
1783 265 1916 314 Deus

233 348 490 407 operetur:
542 339 629 390 ubi
669 346 833 389 tamen
873 339 1073 389 evidens
1113 354 1237 403 opus
1276 338 1365 388 Dei
1405 346 1481 388 est
1519 340 1684 389 vitiata
1723 344 1774 388 et
1813 353 1916 388 ces·

232 422 371 465 sante
403 421 593 480 natura,
625 413 694 463 ibi
726 413 1001 463 evidentius
1033 413 1335 477 intellegitur
1367 415 1534 478 gratia.
1587 413 1649 462 Et
1681 414 1795 477 quia
1824 411 1919 461 hoc
1995 426 2011 434 ‘

234 504 332 539 non
380 504 471 553 per
518 489 911 554 generationem,
965 487 1051 536 sed
1099 502 1191 552 per
1229 488 1654 552 regenerationem
1693 487 1919 536 futurum

171 574 200 613 5
235 569 354 630 erat,
393 562 502 611 ideo
543 577 676 612 nunc
712 563 949 626 imperata
982 568 1058 611 est
1090 562 1415 622 circumcisiO,
1457 561 1650 625 quando
1684 560 1743 609 de
1771 559 1919 608 Sarra

237 638 513 702 promissus
562 642 636 685 est
682 635 826 685 filius,
919 634 983 684 Et
1030 635 1159 700 quod
1208 650 1380 684 omncs
1426 651 1523 684 non
1573 633 1731 684 solum
1779 633 1920 700 filios,

235 725 407 760 verum
457 711 603 759 etiam
658 724 826 759 servos
873 709 1163 759 vernaculos
1219 716 1268 758 et
1322 710 1578 773 empticios
1633 706 1922 757 circumcidi

236 783 397 851 iubet,
454 783 512 833 ad
566 798 736 832 omnes
775 785 919 833 istam
958 785 1162 847 gratiam
1202 784 1454 848 pertinere
1494 788 1715 832 testatur.
1794 780 1922 839 Quid

239 860 369 907 enim
410 857 541 906 aliud
582 858 894 906 circumcisio
935 857 1177 921 significat
1217 871 1361 920 quam
1401 862 1627 906 naturam
1666 861 1812 904 exuta
1841 868 1922 903 ve-

150 943 207 982 10
239 938 423 982 tustate
455 927 775 980 renovatam?
836 930 899 980 Et
939 930 1057 995 quid
1097 930 1228 979 aliud
1269 945 1414 995 quam
1439 929 1692 979 Christum
1723 935 1924 978 octavus

235 1005 356 1072 dieS‚
397 1006 482 1069 qui
513 1003 822 1053 hebdomade
857 1005 1112 1070 completa,
1150 1003 1246 1053 hoc
1279 1010 1354 1053 est
1393 1010 1505 1069 post
1537 1002 1808 1069 sabbatum,
1847 1017 1924 1051 re·

237 1075 490 1130 surrexit?
550 1077 823 1129 Parentum
861 1084 1117 1128 mutantur
1158 1085 1207 1127 ct
1238 1079 1457 1128 nomina:
1497 1079 1659 1127 omnia
1690 1082 1926 1126 resonant

238 1155 529 1219 novitatem,
586 1158 635 1202 et
685 1154 735 1200 in
787 1159 1083 1202 testamento
1135 1159 1302 1202 vetere
1354 1151 1678 1202 obumbratur
1728 1164 1922 1199 novum.

239 1227 365 1286 Quid
416 1232 491 1275 est
543 1227 674 1275 enim
714 1226 844 1290 quod
885 1226 1066 1276 dicitur
1105 1232 1457 1275 testamentum
1496 1231 1637 1274 vetus
1676 1226 1774 1274 nisi
1813 1225 1923 1272 novi

150 1312 206 1350 15
241 1296 543 1350 occultatio?
619 1299 683 1349 Et
731 1299 847 1364 quid
897 1306 973 1349 est
1021 1299 1150 1349 aliud
1198 1299 1326 1364 quod
1376 1299 1557 1348 dicitur
1603 1313 1784 1348 novum
1831 1297 1927 1346 nisi

239 1376 420 1424 veteris
459 1370 730 1422 revelatio?
779 1373 939 1423 Risus
964 1373 1186 1423 Abrahae
1228 1373 1462 1422 exultatio
1503 1379 1579 1422 est
1618 1371 1924 1438 gratulantis,

239 1464 339 1498 non
387 1448 559 1496 inrisio
609 1446 889 1497 diffidentis.
966 1446 1124 1497 Verba
1173 1463 1369 1511 quoquc
1411 1448 1517 1496 eius
1555 1446 1635 1495 illa
1674 1448 1724 1494 in
1765 1447 1926 1494 animo

239 1537 351 1572 suo:
407 1522 467 1570 Sz‘
501 1522 627 1570 mihi
663 1527 861 1570 centum
902 1536 1061 1570 annos
1100 1523 1306 1571 habenti
1343 1527 1586 1571 nascetur
1620 1522 1759 1580 filius
1798 1526 1846 1570 et
1883 1523 1930 1570 si

242 1598 411 1646 Sarra
463 1609 713 1644 annorum
761 1598 1039 1657 nonaqz'nta
1083 1598 1278 1658 pariet,
1333 1610 1433 1643 non
1482 1600 1597 1644 sunt
1643 1593 1928 1660 dubitantis,

153 1680 210 1720 20
244 1669 330 1720 sed
379 1669 678 1717 admirantis
758 1668 810 1717 Si
857 1683 1004 1733 quem
1051 1684 1167 1718 vero
1214 1675 1377 1718 movet
1424 1669 1553 1733 quod
1605 1668 1791 1717 dictum
1832 1675 1929 1717 est:

240 1746 308 1793 Et
347 1745 477 1793 dabo
518 1744 611 1791 tibi
648 1748 697 1792 et
733 1744 914 1791 semini
950 1749 1034 1792 tuo
1069 1749 1183 1805 post
1221 1750 1269 1792 te
1300 1749 1506 1803 terram,
1549 1745 1598 1791 in
1632 1757 1734 1804 qua
1766 1747 1818 1791 tu
1853 1745 1925 1791 in-

241 1821 353 1868 cola
395 1832 467 1876 63,
507 1831 697 1866 omnem
739 1822 931 1865 terram
979 1818 1224 1866 Chanacm
1266 1819 1316 1865 in
1352 1820 1714 1879 possessionem
1763 1822 1925 1866 aeter-

240 1906 374 1952 nam,
417 1905 513 1954 quo
555 1889 699 1938 modo
741 1891 1011 1954 accipiatur
1050 1890 1305 1956 impletum
1331 1892 1431 1939 sive
1457 1890 1615 1939 adhuc
1641 1895 1930 1954 expectetur

249 1965 575 2031 implendum,
631 1979 742 2012 cum
789 1966 1038 2028 possessio
1088 1979 1427 2028 quaecumque
1483 1970 1682 2012 terrena
1732 1970 1932 2013 aeterna

161 2049 218 2088 25
253 2038 455 2088 cuilibet
501 2038 636 2102 genti
684 2052 792 2086 esse
841 2052 937 2086 non
985 2039 1164 2102 possit:
1216 2040 1338 2086 sciat.
1384 2043 1641 2086 aeternum
1680 2051 1705 2085 a
1746 2038 1931 2086 nostris

247 2112 588 2176 interpretari,
629 2110 762 2174 quod
804 2109 978 2159 Graeci
1017 2110 1262 2176 appellant
1301 2106 1550 2177 αἰώνιον,
1590 2110 1719 2174 quod
1760 2125 1785 2158 a
1826 2125 1929 2159 sae·

247 2185 359 2235 culo
400 2185 673 2233 derivatum
714 2190 809 2249 est3
866 2179 1006 2233 αι’ὠν
1051 2186 1233 2249 quippe
1275 2184 1458 2233 Graece
1506 2183 1756 2234 saeculum
1805 2199 1930 2233 nun·

249 2264 472 2325 cupatur.
553 2256 648 2306 Sed
689 2272 788 2305 non
829 2264 944 2307 sunt
984 2259 1089 2306 ausi
1127 2257 1288 2307 Latini
1326 2258 1419 2307 hoc
1460 2257 1625 2307 dicere
1667 2257 1932 2325 saeculare,

247 2349 309 2382 ne
359 2332 502 2397 longe
549 2332 599 2379 in
650 2330 781 2379 aliud
828 2332 1083 2380 mitterent
1129 2347 1343 2381 sensum.
1423 2331 1701 2382 Saecularia
1750 2333 1931 2396 quippe

154 2418 212 2458 30
252 2407 486 2456 dicuntur
524 2403 692 2470 inulta,
733 2419 856 2468 quae
896 2405 946 2453 in
985 2404 1079 2453 hoc
1112 2405 1306 2455 saeculo
1340 2408 1410 2455 sic
1443 2411 1670 2471 aguntur,
1708 2411 1764 2454 ut
1794 2404 1933 2453 brevi

249 2482 397 2530 etiam
446 2486 668 2543 tempore
716 2484 993 2545 transeant3
1047 2472 1281 2529 αἰώνιον
1332 2486 1494 2529 autem
1550 2478 1680 2543 quod
1736 2478 1932 2543 dicitur,

248 2562 331 2604 aut
371 2568 468 2602 non
509 2550 657 2600 habet
696 2552 843 2600 finem
884 2559 967 2601 aut
1006 2567 1164 2617 usque
1214 2554 1264 2602 in
1304 2553 1451 2602 huius
1492 2551 1674 2601 saeculi
1713 2551 1935 2600 tenditur

246 2629 408 2677 finem.

247 2893 302 2933 22
339 2835 391 2896 ‘5
417 2828 666 2930 ἰωρθξξειῒα
699 2826 741 2871 V
761 2828 776 2883 H
802 2831 852 2870 11
880 2826 1175 2872 hebdomada
1200 2842 1225 2872 v
1249 2831 1264 2885 1]
1291 2832 1343 2872 18
1369 2827 1489 2871 filius
1524 2826 1662 2879 VRv;
1693 2838 1776 2870 om.
1801 2823 1898 2868 AF
1918 2823 1934 2881 Η

278 2902 288 2911 ·
335 2903 383 2932 1n
416 2901 497 2932 om.
