2004 3140
191 156 301 210 266
865 167 901 203 s,
927 167 1203 202 Auousmm

192 284 278 348 qui
309 284 481 346 utique
513 281 870 347 praecedentes
901 280 1091 346 aliquos
1122 281 1387 331 historicos
1425 283 1478 330 in
1516 281 1607 330 hac
1647 282 1877 346 opinione

193 358 352 406 secuti
392 362 529 422 sunt,
575 362 687 420 post
735 370 890 404 annos
937 354 1144 420 amplius
1193 370 1340 420 quam
1378 361 1630 405 trecentos
1667 357 1764 404 iam
1800 364 1877 404 'se-

193 430 355 479 cundo
388 430 680 495 Argivorum
720 428 981 478 Phoroneo
1022 443 1137 493 rege
1177 436 1413 494 regnante
1447 428 1602 495 Ogygi
1641 428 1879 478 diluvium

194 506 346 553 fuisse
398 509 798 553 commemorant.
877 503 974 552 Sed
1025 502 1245 567 quolibet
1291 510 1513 568 tempore
1554 504 1729 569 fuerit,
1783 505 1881 552 iam

134 585 160 624 5
194 585 357 627 tamen
389 577 607 626 Minerva
645 585 894 642 tamquam
925 578 1016 626 dea
1055 576 1308 626 colebatur
1346 584 1583 641 regnante
1615 576 1880 626 Athenien·

195 651 331 701 sibus
383 651 629 718 Cecrope,
684 651 776 701 sub
824 667 922 716 quo
970 667 1087 715 rege
1135 653 1282 700 etiam
1328 653 1486 715 ipsam
1522 650 1599 699 vel
1637 653 1879 700 instaura-

193 733 292 775 tam
332 726 499 775 ferunt
537 726 613 775 vel
652 725 899 775 conditam
939 727 1199 774 civitatem.

869 896 1060 952 CAPUT
1101 898 1193 952 IX.

202 1008 413 1066 Quando
438 1007 817 1055 Atheniensium
850 1008 1029 1054 civitas
1059 1009 1126 1055 sit
1155 1007 1378 1066 condita,
1410 1011 1459 1055 et
1489 1020 1640 1067 quam
1671 1019 1880 1055 causam

106 1088 160 1127 10
595 1082 811 1129 nominis
849 1082 956 1129 eius
1007 1079 1171 1129 Varro
1204 1081 1487 1142 perhibeat.

339 1182 463 1232 Nam
516 1191 572 1232 ut
618 1182 837 1231 Athenae
891 1189 1216 1250 vocarentur,
1271 1183 1402 1248 quod
1449 1189 1584 1232 certe
1634 1196 1814 1230 nomen
1854 1192 1882 1230 a

191 1257 408 1306 Minerva
456 1264 561 1323 est,
616 1272 740 1322 quae
792 1256 976 1306 Graece
1011 1252 1203 1322 Ἀθηνᾶ
1249 1256 1454 1319 dicitur,
1509 1256 1634 1305 hanc
1682 1268 1882 1304 causam

192 1329 345 1380 Varro
377 1330 575 1379 indicat.
654 1330 777 1379 Cum
809 1333 1118 1395 apparuisset
1157 1331 1255 1380 illic
1295 1337 1499 1395 repente
1540 1329 1691 1378 olivae
1733 1327 1881 1377 arbor

194 1412 244 1454 et
281 1404 373 1453 alio
406 1404 514 1453 loco
547 1419 673 1468 aqua
705 1406 965 1470 erupisset,
1004 1419 1172 1468 regem
1211 1403 1435 1469 prodigia
1473 1406 1566 1453 ista
1605 1408 1881 1468 moverunt,

103 1487 159 1525 15
194 1485 243 1528 ct
289 1480 422 1527 misit
468 1477 526 1527 ad
581 1477 854 1543 Apollinem
902 1477 1192 1543 Delphicum
1240 1481 1542 1527 sciscitatum
1582 1475 1700 1541 quid
1738 1475 1881 1525 intel-

192 1551 454 1617 legendum
486 1559 618 1601 esset
650 1551 826 1617 quidve
852 1552 1145 1601 faciendum.
1192 1551 1275 1601 Ille
1309 1551 1580 1618 respondit,
1612 1550 1742 1615 quod
1775 1549 1881 1598 olea

193 1625 461 1676 Minervam
502 1626 824 1692 significaret,
873 1625 1004 1674 unda
1043 1625 1351 1692 Neptunum,
1400 1632 1449 1675 et
1488 1625 1619 1689 quod
1659 1630 1791 1673 esset
1828 1625 1880 1671 in

193 1701 372 1749 civium
403 1706 663 1766 potestate,
704 1716 763 1748 ex
796 1702 938 1748 cuius
976 1701 1141 1764 potius
1175 1702 1373 1748 nomine
1406 1699 1620 1748 duorum
1659 1698 1880 1762 deorum,

193 1788 405 1838 quorum
444 1773 525 1821 illa
565 1775 700 1838 signa
742 1781 922 1839 essent,
963 1775 1133 1822 civitas
1172 1780 1447 1823 vocaretur.
1523 1771 1623 1822 Isto
1665 1771 1879 1835 Cecrops

101 1856 160 1895 20
192 1847 391 1896 oraculo
440 1854 641 1912 accepto
690 1850 820 1896 cives
867 1862 1038 1896 omnes
1086 1849 1347 1911 utriusque
1389 1862 1536 1896 sexus
1576 1840 1709 1913 (mos
1747 1846 1880 1894 enim

191 1928 311 1970 tunc
348 1922 400 1969 in
440 1920 627 1970 eisdem
665 1920 787 1970 locis
827 1927 947 1988 erat,
986 1927 1041 1970 ut
1079 1923 1227 1970 etiam
1266 1922 1474 1970 feminae
1513 1918 1725 1985 publicis
1765 1933 1879 1967 con·

192 1993 538 2044 sultationibus
596 1989 922 2061 interessent)
985 1995 1043 2044 ad
1097 1991 1358 2044 serendum
1420 1994 1707 2058 suffragium
1763 2003 1877 2041 con·

191 2070 394 2117 vocavit.
474 2067 707 2118 Consulta
746 2070 898 2133 igitur
948 2068 1263 2118 multitudine
1304 2082 1465 2116 mares
1503 2082 1594 2131 pro
1633 2064 1879 2132 Neptuno,

192 2142 403 2190 feminae
450 2156 540 2205 pro
581 2140 798 2190 Minerva
844 2141 1003 2190 tulere
1052 2143 1346 2206 sententiaS,
1387 2148 1435 2190 et
1476 2141 1589 2204 quia
1627 2153 1725 2188 una
1764 2138 1876 2203 plus

100 2222 160 2262 25
192 2217 390 2264 inventa
444 2221 519 2263 est
573 2215 897 2281 feminarum,
951 2214 1169 2263 Minerva
1221 2215 1353 2263 vicit.
1430 2213 1570 2263 Tunc
1617 2213 1878 2278 Neptunus

190 2290 348 2337 iratus
401 2289 603 2336 marinis
658 2287 891 2337 fluctibus
946 2287 1345 2337 exaestuantibus
1399 2295 1558 2336 terras
1613 2286 1876 2336 Athenien-

193 2364 321 2411 sium
375 2361 638 2426 populatus
694 2369 794 2427 est3
858 2364 1090 2426 quoniam
1145 2374 1377 2427 spargere
1432 2361 1578 2411 latius
1634 2358 1877 2425 quaslibet

192 2450 342 2500 aquas
389 2434 587 2484 difficile
635 2434 957 2484 daemonibus
1005 2450 1104 2484 non
1153 2443 1241 2485 est.
1320 2435 1472 2484 Cuius
1518 2441 1574 2484 ut
1623 2431 1878 2483 iracundia

190 2509 493 2576 placaretur,
540 2509 723 2573 triplici
770 2508 1011 2574 supplicio
1059 2507 1176 2558 dicit
1223 2509 1355 2558 idem
1402 2514 1574 2558 auctor
1621 2506 1680 2555 ab
1728 2506 1874 2556 Athe-

101 2592 161 2631 30
191 2581 448 2632 aiensibus
488 2583 687 2632 affectas
727 2598 836 2632 esse
877 2581 1133 2647 muliereS,
1171 2589 1228 2631 ut
1266 2581 1399 2632 nulla
1437 2581 1647 2631 ulterius
1686 2581 1876 2649 ferrent

192 2656 452 2722 suffragia,
507 2663 561 2705 ut
615 2654 779 2706 nullus
827 2657 1133 2705 nascentium
1187 2662 1466 2705 maternum
1517 2669 1699 2703 nomen
1749 2655 1874 2703 acci-

190 2737 348 2796 peret,
387 2737 441 2778 ut
479 2744 541 2778 ne
583 2732 693 2794 quis
734 2745 814 2779 eas
855 2730 1129 2779 Athenaeas
1169 2736 1378 2778 vocaret.
1457 2728 1528 2778 Ita
1567 2727 1647 2776 illa
1686 2729 1871 2793 civitaS‚

313 2904 365 2943 18
398 2914 454 2944 ex
477 2914 559 2945 om.
584 2900 680 2955 R¹,-
711 2901 770 2955 ef.
794 2904 905 2958 263,
937 2905 993 2954 8,·
1023 2902 1134 2956 264,
1165 2903 1254 2954 25,·
1284 2903 1396 2956 268,
1429 2903 1512 2954 13,·
1544 2902 1660 2953 282,
1691 2901 1778 2951 24;
1810 2900 1877 2943 27
