2004 3140
235 134 345 186 434
913 142 946 177 s.
972 143 1246 180 Aueosmnu

919 336 1109 391 CAPUT
1148 336 1240 390 XI.

238 446 314 498 De
350 448 456 509 Goq
495 452 543 498 et
573 445 778 507 Maqoq,
818 460 941 506 quos
980 446 1051 494 ad
1082 445 1484 506 persequendam
1524 445 1787 494 ecclesiam
1826 443 1928 494 Dei

400 523 591 571 solutus
625 535 786 582 prope
820 523 973 580 finem
1011 520 1208 568 saeculi
1245 519 1473 567 diabolus
1514 519 1757 568 incitabit.

388 625 454 673 Et
498 639 611 673 cum
652 626 789 684 finiti
828 622 1047 687 fuerint,
1102 623 1286 687 inquit,
1331 625 1464 671 mille
1512 625 1656 687 anni,
1701 625 1923 672 solvetur

179 707 208 749 5
237 704 448 748 satanas
487 700 550 747 de
588 699 819 747 custodia
857 711 972 757 sua,
1014 701 1063 744 et
1100 697 1259 744 exibit
1296 698 1367 744 ad
1401 698 1718 745 seducendas
1755 698 1918 745 natio-

236 788 338 834 neS,
370 787 501 833 quae
531 777 650 820 sunt
681 774 732 820 in
765 776 1005 831 quattuor
1038 771 1238 830 anqule‘s
1271 775 1457 830 terrae,
1495 771 1601 830 Goq
1633 775 1682 818 et
1712 769 1919 832 Maqoq,

237 852 285 895 et
323 848 492 895 trahet
530 859 612 894 eos
653 847 704 893 in
744 846 943 904 bellum,
984 857 1197 904 quorum
1236 858 1476 893 numerus
1516 850 1591 893 esc
1627 848 1684 892 ut
1720 844 1919 892 harena

236 923 406 968 maris,
484 918 555 967 Ad
587 918 680 967 hoc
713 933 830 982 ergo
870 924 988 966 tunc
1029 916 1247 983 seducet,
1286 924 1342 966 ut
1379 919 1430 966 in
1469 917 1562 966 hoc
1601 916 1785 965 bellum
1825 923 1920 966 tra-

236 992 332 1042 hat.
410 991 532 1041 Nam
565 999 615 1040 et
645 998 788 1040 antea
827 990 984 1039 modis
1026 989 1205 1055 quibus
1244 997 1439 1055 poterat
1477 1005 1568 1055 per
1607 989 1731 1039 mala
1770 990 1922 1040 multa

152 1076 207 1118 10
233 1074 287 1115 'et
326 1067 457 1115 varia
503 1065 783 1114 seducebat.
860 1066 1039 1114 Exibit
1083 1070 1247 1114 autem
1294 1065 1481 1114 dictum
1530 1070 1606 1113 est
1652 1065 1741 1130 „in
1781 1079 1920 1128 aper·-

236 1148 335 1189 tam
374 1141 771 1205 persecutionem
819 1138 877 1187 de
926 1138 1127 1187 latebris
1166 1145 1394 1203 erumpet
1433 1133 1714 1187 odiorum.“
1789 1137 1923 1187 Hace>

238 1216 368 1262 enim
408 1216 503 1262 erit
542 1215 802 1262 novissima
841 1214 1138 1278 persecuti07
1178 1214 1441 1261 novissimo
1481 1213 1752 1261 inminente
1793 1211 1918 1261 iudi-

237 1289 339 1354 cio,
395 1302 540 1351 quam
596 1294 764 1335 sancta
812 1285 1018 1335 ecclesia
1064 1291 1167 1334 toto
1223 1292 1470 1334 terrarum
1517 1285 1636 1334 orbe
1690 1287 1924 1352 patietur,

237 1363 467 1410 universa
517 1360 705 1408 scilicet
751 1362 919 1408 civitas
967 1358 1149 1407 Christi
1197 1359 1255 1407 ab
1307 1361 1536 1408 universa
1590 1357 1769 1407 diaboli
1808 1361 1921 1408 civi·

151 1442 206 1483 15
238 1442 363 1501 tate,
415 1441 820 1498 quantacumque,
859 1435 1208 1496 erit-utraque
1265 1448 1416 1497 super
1464 1438 1661 1482 terram.
1739 1431 1923 1482 Gentes

239 1510 419 1573 quippe
467 1510 612 1573 istae,
668 1522 788 1571 quas
836 1506 1045 1571 appellat
1086 1505 1189 1570 Gog
1229 1513 1278 1555 et
1316 1506 1510 1573 Magog,
1557 1522 1655 1554 non
1695 1507 1766 1554 sic
1807 1512 1924 1556 sunt

239 1581 565 1646 accipiendae,
604 1589 852 1644 tamquam
885 1582 983 1628 sint
1023 1579 1171 1644 aliqui
1206 1582 1256 1628 in
1297 1580 1457 1644 aliqua
1495 1586 1635 1644 parte
1675 1586 1924 1630 terrarum·

238 1655 433 1703 barbari
472 1656 744 1719 constituti,
785 1656 885 1702 sive
927 1669 1050 1717 quos
1091 1654 1289 1717 quidam
1329 1655 1645 1719 suspicantur
1686 1653 1831 1703 Getas
1871 1659 1930 1704 et<

238 1729 531 1793 Massagetas
570 1734 774 1793 propter
819 1727 1007 1776 litteras
1055 1727 1235 1776 horum
1274 1729 1528 1777 nominum
1567 1729 1772 1794 primaS,
1820 1728 1922 1776 sive

150 1810 206 1851 20
238 1802 426 1866 aliquos
489 1802 608 1850 alios
670 1801 965 1865 alienigenas
1029 1807 1078 1849 et
1132 1816 1159 1849 a
1216 1801 1435 1850 Romano
1490 1803 1598 1850 iure
1655 1803 1920 1851 seiunctos

237 1875 361 1924 Toto
417 1891 627 1940 namque
682 1874 800 1923 orbe
859 1882 1107 1923 terrarum
1161 1875 1420 1939 significati
1481 1881 1597 1924 sunt
1660 1876 1743 1923 isti
1798 1890 1922 1941 esse,

239 1964 352 1998 cum
392 1949 578 1998 dictum
619 1956 692 1997 est
731 1951 961 1997 nationes
1008 1963 1139 2009 quae
1184 1955 1303 1997 sunt
1347 1952 1398 1998 in
1438 1954 1680 2010 quattuor
1720 1951 1922 2010 anqulis

238 2029 424 2084 terrae,
466 2038 644 2086 easque
679 2021 888 2070 subiecit
927 2037 1036 2070 esse
1082 2023 1188 2083 Goq
1227 2027 1274 2071 et
1305 2023 1509 2083 Maqoq.
1566 2022 1808 2079 ,Quorum
1847 2023 1920 2070 in-

240 2098 643 2160 terpretationem
694 2097 949 2143 nominum
1003 2110 1111 2143 esse
1177 2097 1507 2160 comperimus
1563 2094 1667 2160 Gog
1721 2102 1921 2163 tectum,

150 2175 207 2218 25
238 2168 410 2232 Magog
449 2169 508 2217 de
549 2175 701 2234 tect03
741 2174 988 2231 tamquam
1029 2168 1202 2217 domus
1243 2175 1292 2217 et
1329 2170 1434 2233 ipse
1475 2170 1559 2232 qui
1598 2169 1822 2232 procedit
1859 2169 1920 2217 de

238 2241 396 2290 domo,
475 2241 656 2290 Gentes
710 2256 826 2305 ergo
879 2247 1019 2307 sunt,
1070 2243 1121 2289 in
1174 2241 1354 2304 quibus
1401 2241 1648 2290 diabolum
1698 2241 1919 2290 velutin

237 2314 411 2379 abysso
452 2317 681 2379 superius
731 2313 1134 2378 intellegebamus
1174 2314 1440 2375 inclusum,
1490 2321 1538 2363 et
1576 2316 1682 2379 ipse
1724 2315 1782 2363 de
1824 2315 1918 2363 illis

238 2388 449 2452 quodam
501 2388 645 2437 modo
697 2403 804 2436 sese
855 2388 1064 2436 efferens
1113 2395 1160 2436 et
1210 2387 1508 2454 procedens3
1556 2394 1612 2437 ut
1661 2387 1768 2436 illae
1819 2390 1917 2437 sint

236 2468 437 2528 tectum,
475 2463 580 2526 ipse
621 2461 681 2510 de
723 2468 866 2510 tect0.
946 2461 997 2509 Si
1036 2467 1200 2510 autem
1239 2467 1506 2525 utrumque
1546 2461 1819 2510 referamus
1859 2461 1918 2510 ad
1964 2506 1997 2513 ,a

148 2544 205 2585 30
237 2543 408 2599 gentes
420 2575 434 2602 ‚
482 2551 579 2584 non
620 2550 773 2584 unum
812 2535 990 2583 horum
1030 2535 1088 2583 ad
1127 2535 1256 2599 illas,
1296 2535 1503 2584 alterum
1544 2534 1602 2583 ad
1643 2534 1915 2584 diabolum:

237 2615 286 2658 et
317 2615 504 2658 tectum
535 2611 668 2674 ipsae
705 2614 835 2674 sunt,
877 2610 988 2672 quia
1028 2610 1077 2657 in
1119 2610 1189 2657 eis
1229 2623 1360 2659 nunc
1399 2608 1669 2658 includitur
1709 2614 1757 2657 et
1797 2623 1917 2674 quo-

354 2737 398 2791 8>
429 2737 571 2792 Apoc.
607 2741 676 2791 20,
713 2742 735 2779 7
771 2750 834 2790 sq.

353 2886 408 2926 26
440 2881 585 2938 igitur
615 2895 641 2924 v
