2004 3140
551 169 617 201 DE
642 166 880 202 CIVITATE
904 168 994 203 Dm
1016 169 1058 201 L.
1083 168 1166 201 xx.
1191 168 1228 202 0.
1253 171 1283 202 7.
1307 170 1338 202 8.
1694 158 1803 210 4223

125 290 234 332 nata
266 289 456 332 constat
489 280 710 346 ecclesia,
750 297 774 330 3
816 281 995 346 quibus
1037 280 1331 330 seducendis
1370 281 1452 330 illo
1494 287 1568 330 est
1609 283 1802 332 vinculo

124 356 434 421 claustroque
465 354 758 429 prohibitus,
837 355 934 404 Sed
967 362 1050 405 aut
1082 355 1160 404 illa
1200 355 1447 406 locutione
1487 356 1674 405 dictum
1714 364 1803 422 est,

122 446 244 495 quae
277 433 328 479 in
361 430 622 494 scripturis
655 429 950 494 aliquotiens
982 431 1246 495 invenitur,
1287 429 1444 494 qualis
1477 436 1552 479 est
1590 431 1641 478 in
1673 430 1801 495 psal-

123 519 224 554 mo:
260 505 347 554 Sic
386 506 523 554 oculi
558 507 721 553 nostri
758 506 830 553 ad
860 505 1124 553 Dominum
1164 505 1323 554 Deum
1363 510 1601 566 nostrum,
1642 507 1802 555 donec

121 580 422 628 misereatur
453 580 646 636 nostr2‘;
685 593 846 642 neque
888 579 1033 644 enim,
1074 593 1186 626 cum
1226 580 1459 627 misertus
1500 578 1663 644 suerit,
1703 594 1802 628 non
1835 586 1861 626 5

121 659 265 701 erunt
305 651 434 701 oculi
474 667 731 701 servorum
770 653 876 701 eius
917 652 974 700 ad
1015 651 1278 700 Dominum
1317 651 1472 700 Deum
1513 667 1679 717 suum3
1720 660 1803 702 aut

120 732 255 775 certe
284 727 377 775 iste
410 732 486 775 est
517 726 638 775 ordo
671 726 958 775 verborum:
998 727 1065 775 Et
1094 729 1280 775 elausit
1309 732 1359 776 et
1394 729 1615 787 siynavit
1649 742 1804 789 super

117 815 244 862 eum,
270 796 428 850 donec
454 803 707 860 finiantur
736 804 871 850 mille
902 803 1055 859 anm}
1088 799 1219 865 quod
1244 815 1360 849 vero
1383 802 1703 865 interposuit:
1744 801 1805 850 Ut

119 888 218 923 non
250 877 519 925 seduceret
550 877 649 924 iam
678 880 867 936 yenteS,
907 876 974 923 ita
1006 890 1058 924 se
1090 874 1252 940 habet,
1291 881 1347 924 ut
1386 873 1444 923 ab
1484 874 1633 923 huius
1674 875 1802 923 ordi-

119 950 195 996 nis
236 950 504 998 conexione
545 950 609 998 sit
646 948 856 998 Uberum
897 955 946 997 et
986 964 1185 998 seorsus
1224 948 1630 1014 intellegendum,
1669 949 1803 998 velut
1838 957 1892 997 10

119 1024 162 1070 si
207 1028 318 1086 post
366 1022 652 1089 adderetur,
709 1029 762 1072 ut
810 1025 879 1072 sic
932 1038 984 1072 se
1031 1022 1237 1072 haberet
1283 1029 1384 1071 tota
1431 1024 1697 1072 sententia:
1738 1024 1806 1072 Et

117 1099 306 1145 'elausit
343 1102 391 1146 et
420 1099 642 1158 siqnavit
677 1113 831 1159 super
863 1112 988 1158 eum,
1030 1099 1190 1146 donec
1217 1100 1471 1157 finiantur
1501 1100 1632 1146 mille
1666 1100 1802 1158 anni,

119 1176 175 1218 ut
212 1184 310 1219 non
348 1173 617 1220 seduceret
655 1175 756 1220 iam
792 1177 996 1232 qeutes;
1046 1171 1095 1218 id
1137 1178 1233 1236 est,
1280 1170 1390 1219 ideo
1432 1170 1605 1223 clausit
1645 1170 1802 1220 donec

118 1243 351 1292 finiantur
391 1243 519 1293 mille
561 1247 690 1311 anni,
729 1252 786 1294 ut
825 1259 922 1293 non
963 1244 1225 1293 seduceret
1263 1246 1361 1293 ian]
1400 1251 1586 1309 gentes,

778 1446 969 1501 CAPUT
1009 1447 1157 1500 VIII.
1301 1471 1308 1477 ·
1837 1460 1891 1500 15

450 1555 526 1604 De
565 1553 858 1616 allz'qalio‘ree
897 1562 946 1605 et
981 1556 1228 1604 solutione
1267 1556 1468 1604 diaboli.

267 1659 387 1707 Post
423 1660 576 1719 haec,
616 1647 798 1724 inquit,
845 1664 1041 1720 oportet
1078 1673 1190 1708 eum
1227 1661 1354 1708 solve·
1391 1660 1532 1707 breui
1569 1664 1803 1720 tempore.

119 1731 172 1780 Si
211 1731 304 1780 1100
345 1738 420 1780 est
459 1731 650 1780 diabolo
699 1731 839 1796 ligari
879 1740 927 1780 et
966 1731 1173 1798 includi,
1221 1732 1479 1781 ecclesiam
1518 1747 1618 1780 non
1657 1747 1802 1795 posse

118 1805 382 1870 seducere,
429 1805 548 1853 11360
589 1821 706 1869 ergo
747 1807 842 1854 erit
881 1805 1060 1854 solutio
1102 1807 1230 1869 eiiiS,
1280 1812 1335 1854 ut
1373 1802 1565 1869 possit?
1640 1804 1802 1870 Absit3

118 1885 387 1943 numquam
419 1880 551 1927 enim
586 1879 645 1927 ab
677 1879 759 1927 illo
799 1878 1006 1928 ecclesia
1047 1879 1313 1930 seducetur
1351 1878 1713 1943 praedestinata
1753 1885 1803 1927 et
1833 1889 1890 1928 20

120 1953 275 2001 electa
329 1959 440 2001 ante
495 1953 666 2002 mundi
721 1954 1151 2017 constitutionem,
1207 1953 1266 2001 de
1320 1968 1415 2017 qua
1466 1952 1651 2001 dictum
1704 1959 1801 2000 est:

119 2027 267 2076 Novit
311 2028 554 2075 Dominus
600 2029 690 2088 qui
731 2033 850 2075 sunt
898 2030 1018 2076 eius,
1095 2026 1158 2075 Et
1198 2034 1359 2075 tamen
1400 2026 1480 2075 hic
1521 2027 1616 2074 erit
1655 2027 1803 2074 etiam

118 2100 202 2148 illo
242 2107 486 2166 tempore,
539 2115 636 2164 quo
676 2100 939 2149 solvendus
980 2108 1055 2149 est
1094 2099 1346 2166 diaboluS,
1399 2102 1552 2166 sicut,
1605 2115 1663 2148 ex
1705 2114 1801 2163 quo

120 2180 196 2222 est
234 2175 480 2238 instituta,
528 2173 607 2222 hic
647 2175 740 2223 fuit
779 2181 827 2223 et
867 2176 962 2223 erit
1001 2176 1135 2223 omni
1173 2182 1422 2240 tempore,
1472 2175 1523 2223 in
1564 2175 1667 2222 suis
1708 2174 1800 2221 uti-

121 2263 216 2311 que
273 2249 356 2311 qui
411 2247 685 2298 succedunt
739 2248 984 2297 nascendo
1048 2248 1388 2297 morientibus,
1480 2247 1601 2296 Nam
1656 2246 1801 2311 paulo
1835 2256 1890 2296 25

120 2328 232 2385 post
263 2321 395 2386 dicit,
436 2321 566 2386 quod
599 2322 790 2371 solutus
823 2321 1045 2371 diabolus
1079 2321 1306 2371 seductas
1338 2329 1511 2386 gentes
1542 2327 1647 2369 toto
1681 2320 1801 2369 orbe

120 2402 365 2443 terrarum
391 2395 614 2444 adtrahet
638 2397 690 2444 in
713 2395 896 2444 bellum
921 2395 1155 2444 adversus
1189 2411 1309 2461 eam,
1342 2410 1552 2459 quorum
1584 2395 1802 2443 hostium

121 2483 358 2517 numerus
410 2470 505 2518 erit
553 2476 605 2517 ut
643 2469 826 2517 harena
872 2471 1035 2518 maris.
1113 2470 1180 2517 Et
1217 2472 1578 2528 ascenderunt,
1626 2469 1801 2532 inquit,

116 2557 279 2603 supra
320 2549 493 2591 terrae
525 2545 854 2603 latitudinem,
895 2549 944 2591 et
981 2545 1259 2592 cinxerunt
1296 2549 1470 2591 castra
1508 2547 1802 2590 sanctorum

117 2621 171 2663 et
209 2617 441 2665 dilectam
480 2619 746 2682 civitatem,
785 2622 834 2666 et
872 2618 1133 2665 descendit
1170 2619 1301 2677 iqm's
1340 2618 1402 2664 de
1441 2617 1582 2664 eaelo
1622 2629 1654 2662 a
1695 2615 1799 2662 Deo
1834 2625 1891 2664 30

240 2742 284 2797 5)
314 2743 388 2787 Ps.
424 2747 521 2798 122,
555 2748 595 2787 2.
661 2746 731 2798 19)
765 2743 907 2799 Apoc.
939 2747 1011 2797 20,
1044 2747 1084 2788 3.
1147 2744 1221 2799 22)
1254 2746 1293 2784 2.
1327 2741 1446 2787 Tim.
1479 2746 1520 2796 2,
1555 2745 1623 2785 19.

240 2907 295 2946 29
329 2918 466 2960 super
496 2918 520 2949 v
