2004 3140
194 142 302 194 552
860 152 893 185 s,
918 151 1193 186 AUGUS'HNI

195 267 373 330 spicari
415 264 595 330 solent,
646 279 744 313 non
783 271 896 329 post
934 265 1185 314 iudicium.
1264 265 1369 322 Qua
1410 267 1638 330 opinione
1680 266 1877 330 quidam

196 354 309 388 cum
348 338 538 387 videret
569 338 793 387 homines
832 339 1157 403 inpunitatem
1199 338 1292 388 sibi
1330 341 1701 404 perversissime
1742 339 1879 405 polli-

196 420 387 478 centeS‚
436 427 492 460 eo
546 412 676 476 quod
717 427 887 461 omnes
926 413 1020 461 isto
1062 412 1204 461 modo
1245 412 1303 461 ad
1342 412 1684 462 liberationem
1729 415 1878 478 perti-

195 501 314 534 nere
346 501 491 551 posse
525 485 797 552 videantur,
838 485 1195 550 elegantissime
1230 486 1543 550 respondisse
1576 486 1883 552 perhibetur,

137 571 162 608 5
195 559 320 609 bene
361 562 525 624 potius
565 575 673 609 esse
715 559 989 626 vivendum,
1028 566 1084 609 ut
1122 562 1252 609 inter
1292 575 1376 608 eos
1417 562 1625 625 quisque
1666 562 1881 625 reperia-

197 640 294 700 tur,
329 635 413 698 qui
444 649 534 698 pro
560 633 666 682 aliis
697 635 1021 683 intercessuri
1055 640 1170 683 sunt
1201 633 1481 700 liberandiS,
1514 649 1574 683 ne
1598 641 1706 683 tam
1738 635 1882 700 pauci

200 709 313 774 sint,
352 714 408 756 ut
448 709 544 757 cito
579 709 636 757 ad
678 722 942 756 numerum
982 723 1127 756 suum
1166 707 1242 756 vel
1282 709 1529 757 tricenum
1567 707 1644 756 vel
1684 723 1884 772 sexage-

198 796 316 830 num
365 781 441 830 vel
489 788 753 831 centenum
803 797 1103 846 unoquoque
1159 797 1331 831 eorum
1378 783 1696 847 perveniente
1745 781 1884 830 multi

197 862 503 921 remaneant,
553 857 636 920 qui
685 857 792 904 erui
837 858 933 904 iam
984 855 1043 904 de
1083 857 1255 920 poenis
1293 856 1490 905 illorum
1529 857 1887 904 intercessione

113 939 168 979 10
201 943 300 977 non
332 931 524 994 possint
556 936 606 978 et
636 931 686 978 in
720 931 791 978 eis
822 931 1100 978 inveniatur
1141 929 1491 994 quisquis2sibi
1523 944 1662 994 spem
1694 929 1886 978 fructus

202 1002 348 1051 alieni
395 1005 672 1052 temeritate
721 1005 982 1052 vanissima
1028 1002 1303 1068 pollicetur.
1380 1003 1511 1052 Haec
1559 1018 1636 1051 me
1675 1002 1769 1051 illis
1810 1017 1887 1050 re·

202 1076 459 1141 spondisse
509 1078 782 1141 suffecerit,
835 1079 918 1141 qui
959 1092 1209 1126 sacrarum
1249 1077 1547 1141 litterarum,
1595 1092 1715 1141 quas
1755 1091 1884 1125 com-

202 1165 377 1199 munes
409 1150 662 1216 habemUS,
702 1152 1045 1199 auctoritatem
1078 1166 1176 1199 non
1218 1158 1474 1217 spernunt,
1515 1151 1598 1200 sed
1642 1165 1723 1199 eas
1764 1149 1887 1199 male

201 1224 529 1289 intellegendo
563 1240 661 1273 non
696 1224 825 1289 quod
865 1224 974 1273 illae
1014 1224 1299 1291 loquuntur,
1339 1225 1423 1274 sed
1465 1225 1557 1274 hoc
1597 1226 1760 1289 potius
1799 1240 1888 1288 pu·

52 1335 57 1339 -
116 1309 170 1348 15
205 1305 309 1346 tant
349 1299 572 1347 futurum
614 1314 720 1347 esse
762 1298 891 1362 quod
939 1301 1033 1363 ipsi
1081 1299 1261 1347 volunt.
1339 1295 1440 1347 Hac
1479 1301 1644 1362 itaque
1685 1313 1890 1362 respon-

206 1374 343 1420 sione
385 1371 573 1420 reddita
614 1372 816 1431 librum,
858 1374 986 1420 sicut
1023 1374 1363 1439 promisimUS,
1403 1374 1738 1421 terminamus,

754 1699 1065 1789 LIBER,
1111 1736 1323 1790 XXII.

114 1973 170 2012 20
908 1956 1100 2011 CAPUT
1141 1958 1180 2010 I.

484 2065 560 2113 De
599 2067 886 2114 conditione
926 2068 1221 2125 anqelorum
1261 2071 1310 2113 et
1347 2066 1612 2114 hominum.

355 2166 494 2216 Sicut
549 2169 598 2216 in
648 2169 873 2231 proximo
923 2166 1048 2216 libro
1101 2169 1357 2231 superiore
1404 2169 1751 2233 promisimus,
1799 2169 1896 2215 iste

203 2241 352 2290 huius
393 2242 544 2289 totius
585 2242 749 2304 operis
790 2239 992 2289 ultimus
1033 2241 1414 2305 disputationem
1454 2240 1513 2288 de
1554 2242 1763 2289 civitatis
1804 2239 1891 2288 Dei

205 2321 405 2363 aeterna
453 2312 756 2363 beatitudine
805 2313 1099 2380 continebit,
1147 2329 1270 2378 quae
1319 2329 1418 2361 non
1466 2321 1669 2378 propter
1719 2316 1895 2362 aetatis

118 2398 171 2437 25
205 2403 295 2452 per
362 2387 513 2436 multa
580 2386 774 2436 saecula
835 2386 1191 2451 longitudinem
1254 2394 1417 2436 tamen
1481 2387 1888 2451 quandocumque

205 2461 469 2510 finiendam
501 2462 805 2510 aeternitatis
838 2476 1015 2509 nomen
1049 2462 1252 2527 accepit,
1294 2460 1377 2509 sed
1413 2476 1561 2524 quem
1592 2461 1649 2509 ad
1694 2460 1893 2509 modum

207 2535 448 2599 scriptum
490 2541 565 2583 est
602 2536 654 2583 in
694 2533 967 2599 evangeli0‚
1007 2537 1158 2595 requi
1195 2537 1303 2584 eius
1342 2549 1442 2584 non
1482 2538 1582 2583 erit
1612 2537 1759 2594 finis;
1799 2549 1889 2582 nec

206 2610 273 2656 ita
329 2614 384 2657 ut
439 2607 543 2656 aliis
598 2607 854 2656 moriendo
910 2607 1289 2674 decedentibuS,
1350 2607 1455 2656 aliis
1510 2606 1892 2657 succedentibus

208 2681 411 2730 oriendo
462 2682 652 2745 species
691 2683 742 2730 in
783 2696 838 2729 ea
877 2682 1221 2745 perpetuitatis
1262 2688 1512 2746 appareat,
1559 2682 1688 2730 sicut
1726 2682 1776 2728 in
1816 2695 1890 2728 ar·

115 2765 173 2804 30
205 2753 353 2819 bore,
394 2770 517 2818 quae
557 2756 765 2818 perenni
805 2754 977 2802 fronde
1018 2757 1247 2821 vestitur,
1288 2754 1458 2803 eadem
1497 2754 1690 2803 videtur
1729 2753 1892 2802 viridi·
1944 2777 1946 2779 >

323 2884 395 2937 27)
429 2881 506 2924 Lo.
542 2885 582 2936 1,
615 2885 685 2926 33.
