2004 3140
543 150 609 181 DE
634 147 871 182 CIVITATE
903 148 992 180 DEI
1015 147 1058 180 L.
1082 147 1184 181 XXI,
1209 146 1248 183 c,
1281 150 1335 181 25.
1359 148 1412 181 26.
1705 137 1811 189 539

126 265 220 328 cit,
275 265 459 311 malum
514 275 612 310 non
668 267 926 322 operatur.
1003 259 1104 308 Neo
1155 261 1238 309 isti
1285 275 1401 324 ergo
1450 260 1646 309 dicendi
1696 268 1811 310 sunt

128 336 422 386 manducare
464 349 644 398 corpus
678 333 875 400 Christi,
914 336 1145 398 quoniam
1185 349 1275 382 nec
1314 335 1365 382 in
1405 334 1640 383 membris
1680 350 1810 383 com-

127 409 486 475 putandi.sunt
526 407 721 457 Christi.
798 407 862 456 Ut
910 409 1040 456 enim
1080 408 1169 456 alia
1210 414 1418 473 taceam,
1466 423 1565 457 non
1603 417 1812 473 possunt

127 483 272 532 simul
334 498 457 532 esse
507 490 554 531 et
609 481 828 531 membra
892 481 1075 531 Christi
1137 488 1186 531 et
1239 481 1459 530 membra
1520 484 1810 532 meretricis

126 557 347 621 Denique
379 558 484 621 ipse
518 555 658 605 dicit:
705 557 804 615 Qui
840 558 1118 605 manducat
1156 570 1363 605 carnem
1402 570 1562 605 meam
1602 562 1651 605 et
1689 558 1814 606 bibit
1842 563 1868 604 5

123 633 422 692 sanquinem
462 645 647 691 meum,
689 633 740 679 in
779 644 856 679 me
894 636 1082 690 manet,
1124 635 1173 679 et
1211 644 1301 691 eqo
1343 632 1394 678 in
1434 644 1505 678 eo,
1583 628 1811 679 Ostendit

124 704 243 769 quid
276 706 340 753 sit
379 719 477 752 non
510 710 815 753 sacramento
847 710 1008 769 tenus,
1048 703 1134 752 sed
1165 718 1220 751 re
1260 718 1374 751 vera
1414 718 1595 767 corpus
1629 702 1811 753 Christi

124 777 421 827 manducare
469 785 518 826 et
570 779 676 826 eius
728 779 1018 841 sanguinem
1067 776 1259 843 bibere3
1314 776 1407 825 hoo
1456 783 1532 834 est
1577 778 1710 825 enim
1759 780 1810 826 in

123 851 320 901 Christo
362 867 576 912 manere,
616 858 672 900 ut
710 853 760 900 in
800 851 882 900 illo
924 858 1118 899 maneat
1157 858 1206 899 et
1240 850 1478 899 Christus
1558 850 1638 899 Sic
1679 853 1810 900 enim

123 925 217 974 hoc
265 925 407 991 dixit,
454 932 703 990 tamquam
750 925 959 974 diceret:
1005 924 1142 990 „Qui
1182 940 1280 973 non
1319 926 1370 973 in
1411 940 1488 973 me
1530 931 1714 991 manet,
1761 933 1811 974 et
1844 933 1898 972 10

123 1001 174 1048 in
215 1015 311 1064 quo
354 1014 443 1064 ego
484 1014 583 1048 non
623 1014 818 1064 maneO,
866 1014 964 1047 non
1006 1014 1057 1047 se
1098 999 1228 1047 dicat
1267 1006 1351 1047 aut
1391 990 1638 1047 existimet
1676 1014 1810 1047 man·

124 1073 306 1122 ducare
348 1088 529 1138 corpus
569 1088 735 1122 meum
767 1079 850 1121 aut
888 1072 1059 1121 hibere
1100 1074 1389 1136 sanguinem
1427 1068 1639 1121 meum.“
1700 1072 1810 1121 Non

122 1149 288 1211 itaque
343 1153 543 1196 manent
595 1148 647 1195 in
696 1146 914 1211 ChristO,
970 1148 1054 1210 qui
1101 1162 1200 1195 non
1249 1154 1365 1195 sunt
1415 1145 1634 1194 membra
1689 1148 1810 1195 eiuS.

123 1220 233 1269 Non
274 1227 390 1269 sunt
429 1226 593 1269 autem
633 1220 853 1269 membra
893 1219 1098 1286 Christi,
1146 1221 1231 1284 qui
1271 1236 1322 1269 se
1365 1221 1549 1269 faciunt
1589 1220 1810 1269 membra

122 1296 414 1361 meretriciS,
454 1296 550 1343 nisi
582 1294 763 1343 malum
795 1293 914 1343 illud
954 1294 1249 1359 paenitendo
1290 1309 1398 1343 esse
1440 1293 1722 1343 destiterint
1761 1300 1810 1343 et
1843 1301 1897 1340 15

122 1368 183 1417 ad
222 1368 315 1418 hoe
356 1368 541 1417 bonum
580 1368 979 1417 reconciliatione
1020 1368 1274 1416 redierint.

752 1526 944 1581 CAPUT
983 1527 1180 1583 XXVI.

130 1635 265 1694 Quid
292 1637 356 1683 sz't
389 1637 439 1683 in
475 1634 807 1695 fundamento
849 1636 1040 1684 habere
1077 1635 1328 1684 Christum
1367 1639 1416 1683 et
1445 1635 1625 1694 quibus
1663 1648 1806 1695 spon-

401 1711 586 1758 deatur
623 1711 760 1757 salus
800 1711 949 1769 quasi
980 1724 1077 1771 per
1115 1711 1246 1769 iynis
1285 1714 1528 1756 usturam.

273 1811 368 1860 Sed
416 1811 623 1878 habent,
669 1813 922 1878 inquiunt,
970 1811 1234 1860 Christiani
1278 1810 1503 1860 catholici
1542 1811 1592 1858 in
1633 1809 1803 1858 sunda·
1840 1817 1897 1856 20

123 1893 290 1934 mento
325 1884 590 1951 Christum,
630 1901 657 1934 a
692 1887 834 1935 cuius
874 1887 1060 1935 unitate
1101 1901 1200 1934 non
1240 1891 1574 1950 recesserunt,
1613 1884 1808 1932 tametsi

121 1960 238 2009 huic
284 1959 601 2008 fundamento
649 1959 1182 2024 superaedificaverunt
1230 1957 1497 2023 quamlibet
1545 1958 1808 2022 pessimam

122 2036 292 2098 vitam,
345 2033 479 2082 velut
525 2033 677 2099 ligna,
732 2033 923 2099 fenum,
971 2033 1223 2098 stipulam3
1270 2039 1406 2081 reeta
1453 2033 1619 2095 itaque
1671 2030 1808 2095 fides,

121 2123 212 2172 per
245 2121 390 2170 quam
424 2105 649 2155 Christus
682 2114 758 2155 est
788 2105 1176 2172 fundamentum,
1217 2107 1436 2170 quamvis
1469 2119 1582 2154 cum
1615 2104 1807 2170 damno,

122 2182 354 2246 quoniam
391 2179 499 2247 illa,
539 2195 662 2244 quae
704 2180 1108 2245 superaedificata
1147 2187 1278 2246 sunt,
1318 2173 1603 2245 exurentur,
1642 2185 1807 2226 tamen
1839 2185 1895 2225 25

122 2256 307 2319 poterit
347 2269 431 2303 eos
465 2254 758 2318 quandoque
800 2253 858 2302 ab
898 2254 1029 2303 illius
1068 2255 1195 2318 ignis
1235 2254 1566 2318 perpetuitate
1606 2251 1806 2300 salvare.

122 2328 436 2392 Respondeat
483 2330 554 2377 eis
602 2327 818 2377 breviter
857 2328 1106 2392 apostolus
1146 2327 1375 2376 Iacobus:
1422 2327 1481 2375 Sz·
1517 2328 1627 2386 quis
1668 2327 1810 2374 dicat

120 2417 175 2452 se
209 2404 362 2461 fidem
399 2403 602 2462 habere,
643 2416 800 2464 opera
840 2407 1006 2451 autem
1045 2417 1144 2451 non
1184 2403 1399 2461 habea&
1423 2401 1667 2460 numquid
1696 2403 1805 2460 pot-

122 2479 222 2525 erit
267 2478 396 2535 fides
433 2479 636 2524 salvare
674 2478 819 2525 eum?
895 2475 958 2524 Et
1004 2477 1114 2539 quis
1162 2481 1263 2539 est,
1309 2475 1560 2538 inquiunt,
1608 2472 1667 2520 de
1709 2485 1806 2534 quo

123 2549 242 2597 dicit
281 2548 530 2613 apostolus
568 2548 771 2598 Paulus:
812 2550 926 2611 Ipse
965 2555 1131 2598 aulem
1170 2551 1338 2596 salvus
1377 2548 1488 2605 erit,
1527 2547 1602 2595 sic
1642 2551 1814 2593 tamen.
1839 2552 1897 2592 30

243 2662 286 2715 1)
323 2665 360 2704 1.
396 2659 497 2703 Cor.
533 2664 609 2714 13,
650 2664 699 2712 43
731 2659 864 2703 Rom.
907 2665 981 2715 13,
1026 2665 1093 2704 10.
1156 2663 1200 2712 4)
1235 2664 1273 2703 1.
1308 2658 1408 2702 Cor.
1442 2663 1490 2711 6,
1534 2661 1602 2700 15.
1665 2658 1708 2712 6)
1741 2656 1807 2701 Io.

125 2724 166 2774 6,
199 2723 268 2764 56.
330 2721 404 2775 29)
437 2718 527 2762 Iac.
562 2723 602 2772 2,
637 2723 706 2761 14.

243 2885 268 2924 5
303 2880 418 2926 dicit
447 2880 565 2935 RA,·
597 2879 752 2925 dicens
783 2893 809 2925 v
833 2882 848 2936 ss
875 2885 926 2924 11
961 2892 1048 2936 ego
1081 2892 1164 2924 om.
1196 2878 1289 2923 ΕΑ
