2044 3146
573 167 640 200 nn
664 165 903 201 cunum
926 168 1014 202 :Dm
1037 170 1080 204 1..
1105 170 1250 203 xv111.
1276 170 1314 204 ο.
1340 172 1373 205 4.
1695 159 1802 213 261

796 334 989 391 CAPUT
1029 335 1122 391 IV.

349 445 425 495 De
464 447 770 508 temporibus
811 446 967 495 Iacob
1009 451 1058 496 et
1090 447 1190 505 filie·
1228 447 1336 495 eius
1377 445 1571 509 Ioseph.

261 547 603 616 Regnantibus
641 548 956 614 Assyriorum
996 548 1188 598 decimo
1226 563 1343 613 rege
1378 547 1524 597 Baleo
1559 555 1608 597 et
1640 548 1805 614 Sicyo-

115 624 311 673 niorum
366 637 498 672 nono
538 622 786 690 MessapO,
837 625 922 688 qui
970 624 1116 672 etiam
1158 621 1396 688 Cephisos
1446 638 1472 670 a
1512 621 1807 686 quibusdam

115 697 328 747 traditur
376 692 444 763 (si
490 704 656 746 tamen
704 697 916 747 duorum
964 698 1221 746 nominum
1260 696 1408 745 homo
1448 711 1579 745 unus
1618 696 1712 745 fuit
1752 711 1806 744 ac
1840 707 1866 749 5

47 823 51 826 ,
114 787 215 821 non
248 772 416 837 potius
447 771 658 820 alterum
690 787 781 836 pro
814 771 968 820 altero
1008 777 1309 836 putaverunt
1347 771 1500 820 fuisse
1541 770 1808 835 hominem,

117 847 202 910 qui
240 847 292 894 in
333 846 436 894 suis
475 852 753 910 posuerunt
804 846 1002 910 scrIptis
1042 845 1252 895 alterum
1290 839 1519 912 nomen),
1568 859 1682 893 cum
1720 858 1810 892 rex

112 919 407 984 Argivorum
446 921 625 969 tertius
668 919 785 984 Apis
826 925 971 986 esset,
1010 925 1238 969 mortuus
1278 926 1355 968 est
1393 918 1527 967 Isaac
1566 931 1809 967 annorum

115 999 314 1043 centum
355 995 605 1058 octoginta
651 1000 701 1042 et
746 993 948 1058 reliquit
993 995 1215 1058 geminos
1256 1008 1372 1042 suos
1412 1007 1654 1041 annorum
1696 1006 1807 1040 cen-

114 1074 221 1117 tum
261 1073 310 1116 et
356 1069 550 1134 viginti3
599 1083 811 1132 quorum
861 1069 1024 1117 minor
1063 1067 1207 1116 Iacob
1247 1069 1504 1132 pertinens
1545 1066 1604 1115 ad
1644 1066 1807 1114 civita·
1842 1078 1898 1119 10

115 1148 215 1191 tem
247 1140 351 1206 Dei,
384 1141 443 1190 de
478 1157 574 1206 qua
607 1141 886 1208 scribimus,
917 1143 1103 1190 maiore
1136 1142 1309 1205 utique
1342 1139 1623 1206 reprobam,
1661 1138 1807 1188 habe-

111 1214 197 1264 bat
235 1214 494 1264 duodecim
534 1215 683 1281 filios,
727 1231 940 1279 quorum
978 1214 1138 1282 illum,
1186 1216 1272 1279 qui
1310 1213 1578 1263 vocabatur
1616 1212 1810 1279 Ioseph,

115 1287 475 1338 mercatoribus
536 1291 588 1338 in
642 1289 917 1355 Aegyptum
976 1287 1353 1347 ,transeuntibus
1409 1288 1588 1336 fratres
1649 1286 1810 1336 adhuc

116 1362 251 1412 Isaac
291 1378 378 1411 avo
428 1378 601 1412 eorum
640 1365 835 1412 vivente
886 1362 1222 1412 vendiderant.
1303 1362 1450 1411 Stetit
1490 1368 1655 1411 autem
1695 1366 1807 1410 ante

115 1436 422 1486 Pharaonem
467 1436 669 1503 Ioseph,
717 1437 912 1502 quando
961 1453 1021 1486 ex
1059 1436 1362 1503 humilitate,
1403 1451 1550 1500 quam
1588 1434 1809 1502 pertulit,
1844 1447 1898 1488 15

116 1510 406 1560 sublimatus
446 1518 546 1578 est,
586 1527 700 1561 cum
740 1513 941 1577 triginta
982 1518 1115 1561 esset
1154 1526 1420 1577 annorum3
1462 1511 1692 1574 quoniam
1733 1524 1809 1558 so-

115 1587 248 1634 mnIa
279 1586 412 1649 regis
444 1585 606 1634 divine
638 1587 996 1651 interpretatus
1028 1586 1392 1651 praenuntiavit
1432 1590 1624 1648 septem
1662 1582 1810 1632 uber-

115 1660 231 1708 tatis
283 1674 436 1708 annos
490 1659 709 1725 futurOS‚
760 1675 974 1724 quorum
1021 1659 1370 1709 abundantiam
1421 1656 1812 1723 praepollentem

117 1739 480 1797 consequentes
521 1732 600 1781 alii
641 1740 831 1798 septem
870 1733 1065 1782 steriles
1105 1734 1302 1782 fuerant
1342 1733 1707 1797 consumpturi,
1760 1738 1810 1779 et

117 1805 178 1854 ob
226 1805 320 1854 hoc
368 1821 482 1855 eum
527 1819 615 1855 rex
662 1809 970 1871 praefecerat
1007 1807 1226 1872 Aegypto
1275 1806 1334 1855 de
1384 1820 1584 1855 carcere
1634 1804 1809 1853 libera·
1845 1818 1901 1858 20

116 1886 246 1945 tum,
293 1894 390 1944 quo
432 1894 544 1928 eum
598 1883 878 1930 coniecerat
915 1882 1174 1945 integritas
1214 1881 1476 1945 castitatiS,
1526 1893 1672 1943 quam
1713 1878 1810 1926 sor-

117 1954 234 2002 titer
266 1968 467 2002 servans
499 1953 623 2003 male
656 1956 838 2004 amanti
870 1954 1094 2004 dominae
1129 1961 1178 2003 et
1209 1954 1335 2003 male
1368 1952 1570 2002 credulo
1611 1952 1810 2001 domino

117 2028 414 2076 mentiturae
462 2034 597 2076 veste
645 2030 791 2077 etiam
840 2028 1074 2078 derelicta
1121 2028 1180 2077 (le
1230 2027 1455 2076 manibus
1504 2026 1810 2075 adtrahentis

117 2100 377 2165 aufugiens
431 2116 530 2150 non
595 2105 846 2151 consensit
909 2103 967 2151 ad
1023 2110 1266 2167 stuprum.
1361 2101 1590 2150 Secundo
1646 2106 1810 2149 autem

117 2172 265 2223 anno'
292 2180 481 2239 septem
531 2190 773 2226 annorum
822 2176 1064 2226 sterilium
1105 2175 1248 2225 Iacob
1288 2177 1339 2224 in
1379 2174 1655 2239 Aegyptum
1696 2189 1810 2224 cum
1844 2185 1899 2226 25

120 2249 222 2297 suis
262 2248 492 2298 omnibus
523 2251 658 2299 venit
698 2250 756 2299 ad
796 2250 968 2318 filium,
1007 2265 1157 2315 agens
1198 2265 1353 2298 annos
1394 2255 1594 2298 centum
1635 2254 1684 2296 et
1723 2250 1809 2298 tri-

117 2323 272 2389 ginta,
321 2324 451 2372 sicut
496 2324 822 2388 interroganti
862 2327 967 2388 regi
1007 2327 1112 2389 ipse
1153 2324 1430 2390 respondit,
1478 2337 1592 2371 cum
1631 2321 1809 2387 loseph

117 2402 285 2460 ageret
322 2397 525 2461 triginta
565 2403 614 2446 et
645 2412 836 2465 novem,
875 2399 935 2447 ad
973 2400 1174 2462 trIginta
1215 2397 1417 2463 scilicet,
1459 2411 1582 2461 quos
1622 2396 1810 2461 agebat,

119 2469 312 2533 quando
352 2485 379 2518 a
417 2485 535 2535 rege
575 2471 848 2521 honoratus
893 2479 990 2538 est,
1031 2472 1207 2521 additis
1248 2478 1438 2536 septem
1477 2469 1720 2519 ubertatis
1761 2476 1811 2518 et

117 2542 309 2593 duobus
348 2544 504 2593 famis.
1842 2555 1899 2596 30

235 2688 310 2741 27)
342 2685 454 2731 Gen.
488 2691 559 2742 47,
591 2691 631 2732 9.

119 2904 175 2950 de
236 2852 540 2950 4t1ijfssappo
572 2848 690 2903 AR·
722 2848 994 2907 missappho
1025 2848 1071 2894 R
1110 2851 1125 2905 u
1161 2847 1396 2905 cephissos
1428 2847 1475 2893 R
1508 2849 1523 2905 ῑΙ
1562 2853 1617 2892 14
1647 2846 1807 2892 uendi-

177 2921 262 2949 run
