2004 3140
228 119 338 172 368
909 128 944 162 s,
970 127 1244 162 Aucusmmi

228 250 280 293 et
326 245 377 292 in
424 250 643 292 nostram
689 242 912 291 notitiam
951 241 1296 306 perferuntur,
1343 239 1522 305 quibus
1563 256 1648 290 eor
1688 246 1915 290 nostrum

230 317 398 382 flagris
431 323 619 382 uratur,
659 316 769 380 quis
803 322 981 381 potest,
1021 316 1117 363 nisi
1149 316 1234 379 qui
1265 314 1378 364 talia
1417 316 1582 381 sentit,
1622 311 1915 364 advertere?

230 391 451 440 Mortuos
503 392 684 454 quippe
737 389 906 438 audire
959 387 1240 454 mallemus,
1295 390 1514 452 quamvis
1566 395 1616 438 et
1664 388 1757 437 hoc
1810 390 1915 437 sine

232 464 400 513 dolore
434 479 531 512 non
563 465 811 528 possimus
842 462 1027 511 audire.
1104 461 1326 519 Quorum
1367 463 1498 511 enim
1538 478 1628 511 nos
1667 464 1763 511 vita
1803 477 1916 527 pro-

171 548 200 588 5
232 545 345 603 pter
399 539 638 587 amicitiae
693 536 869 585 solacia
926 534 1222 595 delectabat,
1278 535 1408 584 unde
1460 537 1567 585 sieri
1618 543 1807 601 potest,
1861 543 1918 585 ut

233 627 407 661 eorum
447 627 580 660 mors
621 611 801 660 nullam
841 609 983 659 nobis
1021 612 1213 674 ingerat
1251 607 1682 659 maestitudinem‘?
1760 609 1917 668 Quam

234 688 319 750 qui
358 684 611 750 prohibet,
650 684 922 750 prohibeat,
962 686 1003 732 si
1041 690 1219 749 potest,
1259 685 1411 732 amica
1452 683 1726 750 conloquia,
1764 685 1915 733 inter·

235 759 364 808 dicat
388 759 641 807 amicalem
665 758 740 806 vel
771 757 1032 807 intercidat
1063 758 1307 823 affectum,
1339 756 1663 807 humanarum
1697 759 1917 807 omnium

234 833 659 882 necessitudinum
713 831 905 881 vincula
955 832 1134 880 mentis
1181 832 1341 880 inmiti
1395 838 1596 896 stupore
1644 831 1917 896 disrumpat

149 916 203 956 10
238 914 323 956 aut
378 909 457 955 sic‘
504 908 576 955 eis
631 905 870 955 utendum
917 912 1137 971 censeat,
1192 912 1248 953 ut
1293 903 1425 953 nulla
1472 920 1530 953 ex
1578 906 1648 954 eis
1700 907 1916 954 animum

235 980 443 1029 dulcedo
476 979 754 1044 perfundat.
825 979 967 1036 Quod
999 981 1040 1027 si
1072 979 1179 1027 fieri
1212 979 1344 1028 nullo
1379 979 1522 1027 modo
1554 986 1731 1044 potest,
1771 980 1917 1028 etiam

234 1054 329 1103 hoc
381 1069 477 1118 quo
528 1060 671 1118 pacto
719 1053 942 1102 futurum
990 1060 1087 1118 est,
1139 1060 1194 1102 ut
1242 1054 1347 1101 eius
1394 1051 1536 1101 nobis
1583 1067 1745 1101 amara
1784 1067 1917 1102 mors

235 1143 335 1177 non
376 1130 460 1189 sit,
512 1129 654 1177 cuius
694 1127 851 1177 dulcis
892 1134 967 1176 est
1008 1124 1139 1175 vita‘?
1214 1125 1340 1175 Hinc
1380 1127 1510 1175 enim
1551 1134 1626 1176 est
1667 1133 1715 1176 et
1753 1126 1916 1176 luctus

237 1201 480 1265 quoddam
534 1217 634 1250 non
684 1201 939 1250 inhumani
989 1200 1152 1249 cordis
1205 1202 1346 1264 quasi
1397 1199 1573 1249 vulnus
1623 1207 1707 1250 aut
1755 1200 1914 1266 ulc11S‚

148 1286 203 1325 15
236 1277 316 1324 cui
349 1275 562 1324 sanando
597 1274 892 1324 adhibentur
923 1275 1170 1323 officiosae
1210 1273 1583 1323 consolationes,
1638 1273 1745 1322 Non
1786 1276 1918 1322 enim

235 1357 498 1414 propterea
537 1364 636 1397 non
668 1356 744 1397 est
784 1348 913 1412 quod
954 1354 1169 1414 sanetur,
1210 1349 1439 1411 quoniam
1480 1354 1661 1411 quanto
1702 1354 1778 1396 est
1817 1349 1917 1396 ani·

236 1438 346 1471 mus
385 1422 582 1488 melior,
621 1429 757 1471 tanto
797 1424 847 1470 in
888 1437 946 1470 eo
987 1423 1133 1470 citius
1173 1420 1462 1485 faciliusque
1503 1427 1716 1470 sanatur.
1795 1420 1918 1470 Cum

236 1498 386 1560 igitur
434 1498 580 1544 etiam
627 1496 687 1544 de
736 1497 1103 1544 carissimorum
1143 1493 1407 1560 mortibus,
1458 1496 1664 1543 maxime
1706 1509 1918 1558 quorum

237 1577 352 1618 sunt
407 1569 679 1631 humanae*
703 1571 926 1618 societati
981 1569 1141 1617 officia
1194 1569 1493 1634 necessaria,
1547 1583 1679 1617 nunc
1735 1570 1918 1634 mitiuS‚

144 1654 203 1694 20
237 1659 368 1692 nunc
420 1645 642 1708 asperius
670 1635 938 1708 'affligatur
988 1644 1083 1691 vita
1130 1641 1433 1692 mortalium:
1479 1649 1703 1691 mortuos
1753 1649 1917 1691 tamen

236 1733 336 1782 eOS,
376 1732 500 1781 quos
533 1716 795 1783 diligimus,
835 1732 982 1781 quam
1021 1716 1096 1765 vel
1135 1731 1160 1764 a
1201 1716 1294 1765 fide
1335 1715 1409 1764 vel
1449 1731 1475 1765 a
1513 1715 1657 1764 bonis
1696 1715 1918 1765 moribus

235 1791 413 1857 lapsoS‚
452 1791 545 1840 hoc
586 1798 660 1840 est
699 1793 751 1840 in
789 1793 896 1855 ipsa
936 1792 1096 1839 anima
1136 1797 1372 1856 mortuOS,
1411 1789 1582 1838 audire
1622 1805 1711 1839 seu
1750 1789 1917 1838 videre

236 1864 506 1914 mallemus
583 1864 688 1922 Qua
727 1866 914 1930 ingenti
954 1866 1157 1914 materia
1197 1863 1435 1912 malorum
1474 1863 1616 1928 plena
1658 1870 1733 1912 est
1773 1871 1918 1929 terra,

235 1945 440 2003 propter
487 1939 618 2002 quod
666 1940 905 2003 scriptum
954 1945 1051 1988 est:
1106 1939 1362 1999 Numquid
1404 1952 1504 1987 non
1553 1940 1806 2000 temptatio
1846 1943 1921 1986 est

145 2022 203 2062 25
237 2015 341 2061 vita
379 2014 602 2062 humana
641 2028 795 2075 super
834 2015 1055 2062 terram?
1106 2019 1156 2060 et
1194 2018 1399 2076 propter
1439 2011 1568 2075 quod
1609 2013 1715 2076 ipse
1754 2010 1918 2060 Domi-

236 2101 329 2134 nus
370 2087 458 2134 ait:
525 2086 625 2134 Vae
662 2088 848 2135 mundo
887 2087 951 2134 ab
990 2088 1274 2144 scandali-3,
1322 2091 1371 2134 et
1409 2086 1611 2134 iterum:
1673 2086 1918 2144 Quoniam

236 2160 529 2225 abundavit,
567 2161 745 2224 inquit,
783 2161 1038 2220 iniquitas,
1078 2158 1381 2220 refrz’qeseet
1410 2161 1605 2208 caritas
1636 2161 1917 2208 multorum.

236 2231 310 2279 Ex
349 2247 446 2295 quo
487 2233 562 2298 fit,
608 2237 664 2281 ut
704 2231 845 2281 bonis
885 2234 1054 2281 amicis
1092 2233 1302 2280 mortuis
1342 2231 1646 2295 gratulemur
1685 2238 1918 2295 et‚·cum

237 2320 371 2354 mors
419 2321 591 2354 eorum
638 2321 728 2354 nos
777 2307 1058 2375 contristet,
1105 2307 1211 2370 ipsa
1261 2319 1351 2353 nos
1391 2306 1577 2354 certius
1617 2303 1915 2370 consoletur,

143 2391 204 2430 30
238 2381 469 2443 quoniam
517 2385 785 2428 caruerunt
831 2378 991 2446 maliS‚
1038 2378 1218 2443 quibus
1257 2379 1307 2426 in
1346 2378 1436 2426 hac
1475 2379 1572 2427 vita
1613 2380 1758 2427 etiam
1798 2377 1916 2427 boni

235 2452 461 2501 homines
507 2452 582 2501 vel
629 2459 954 2502 conteruntur
1000 2453 1075 2501 vel
1121 2452 1449 2516 depravantur
1495 2451 1571 2500 vel
1610 2453 1660 2501 in
1701 2459 1912 2516 utroque

234 2525 591 2590 periclitantur.

355 2670 430 2724 25)
461 2668 543 2713 10b
577 2674 615 2724 7,
651 2674 690 2712 1.
753 2669 826 2725 26)
859 2668 942 2713 Mt.
977 2672 1046 2723 18,
1079 2673 1118 2712 7.
1180 2669 1251 2725 27)
1283 2667 1349 2712 Ib.
1382 2673 1453 2725 24,
1487 2673 1555 2713 12.

357 2864 382 2903 9
414 2860 589 2904 inmitis
620 2859 788 2904 mentis
819 2860 864 2904 A
887 2862 903 2918 u
929 2865 982 2904 16
1014 2860 1157 2918 quod]
1192 2860 1273 2915 qui
1304 2859 1348 2904 A
1371 2861 1386 2915 Η
1410 2863 1465 2904 25
1497 2859 1595 2916 ipse
1629 2872 1711 2904 om.
1732 2858 1790 2903 ,Α
