2004 3140
514 157 579 188 DE
604 154 844 188 CIVITATE
867 157 955 188 DEI
978 157 1021 189 L.
1045 157 1170 190 xxn.
1196 156 1233 190 o.
1258 158 1310 189 28.
1336 159 1390 190 29.
1686 146 1793 198 623

111 274 306 318 sumant
346 269 493 317 etiam
530 267 623 317 hoc
664 267 723 316 de
764 267 996 334 Varrone,
1036 275 1092 318 ut
1131 268 1189 317 ad
1232 269 1401 317 eadem
1441 284 1648 334 corpora
1687 270 1795 319 red-

111 349 238 409 eant,
287 344 338 391 in
379 341 559 406 quibus
603 348 743 390 antea
788 342 1010 408 fuerunt,
1052 350 1101 392 et
1140 342 1268 406 apud
1310 358 1394 391 eos
1434 349 1535 393 tota
1575 345 1795 407 quaestio

110 416 170 465 de
212 417 372 465 carnis
412 417 463 464 in
503 422 760 464 aeternum
799 418 1168 467 resurrectione
1212 415 1441 465 solvetur.

735 573 928 627 CAPUT
969 573 1162 626 XXIX.

110 683 186 730 De
217 684 462 742 qualitate
494 683 711 743 ve‘sz'one'S,
753 697 854 743 qua
894 684 944 730 in
980 681 1160 743 futuro
1200 685 1402 731 saeculo
1441 685 1607 732 sancti
1637 684 1797 732 Deum
1828 692 1854 732 5

827 757 1077 805 videbunt.

255 858 398 908 Nunc
444 860 540 908 iam
589 859 705 923 quid
753 860 912 909 acturi
960 860 1056 908 sint
1106 859 1155 906 in
1196 859 1489 923 corporibus
1528 860 1796 909 inmortali-

109 933 202 982 bus
257 939 403 997 atque
459 932 779 998 spiritalibus-
817 934 996 998 sancti,
1051 948 1150 981 non
1207 932 1365 982 adhuc
1421 949 1592 983 eorum
1649 949 1794 984 carne

109 1006 391 1074 carnaliter,
432 1006 517 1056 sed
559 1007 844 1072 spiritaliter
883 1009 979 1055 iam
1018 1009 1232 1073 vivente,
1282 1013 1521 1071 quantum
1560 1007 1797 1058 Dominus

109 1081 340 1146 dignatur
395 1080 624 1130 adiuvare
679 1081 944 1130 videamus
1035 1079 1098 1130 Et
1151 1079 1231 1129 illa
1285 1081 1484 1144 quidem
1540 1083 1666 1130 actio
1719 1082 1885 1131 vello

108 1157 272 1220 potius
328 1156 469 1219 quies
521 1162 667 1219 atque
715 1157 871 1204 otium
927 1154 1068 1219 quale
1125 1155 1348 1203 futurum
1397 1156 1482 1221 sit,
1536 1157 1578 1204 si
1625 1170 1795 1205 verum

108 1229 252 1278 velim
285 1228 465 1295 dicere,
505 1230 689 1278 nesci0.
765 1229 874 1278 Non
914 1230 1046 1277 enim
1084 1228 1178 1277 hoc
1219 1242 1454 1293 umquam·
1490 1244 1580 1294 per
1621 1244 1796 1278 sensus

109 1304 332 1368 corporis
378 1301 490 1351 vidi.
571 1302 622 1351 Si
674 1310 839 1352 autem
885 1309 1071 1368 mente,
1118 1302 1167 1350 id
1217 1308 1293 1351 est
1332 1302 1690 1369 intellegentia,
1730 1305 1795 1352 vi-

109 1377 239 1426 disse
287 1391 364 1425 me
412 1376 592 1443 dicam,
641 1383 877 1440 quantum
926 1383 1001 1426 est
1051 1382 1135 1425 aut
1175 1375 1292 1440 quid
1333 1383 1409 1426 est
1447 1384 1615 1426 nostra
1654 1376 1794 1426 intel-

107 1451 318 1517 legentia
365 1450 423 1499 ad
470 1450 602 1500 illam
659 1447 1036 1500 excellentiam?
1112 1449 1186 1499 Ibi
1234 1456 1310 1499 est
1356 1451 1487 1499 enim
1528 1466 1639 1512 pax
1686 1452 1795 1516 Dei,
1829 1458 1883 1498 15

109 1540 260 1587 quae,
316 1526 444 1574 sicut
491 1525 610 1574 dicit
660 1525 909 1590 apostolus
919 1565 933 1591 ,
979 1530 1190 1587 superat
1235 1539 1426 1574 omnem
1467 1527 1770 1574 intellectum
1776 1542 1798 1583 ;

110 1614 258 1664 quem
297 1600 392 1647 nisi
431 1604 680 1663 nostrum,
720 1605 804 1648 aut
843 1599 1051 1648 fortasse
1093 1599 1239 1647 etiam
1280 1605 1564 1647 sanctorum
1604 1598 1796 1663 angelo·

109 1669 258 1722 rum‘?
303 1687 403 1721 non
450 1674 580 1721 enim
629 1680 678 1721 et
717 1671 819 1722 Dei.
898 1672 950 1721 Si
999 1687 1116 1735 ergo
1158 1674 1314 1720 sancti
1353 1674 1404 1720 in
1443 1671 1532 1720 Dei
1569 1687 1690 1736 pace
1730 1674 1796 1720 vi-

111 1748 240 1796 cturi
273 1753 403 1812 sunt,
441 1746 664 1810 profecto
698 1747 749 1795 in
789 1761 845 1795 ea
883 1761 1002 1811 pace
1042 1747 1221 1794 victuri
1261 1752 1391 1811 sunt,
1431 1760 1555 1809 quae
1596 1742 1796 1810 superat

111 1836 306 1870 omnem
354 1819 674 1869 intellectum.
752 1820 992 1878 Quoniam
1045 1826 1271 1868 nostrum
1327 1819 1524 1883 quidem
1580 1825 1795 1885 superat,
1828 1827 1883 1867 20

110 1910 210 1943 non
248 1901 323 1943 est
363 1893 588 1960 dubium3
637 1895 679 1943 si
718 1900 882 1943 autem
922 1901 1123 1959 superat
1163 1899 1213 1942 et
1252 1892 1560 1958 angelorum,
1609 1899 1665 1941 ut
1703 1907 1795 1942 nec

109 1969 244 2033 ipsos
291 1969 544 2032 excepisse
592 1966 835 2034 videatur,
893 1970 978 2032 qui
1018 1969 1083 2017 ait
1123 1981 1315 2016 omnem
1355 1969 1682 2016 intellectum:
1722 1981 1796 2014 se-

111 2041 328 2091 cundum
374 2041 468 2090 hoc
515 2041 700 2090 dictum
749 2057 858 2090 esse
899 2041 1135 2091 debemus
1175 2042 1421 2107 accipere,
1474 2041 1585 2104 quia
1625 2054 1796 2104 pacem

111 2115 220 2181 Dei,
276 2130 372 2180 qua
410 2115 543 2164 Deus
589 2116 695 2180 ipse
740 2121 942 2180 pacatus
996 2122 1093 2179 est,
1149 2116 1278 2163 sicut
1318 2113 1448 2163 Deus
1488 2115 1645 2180 novit,
1695 2128 1794 2162 non

39 2221 47 2228 ·
111 2204 217 2238 eam
269 2204 360 2238 nos
411 2189 481 2238 sic
534 2203 798 2253 possumus
850 2205 994 2238 nosse
1046 2203 1137 2238 nec
1186 2187 1273 2237 ulli
1324 2187 1496 2252 angeli.
1575 2189 1798 2250 Superat
1827 2194 1883 2234 25

111 2265 277 2327 itaque
317 2277 508 2313 omnem
548 2265 872 2323 intellectum,
924 2278 1024 2312 non
1063 2261 1269 2312 dubium
1309 2262 1440 2326 quod
1478 2269 1676 2326 praeter
1715 2276 1794 2310 su-

112 2352 211 2385 um.
290 2336 387 2386 Sed
427 2338 540 2401 quia
579 2343 629 2385 et
668 2352 758 2385 nos
797 2352 888 2401 pro
929 2336 1072 2386 modo
1115 2342 1286 2384 nostro
1324 2336 1460 2400 pacis
1500 2337 1606 2384 eius
1645 2336 1793 2399 parti-

113 2412 248 2474 cipes
297 2411 410 2459 facti
459 2411 643 2458 scimus
694 2425 934 2459 summam
980 2413 1031 2459 in
1080 2408 1221 2459 nobis
1261 2415 1418 2472 atque
1447 2410 1578 2457 inter
1617 2423 1707 2456 nos
1748 2414 1796 2456 et

114 2499 226 2533 cum
280 2486 387 2549 ipso
441 2498 635 2549 pacem,
690 2490 925 2547 quantum
973 2490 1199 2532 nostrum
1248 2496 1493 2530 summum
1549 2488 1646 2530 est:
1700 2482 1794 2530 isto

114 2557 258 2606 modo
309 2573 399 2622 pro
453 2571 542 2605 suo
590 2556 734 2605 modo
782 2559 945 2606 sciunt
972 2571 1096 2615 ream
1146 2556 1302 2604 sancti
1342 2554 1521 2619 angeli3
1571 2554 1795 2603 homines
1828 2563 1884 2602 30

235 2670 306 2725 16)
338 2668 457 2716 Phil.
491 2674 533 2723 4,
568 2675 605 2715 τ.

235 2835 289 2876 16
323 2830 430 2875 aitv
454 2833 469 2886 ΙΙ
493 2835 547 2874 28
576 2830 744 2875 scimus
768 2830 933 2886 scripsi
955 2831 1029 2886 (cf,
1055 2833 1119 2875 25
1131 2846 1148 2883 ,·
1174 2831 1250 2886 30)
1261 2845 1278 2882 ,·
1311 2803 1466 2873 sumus
1483 2828 1553 2882 Β,-
1585 2841 1665 2872 om.
1686 2827 1757 2871 Av
1783 2829 1797 2876 ¹

116 2895 171 2933 29
205 2891 276 2934 est
306 2889 378 2943 R‚·
409 2891 492 2946 est,
525 2889 835 2934 obtinebimus
867 2891 939 2936 Av
