<?xml version="1.0" encoding="UTF-8"?>
<!DOCTYPE html PUBLIC "-//W3C//DTD XHTML 1.0 Transitional//EN"
    "http://www.w3.org/TR/xhtml1/DTD/xhtml1-transitional.dtd">
<html xmlns="http://www.w3.org/1999/xhtml" xml:lang="en" lang="en">
 <head>
  <title>
</title>
<meta http-equiv="Content-Type" content="text/html;charset=utf-8" />
  <meta name='ocr-system' content='tesseract 3.04.00' />
  <meta name='ocr-capabilities' content='ocr_page ocr_carea ocr_par ocr_line ocrx_word'/>
</head>
<body>
  <div class='ocr_page' id='page_1' title='image "./decivitatedeilib02auguuoft_0130.png"; bbox 0 0 2054 3152; ppageno 0'>
   <div class='ocr_carea' id='block_1_1' title="bbox 226 169 1233 222">
    <p class='ocr_par' dir='ltr' id='par_1_1' title="bbox 226 169 1233 222">
     <span class='ocr_line' id='line_1_1' title="bbox 226 169 1233 222; baseline -0.008 -2"><span class='ocrx_word' id='word_1_1' title='bbox 226 169 329 222; x_wconf 82' lang='lat'>126</span> <span class='ocrx_word' id='word_1_2' title='bbox 901 179 936 212; x_wconf 86' lang='lat' dir='ltr'>S.</span> <span class='ocrx_word' id='word_1_3' title='bbox 960 178 1233 214; x_wconf 70' lang='lat' dir='ltr'>Auens&#39;rnu</span> 
     </span>
    </p>
   </div>
   <div class='ocr_carea' id='block_1_2' title="bbox 126 292 1911 2710">
    <p class='ocr_par' dir='ltr' id='par_1_2' title="bbox 126 292 1911 2710">
     <span class='ocr_line' id='line_1_2' title="bbox 223 292 1911 351; baseline 0 -8"><span class='ocrx_word' id='word_1_4' title='bbox 223 296 310 343; x_wconf 75' lang='lat' dir='ltr'>illa</span> <span class='ocrx_word' id='word_1_5' title='bbox 350 295 475 343; x_wconf 77' lang='lat' dir='ltr'>exiit</span> <span class='ocrx_word' id='word_1_6' title='bbox 513 292 674 341; x_wconf 81' lang='lat' dir='ltr'>Assur</span> <span class='ocrx_word' id='word_1_7' title='bbox 724 297 773 341; x_wconf 82' lang='lat' dir='ltr'>et</span> <span class='ocrx_word' id='word_1_8' title='bbox 811 294 1106 351; x_wconf 73' lang='lat' dir='ltr'>aedificavit</span> <span class='ocrx_word' id='word_1_9' title='bbox 1142 293 1367 342; x_wconf 79' lang='lat' dir='ltr'><em>Nineven</em></span> <span class='ocrx_word' id='word_1_10' title='bbox 1408 298 1457 342; x_wconf 84' lang='lat' dir='ltr'>et</span> <span class='ocrx_word' id='word_1_11' title='bbox 1494 293 1692 342; x_wconf 81' lang='lat' dir='ltr'>Roboth</span> <span class='ocrx_word' id='word_1_12' title='bbox 1732 295 1911 343; x_wconf 79' lang='lat' dir='ltr'>eivita-</span> 
     </span>
     <span class='ocr_line' id='line_1_3' title="bbox 222 366 1910 417; baseline 0.001 -2"><span class='ocrx_word' id='word_1_13' title='bbox 222 374 318 417; x_wconf 85' lang='lat' dir='ltr'>tem</span> <span class='ocrx_word' id='word_1_14' title='bbox 358 373 406 416; x_wconf 82' lang='lat' dir='ltr'>et</span> <span class='ocrx_word' id='word_1_15' title='bbox 442 367 667 415; x_wconf 75' lang='lat' dir='ltr'>Chalaclz</span> <span class='ocrx_word' id='word_1_16' title='bbox 692 372 741 415; x_wconf 82' lang='lat' dir='ltr'>et</span> <span class='ocrx_word' id='word_1_17' title='bbox 770 366 954 415; x_wconf 84' lang='lat' dir='ltr'>Dasem</span> <span class='ocrx_word' id='word_1_18' title='bbox 995 369 1128 416; x_wconf 78' lang='lat' dir='ltr'>inter</span> <span class='ocrx_word' id='word_1_19' title='bbox 1165 369 1383 416; x_wconf 78' lang='lat' dir='ltr'>medium</span> <span class='ocrx_word' id='word_1_20' title='bbox 1423 367 1647 416; x_wconf 75' lang='lat' dir='ltr'>Ninevae</span> <span class='ocrx_word' id='word_1_21' title='bbox 1687 373 1736 416; x_wconf 85' lang='lat' dir='ltr'>et</span> <span class='ocrx_word' id='word_1_22' title='bbox 1780 369 1910 417; x_wconf 82' lang='lat' dir='ltr'><em>Cha-</em></span> 
     </span>
     <span class='ocr_line' id='line_1_4' title="bbox 221 439 1907 506; baseline 0 -16"><span class='ocrx_word' id='word_1_23' title='bbox 221 442 361 490; x_wconf 77' lang='lat' dir='ltr'><em>Zach:</em></span> <span class='ocrx_word' id='word_1_24' title='bbox 399 442 528 489; x_wconf 81' lang='lat' dir='ltr'>haec</span> <span class='ocrx_word' id='word_1_25' title='bbox 560 442 740 489; x_wconf 76' lang='lat' dir='ltr'>civitas</span> <span class='ocrx_word' id='word_1_26' title='bbox 778 454 979 500; x_wconf 61' lang='lat' dir='ltr'>maana.</span> <span class='ocrx_word' id='word_1_27' title='bbox 1056 439 1154 489; x_wconf 88' lang='lat' dir='ltr'>Iste</span> <span class='ocrx_word' id='word_1_28' title='bbox 1193 455 1343 505; x_wconf 90' lang='lat' dir='ltr'>porro</span> <span class='ocrx_word' id='word_1_29' title='bbox 1376 439 1524 506; x_wconf 84' lang='lat' dir='ltr'>Chus,</span> <span class='ocrx_word' id='word_1_30' title='bbox 1562 446 1702 504; x_wconf 90' lang='lat' dir='ltr'>pater</span> <span class='ocrx_word' id='word_1_31' title='bbox 1741 442 1907 506; x_wconf 87' lang='lat' dir='ltr'>gigan·</span> 
     </span>
     <span class='ocr_line' id='line_1_5' title="bbox 221 512 1906 579; baseline -0.001 -15.023"><span class='ocrx_word' id='word_1_32' title='bbox 221 516 284 562; x_wconf 88' lang='lat' dir='ltr'>tis</span> <span class='ocrx_word' id='word_1_33' title='bbox 323 512 568 578; x_wconf 89' lang='lat' dir='ltr'>Nebroth,</span> <span class='ocrx_word' id='word_1_34' title='bbox 613 514 805 577; x_wconf 89' lang='lat' dir='ltr'>primus</span> <span class='ocrx_word' id='word_1_35' title='bbox 851 515 1131 563; x_wconf 90' lang='lat' dir='ltr'>nominatus</span> <span class='ocrx_word' id='word_1_36' title='bbox 1184 520 1259 563; x_wconf 88' lang='lat' dir='ltr'>est</span> <span class='ocrx_word' id='word_1_37' title='bbox 1296 515 1347 562; x_wconf 93' lang='lat' dir='ltr'>in</span> <span class='ocrx_word' id='word_1_38' title='bbox 1387 513 1498 562; x_wconf 87' lang='lat' dir='ltr'>filiis</span> <span class='ocrx_word' id='word_1_39' title='bbox 1539 513 1715 579; x_wconf 90' lang='lat' dir='ltr'>Cham,</span> <span class='ocrx_word' id='word_1_40' title='bbox 1763 517 1906 564; x_wconf 90' lang='lat' dir='ltr'>cuius</span> 
     </span>
     <span class='ocr_line' id='line_1_6' title="bbox 162 586 1901 652; baseline 0 -15"><span class='ocrx_word' id='word_1_41' title='bbox 162 598 187 638; x_wconf 89' lang='lat'>5</span> <span class='ocrx_word' id='word_1_42' title='bbox 221 589 439 651; x_wconf 88' lang='lat' dir='ltr'>quinque</span> <span class='ocrx_word' id='word_1_43' title='bbox 478 586 566 636; x_wconf 86' lang='lat' dir='ltr'>filii</span> <span class='ocrx_word' id='word_1_44' title='bbox 603 588 698 635; x_wconf 89' lang='lat' dir='ltr'>iam</span> <span class='ocrx_word' id='word_1_45' title='bbox 738 587 935 636; x_wconf 86' lang='lat' dir='ltr'>fuerant</span> <span class='ocrx_word' id='word_1_46' title='bbox 973 589 1242 652; x_wconf 88' lang='lat' dir='ltr'>computati</span> <span class='ocrx_word' id='word_1_47' title='bbox 1281 594 1330 637; x_wconf 91' lang='lat' dir='ltr'>et</span> <span class='ocrx_word' id='word_1_48' title='bbox 1367 594 1574 652; x_wconf 86' lang='lat' dir='ltr'>nepotes</span> <span class='ocrx_word' id='word_1_49' title='bbox 1613 587 1724 637; x_wconf 91' lang='lat' dir='ltr'>duo.</span> <span class='ocrx_word' id='word_1_50' title='bbox 1804 587 1901 637; x_wconf 86' lang='lat' dir='ltr'>Sed</span> 
     </span>
     <span class='ocr_line' id='line_1_7' title="bbox 218 661 1908 728; baseline 0.001 -19"><span class='ocrx_word' id='word_1_51' title='bbox 218 663 370 710; x_wconf 90' lang='lat' dir='ltr'>istum</span> <span class='ocrx_word' id='word_1_52' title='bbox 417 661 663 725; x_wconf 83' lang='lat' dir='ltr'>gigantem</span> <span class='ocrx_word' id='word_1_53' title='bbox 710 667 794 709; x_wconf 89' lang='lat' dir='ltr'>aut</span> <span class='ocrx_word' id='word_1_54' title='bbox 831 667 945 725; x_wconf 91' lang='lat' dir='ltr'>post</span> <span class='ocrx_word' id='word_1_55' title='bbox 983 667 1190 725; x_wconf 81' lang='lat' dir='ltr'><strong>nepotes</strong></span> <span class='ocrx_word' id='word_1_56' title='bbox 1230 676 1345 710; x_wconf 89' lang='lat' dir='ltr'>suos</span> <span class='ocrx_word' id='word_1_57' title='bbox 1386 668 1526 710; x_wconf 88' lang='lat' dir='ltr'>natos</span> <span class='ocrx_word' id='word_1_58' title='bbox 1565 663 1758 728; x_wconf 85' lang='lat' dir='ltr'>genuit,</span> <span class='ocrx_word' id='word_1_59' title='bbox 1808 670 1908 728; x_wconf 88' lang='lat' dir='ltr'>aut,</span> 
     </span>
     <span class='ocr_line' id='line_1_8' title="bbox 222 733 1907 800; baseline 0.001 -18"><span class='ocrx_word' id='word_1_60' title='bbox 222 734 352 798; x_wconf 85' lang='lat' dir='ltr'>quod</span> <span class='ocrx_word' id='word_1_61' title='bbox 385 741 460 783; x_wconf 90' lang='lat' dir='ltr'>est</span> <span class='ocrx_word' id='word_1_62' title='bbox 492 733 792 800; x_wconf 83' lang='lat' dir='ltr'>credibiliuS,</span> <span class='ocrx_word' id='word_1_63' title='bbox 832 749 1056 783; x_wconf 88' lang='lat' dir='ltr'>seorsum</span> <span class='ocrx_word' id='word_1_64' title='bbox 1090 734 1150 783; x_wconf 92' lang='lat' dir='ltr'>de</span> <span class='ocrx_word' id='word_1_65' title='bbox 1182 734 1265 783; x_wconf 93' lang='lat' dir='ltr'>illo</span> <span class='ocrx_word' id='word_1_66' title='bbox 1296 741 1501 799; x_wconf 88' lang='lat' dir='ltr'>propter</span> <span class='ocrx_word' id='word_1_67' title='bbox 1541 736 1648 784; x_wconf 92' lang='lat' dir='ltr'>eius</span> <span class='ocrx_word' id='word_1_68' title='bbox 1689 737 1907 784; x_wconf 89' lang='lat' dir='ltr'>eminen-</span> 
     </span>
     <span class='ocr_line' id='line_1_9' title="bbox 220 807 1907 873; baseline 0.001 -17"><span class='ocrx_word' id='word_1_69' title='bbox 220 810 337 856; x_wconf 82' lang='lat' dir='ltr'><strong>tiam</strong></span> <span class='ocrx_word' id='word_1_70' title='bbox 370 809 614 872; x_wconf 87' lang='lat' dir='ltr'>scriptura</span> <span class='ocrx_word' id='word_1_71' title='bbox 646 807 810 856; x_wconf 88' lang='lat' dir='ltr'>locuta</span> <span class='ocrx_word' id='word_1_72' title='bbox 849 815 946 873; x_wconf 83' lang='lat' dir='ltr'>est3</span> <span class='ocrx_word' id='word_1_73' title='bbox 986 807 1182 872; x_wconf 83' lang='lat' dir='ltr'>quando</span> <span class='ocrx_word' id='word_1_74' title='bbox 1223 808 1428 871; x_wconf 18' lang='lat' dir='ltr'>quidemr</span> <span class='ocrx_word' id='word_1_75' title='bbox 1462 815 1512 857; x_wconf 91' lang='lat' dir='ltr'>et</span> <span class='ocrx_word' id='word_1_76' title='bbox 1549 823 1760 872; x_wconf 85' lang='lat' dir='ltr'>regnum</span> <span class='ocrx_word' id='word_1_77' title='bbox 1799 811 1907 858; x_wconf 93' lang='lat' dir='ltr'>eius</span> 
     </span>
     <span class='ocr_line' id='line_1_10' title="bbox 221 881 1907 947; baseline 0.001 -18"><span class='ocrx_word' id='word_1_78' title='bbox 221 887 658 930; x_wconf 89' lang='lat' dir='ltr'>commemoratum</span> <span class='ocrx_word' id='word_1_79' title='bbox 710 888 811 947; x_wconf 92' lang='lat' dir='ltr'>est,</span> <span class='ocrx_word' id='word_1_80' title='bbox 865 884 1008 931; x_wconf 89' lang='lat' dir='ltr'>cuius</span> <span class='ocrx_word' id='word_1_81' title='bbox 1065 883 1262 930; x_wconf 89' lang='lat' dir='ltr'>initium</span> <span class='ocrx_word' id='word_1_82' title='bbox 1313 888 1418 930; x_wconf 90' lang='lat' dir='ltr'>erat</span> <span class='ocrx_word' id='word_1_83' title='bbox 1474 881 1555 930; x_wconf 90' lang='lat' dir='ltr'>illa</span> <span class='ocrx_word' id='word_1_84' title='bbox 1605 881 1907 931; x_wconf 88' lang='lat' dir='ltr'>nobilissima</span> 
     </span>
     <span class='ocr_line' id='line_1_11' title="bbox 133 953 1908 1019; baseline -0.001 -13"><span class='ocrx_word' id='word_1_85' title='bbox 133 966 186 1006; x_wconf 91' lang='lat'>10</span> <span class='ocrx_word' id='word_1_86' title='bbox 220 953 435 1019; x_wconf 78' lang='lat' dir='ltr'>Babylon</span> <span class='ocrx_word' id='word_1_87' title='bbox 474 957 682 1019; x_wconf 48' lang='grc'><strong>«51171135,</strong></span> <span class='ocrx_word' id='word_1_88' title='bbox 733 961 782 1003; x_wconf 92' lang='lat' dir='ltr'>et</span> <span class='ocrx_word' id='word_1_89' title='bbox 830 970 952 1019; x_wconf 87' lang='lat' dir='ltr'>quae</span> <span class='ocrx_word' id='word_1_90' title='bbox 1004 957 1140 1003; x_wconf 84' lang='lat' dir='ltr'>iuxta</span> <span class='ocrx_word' id='word_1_91' title='bbox 1187 962 1596 1004; x_wconf 79' lang='lat' dir='ltr'>commemoratae</span> <span class='ocrx_word' id='word_1_92' title='bbox 1645 962 1760 1005; x_wconf 90' lang='lat' dir='ltr'>sunt</span> <span class='ocrx_word' id='word_1_93' title='bbox 1807 958 1908 1005; x_wconf 88' lang='lat' dir='ltr'>sive</span> 
     </span>
     <span class='ocr_line' id='line_1_12' title="bbox 221 1028 1907 1092; baseline 0.002 -16"><span class='ocrx_word' id='word_1_94' title='bbox 221 1030 443 1077; x_wconf 87' lang='lat' dir='ltr'>civitates</span> <span class='ocrx_word' id='word_1_95' title='bbox 492 1030 592 1076; x_wconf 86' lang='lat' dir='ltr'>sive</span> <span class='ocrx_word' id='word_1_96' title='bbox 640 1029 883 1092; x_wconf 77' lang='lat' dir='ltr'>regiones,</span> <span class='ocrx_word' id='word_1_97' title='bbox 962 1028 1103 1086; x_wconf 86' lang='lat' dir='ltr'>Quod</span> <span class='ocrx_word' id='word_1_98' title='bbox 1151 1044 1267 1078; x_wconf 89' lang='lat' dir='ltr'>vero</span> <span class='ocrx_word' id='word_1_99' title='bbox 1315 1028 1503 1078; x_wconf 87' lang='lat' dir='ltr'>dictum</span> <span class='ocrx_word' id='word_1_100' title='bbox 1550 1035 1626 1078; x_wconf 89' lang='lat' dir='ltr'>est</span> <span class='ocrx_word' id='word_1_101' title='bbox 1673 1028 1733 1078; x_wconf 91' lang='lat' dir='ltr'>de</span> <span class='ocrx_word' id='word_1_102' title='bbox 1773 1036 1907 1079; x_wconf 90' lang='lat' dir='ltr'>terra</span> 
     </span>
     <span class='ocr_line' id='line_1_13' title="bbox 219 1101 1908 1168; baseline 0.001 -18"><span class='ocrx_word' id='word_1_103' title='bbox 219 1101 314 1166; x_wconf 91' lang='lat' dir='ltr'>illa,</span> <span class='ocrx_word' id='word_1_104' title='bbox 353 1102 401 1150; x_wconf 86' lang='lat' dir='ltr'>id</span> <span class='ocrx_word' id='word_1_105' title='bbox 442 1109 518 1150; x_wconf 89' lang='lat' dir='ltr'>est</span> <span class='ocrx_word' id='word_1_106' title='bbox 557 1101 617 1150; x_wconf 89' lang='lat' dir='ltr'>de</span> <span class='ocrx_word' id='word_1_107' title='bbox 658 1107 791 1150; x_wconf 86' lang='lat' dir='ltr'>terra</span> <span class='ocrx_word' id='word_1_108' title='bbox 832 1101 1074 1168; x_wconf 88' lang='lat' dir='ltr'>Sennaar,</span> <span class='ocrx_word' id='word_1_109' title='bbox 1116 1118 1240 1167; x_wconf 89' lang='lat' dir='ltr'>quae</span> <span class='ocrx_word' id='word_1_110' title='bbox 1279 1102 1560 1167; x_wconf 82' lang='lat' dir='ltr'>pertinebat</span> <span class='ocrx_word' id='word_1_111' title='bbox 1599 1101 1658 1151; x_wconf 88' lang='lat' dir='ltr'>ad</span> <span class='ocrx_word' id='word_1_112' title='bbox 1698 1118 1908 1168; x_wconf 86' lang='lat' dir='ltr'>regnum</span> 
     </span>
     <span class='ocr_line' id='line_1_14' title="bbox 218 1174 1908 1241; baseline 0.002 -18"><span class='ocrx_word' id='word_1_113' title='bbox 218 1174 456 1241; x_wconf 88' lang='lat' dir='ltr'>Nebroth,</span> <span class='ocrx_word' id='word_1_114' title='bbox 496 1177 656 1224; x_wconf 83' lang='lat' dir='ltr'>exisse</span> <span class='ocrx_word' id='word_1_115' title='bbox 689 1175 845 1224; x_wconf 88' lang='lat' dir='ltr'>Assur</span> <span class='ocrx_word' id='word_1_116' title='bbox 878 1182 927 1225; x_wconf 89' lang='lat' dir='ltr'>et</span> <span class='ocrx_word' id='word_1_117' title='bbox 958 1176 1240 1225; x_wconf 86' lang='lat' dir='ltr'>aedificasse</span> <span class='ocrx_word' id='word_1_118' title='bbox 1279 1175 1500 1225; x_wconf 90' lang='lat' dir='ltr'>Nineven</span> <span class='ocrx_word' id='word_1_119' title='bbox 1541 1183 1590 1226; x_wconf 88' lang='lat' dir='ltr'>et</span> <span class='ocrx_word' id='word_1_120' title='bbox 1629 1175 1746 1226; x_wconf 92' lang='lat' dir='ltr'>alias</span> <span class='ocrx_word' id='word_1_121' title='bbox 1786 1192 1908 1241; x_wconf 89' lang='lat' dir='ltr'>quas</span> 
     </span>
     <span class='ocr_line' id='line_1_15' title="bbox 220 1248 1907 1316; baseline 0.001 -19"><span class='ocrx_word' id='word_1_122' title='bbox 220 1251 474 1298; x_wconf 85' lang='lat' dir='ltr'>contexuit</span> <span class='ocrx_word' id='word_1_123' title='bbox 514 1250 761 1314; x_wconf 80' lang='lat' dir='ltr'>civitateS,</span> <span class='ocrx_word' id='word_1_124' title='bbox 800 1248 945 1313; x_wconf 88' lang='lat' dir='ltr'>longe</span> <span class='ocrx_word' id='word_1_125' title='bbox 984 1256 1154 1314; x_wconf 87' lang='lat' dir='ltr'>postea</span> <span class='ocrx_word' id='word_1_126' title='bbox 1194 1250 1377 1299; x_wconf 82' lang='lat' dir='ltr'>sactum</span> <span class='ocrx_word' id='word_1_127' title='bbox 1417 1256 1506 1316; x_wconf 87' lang='lat' dir='ltr'>est,</span> <span class='ocrx_word' id='word_1_128' title='bbox 1547 1250 1677 1314; x_wconf 88' lang='lat' dir='ltr'>quod</span> <span class='ocrx_word' id='word_1_129' title='bbox 1719 1265 1778 1299; x_wconf 84' lang='lat' dir='ltr'>ex</span> <span class='ocrx_word' id='word_1_130' title='bbox 1818 1250 1907 1300; x_wconf 89' lang='lat' dir='ltr'>hac</span> 
     </span>
     <span class='ocr_line' id='line_1_16' title="bbox 132 1322 1907 1390; baseline 0.001 -18"><span class='ocrx_word' id='word_1_131' title='bbox 132 1333 185 1373; x_wconf 83' lang='lat'>15</span> <span class='ocrx_word' id='word_1_132' title='bbox 219 1324 477 1371; x_wconf 82' lang='lat' dir='ltr'>occasione</span> <span class='ocrx_word' id='word_1_133' title='bbox 509 1324 801 1386; x_wconf 84' lang='lat' dir='ltr'>perstrinxit</span> <span class='ocrx_word' id='word_1_134' title='bbox 831 1329 1036 1387; x_wconf 89' lang='lat' dir='ltr'>propter</span> <span class='ocrx_word' id='word_1_135' title='bbox 1068 1322 1374 1372; x_wconf 87' lang='lat' dir='ltr'>nobilitatem</span> <span class='ocrx_word' id='word_1_136' title='bbox 1406 1325 1547 1388; x_wconf 84' lang='lat' dir='ltr'>regni</span> <span class='ocrx_word' id='word_1_137' title='bbox 1578 1323 1907 1390; x_wconf 84' lang='lat' dir='ltr'>Assyriorum,</span> 
     </span>
     <span class='ocr_line' id='line_1_17' title="bbox 219 1395 1906 1463; baseline 0.002 -19"><span class='ocrx_word' id='word_1_138' title='bbox 219 1396 350 1460; x_wconf 90' lang='lat' dir='ltr'>quod</span> <span class='ocrx_word' id='word_1_139' title='bbox 391 1395 683 1445; x_wconf 89' lang='lat' dir='ltr'>mirabiliter</span> <span class='ocrx_word' id='word_1_140' title='bbox 716 1395 932 1445; x_wconf 89' lang='lat' dir='ltr'>dilatavit</span> <span class='ocrx_word' id='word_1_141' title='bbox 964 1395 1136 1462; x_wconf 79' lang='lat' dir='ltr'>NinuS,</span> <span class='ocrx_word' id='word_1_142' title='bbox 1174 1395 1278 1445; x_wconf 90' lang='lat' dir='ltr'>Beli</span> <span class='ocrx_word' id='word_1_143' title='bbox 1318 1396 1464 1463; x_wconf 85' lang='lat' dir='ltr'>filius,</span> <span class='ocrx_word' id='word_1_144' title='bbox 1504 1397 1728 1446; x_wconf 88' lang='lat' dir='ltr'>conditor</span> <span class='ocrx_word' id='word_1_145' title='bbox 1759 1397 1906 1447; x_wconf 91' lang='lat' dir='ltr'>Nine-</span> 
     </span>
     <span class='ocr_line' id='line_1_18' title="bbox 218 1470 1906 1534; baseline 0.002 -18"><span class='ocrx_word' id='word_1_146' title='bbox 218 1484 303 1518; x_wconf 86' lang='lat' dir='ltr'>vae</span> <span class='ocrx_word' id='word_1_147' title='bbox 330 1471 540 1518; x_wconf 89' lang='lat' dir='ltr'>civitatis</span> <span class='ocrx_word' id='word_1_148' title='bbox 565 1484 791 1534; x_wconf 84' lang='lat' dir='ltr'>magnae3</span> <span class='ocrx_word' id='word_1_149' title='bbox 823 1471 966 1518; x_wconf 87' lang='lat' dir='ltr'>cuius</span> <span class='ocrx_word' id='word_1_150' title='bbox 998 1471 1208 1519; x_wconf 89' lang='lat' dir='ltr'>civitatis</span> <span class='ocrx_word' id='word_1_151' title='bbox 1240 1485 1419 1519; x_wconf 92' lang='lat' dir='ltr'>nomen</span> <span class='ocrx_word' id='word_1_152' title='bbox 1453 1486 1514 1519; x_wconf 83' lang='lat' dir='ltr'>ex</span> <span class='ocrx_word' id='word_1_153' title='bbox 1545 1470 1676 1520; x_wconf 89' lang='lat' dir='ltr'>illius</span> <span class='ocrx_word' id='word_1_154' title='bbox 1708 1473 1906 1521; x_wconf 91' lang='lat' dir='ltr'>nomine</span> 
     </span>
     <span class='ocr_line' id='line_1_19' title="bbox 218 1542 1907 1612; baseline 0.002 -21"><span class='ocrx_word' id='word_1_155' title='bbox 218 1543 493 1592; x_wconf 85' lang='lat' dir='ltr'>derivatum</span> <span class='ocrx_word' id='word_1_156' title='bbox 534 1549 624 1609; x_wconf 90' lang='lat' dir='ltr'>est,</span> <span class='ocrx_word' id='word_1_157' title='bbox 664 1551 720 1592; x_wconf 92' lang='lat' dir='ltr'>ut</span> <span class='ocrx_word' id='word_1_158' title='bbox 752 1558 778 1591; x_wconf 87' lang='lat' dir='ltr'>a</span> <span class='ocrx_word' id='word_1_159' title='bbox 809 1542 935 1592; x_wconf 91' lang='lat' dir='ltr'>Nino</span> <span class='ocrx_word' id='word_1_160' title='bbox 967 1543 1156 1593; x_wconf 90' lang='lat' dir='ltr'>Nineve</span> <span class='ocrx_word' id='word_1_161' title='bbox 1194 1551 1469 1594; x_wconf 88' lang='lat' dir='ltr'>vocaretur.</span> <span class='ocrx_word' id='word_1_162' title='bbox 1531 1544 1686 1594; x_wconf 87' lang='lat' dir='ltr'>Assur</span> <span class='ocrx_word' id='word_1_163' title='bbox 1726 1551 1907 1612; x_wconf 86' lang='lat' dir='ltr'>autem,</span> 
     </span>
     <span class='ocr_line' id='line_1_20' title="bbox 218 1615 1903 1685; baseline 0.002 -20"><span class='ocrx_word' id='word_1_164' title='bbox 218 1615 349 1665; x_wconf 87' lang='lat' dir='ltr'>unde</span> <span class='ocrx_word' id='word_1_165' title='bbox 388 1616 589 1683; x_wconf 84' lang='lat' dir='ltr'>Assyrii,</span> <span class='ocrx_word' id='word_1_166' title='bbox 628 1631 727 1665; x_wconf 92' lang='lat' dir='ltr'>non</span> <span class='ocrx_word' id='word_1_167' title='bbox 767 1617 860 1666; x_wconf 87' lang='lat' dir='ltr'>fuit</span> <span class='ocrx_word' id='word_1_168' title='bbox 898 1619 948 1665; x_wconf 90' lang='lat' dir='ltr'>in</span> <span class='ocrx_word' id='word_1_169' title='bbox 988 1616 1099 1666; x_wconf 86' lang='lat' dir='ltr'>filiis</span> <span class='ocrx_word' id='word_1_170' title='bbox 1141 1615 1308 1684; x_wconf 87' lang='lat' dir='ltr'>Cham,</span> <span class='ocrx_word' id='word_1_171' title='bbox 1346 1617 1495 1668; x_wconf 90' lang='lat' dir='ltr'>medii</span> <span class='ocrx_word' id='word_1_172' title='bbox 1535 1617 1620 1666; x_wconf 89' lang='grc'><strong>11111</strong></span> <span class='ocrx_word' id='word_1_173' title='bbox 1658 1617 1778 1685; x_wconf 89' lang='lat' dir='ltr'>Noe,</span> <span class='ocrx_word' id='word_1_174' title='bbox 1818 1619 1903 1668; x_wconf 91' lang='lat' dir='ltr'>sed</span> 
     </span>
     <span class='ocr_line' id='line_1_21' title="bbox 129 1689 1905 1757; baseline 0.001 -17"><span class='ocrx_word' id='word_1_175' title='bbox 129 1702 184 1741; x_wconf 77' lang='lat'>20</span> <span class='ocrx_word' id='word_1_176' title='bbox 216 1692 267 1739; x_wconf 92' lang='lat' dir='ltr'>in</span> <span class='ocrx_word' id='word_1_177' title='bbox 299 1689 411 1738; x_wconf 90' lang='lat' dir='ltr'>filiis</span> <span class='ocrx_word' id='word_1_178' title='bbox 445 1689 562 1739; x_wconf 87' lang='lat' dir='ltr'>Sem</span> <span class='ocrx_word' id='word_1_179' title='bbox 592 1692 857 1757; x_wconf 91' lang='lat' dir='ltr'>reperitur,</span> <span class='ocrx_word' id='word_1_180' title='bbox 897 1692 982 1755; x_wconf 92' lang='lat' dir='ltr'>qui</span> <span class='ocrx_word' id='word_1_181' title='bbox 1014 1691 1108 1740; x_wconf 86' lang='lat' dir='ltr'>fuit</span> <span class='ocrx_word' id='word_1_182' title='bbox 1137 1690 1240 1740; x_wconf 91' lang='lat' dir='ltr'>Noe</span> <span class='ocrx_word' id='word_1_183' title='bbox 1281 1693 1521 1741; x_wconf 87' lang='lat' dir='ltr'>maximus</span> <span class='ocrx_word' id='word_1_184' title='bbox 1560 1690 1703 1741; x_wconf 88' lang='lat' dir='ltr'>filius.</span> <span class='ocrx_word' id='word_1_185' title='bbox 1765 1690 1905 1742; x_wconf 89' lang='lat' dir='ltr'>Unde</span> 
     </span>
     <span class='ocr_line' id='line_1_22' title="bbox 217 1763 1906 1831; baseline 0.002 -20"><span class='ocrx_word' id='word_1_186' title='bbox 217 1770 419 1829; x_wconf 90' lang='lat' dir='ltr'>apparet</span> <span class='ocrx_word' id='word_1_187' title='bbox 475 1763 535 1812; x_wconf 88' lang='lat' dir='ltr'>de</span> <span class='ocrx_word' id='word_1_188' title='bbox 587 1765 822 1828; x_wconf 85' lang='lat' dir='ltr'>progenie</span> <span class='ocrx_word' id='word_1_189' title='bbox 865 1763 980 1813; x_wconf 91' lang='lat' dir='ltr'>Sem</span> <span class='ocrx_word' id='word_1_190' title='bbox 1035 1770 1232 1814; x_wconf 87' lang='lat' dir='ltr'>exortos</span> <span class='ocrx_word' id='word_1_191' title='bbox 1273 1765 1450 1831; x_wconf 87' lang='lat' dir='ltr'>fuisse,</span> <span class='ocrx_word' id='word_1_192' title='bbox 1498 1767 1583 1830; x_wconf 93' lang='lat' dir='ltr'>qui</span> <span class='ocrx_word' id='word_1_193' title='bbox 1621 1771 1792 1830; x_wconf 88' lang='lat' dir='ltr'>postea</span> <span class='ocrx_word' id='word_1_194' title='bbox 1830 1781 1906 1815; x_wconf 86' lang='lat' dir='ltr'>re-</span> 
     </span>
     <span class='ocr_line' id='line_1_23' title="bbox 215 1836 1902 1904; baseline 0.001 -18"><span class='ocrx_word' id='word_1_195' title='bbox 215 1853 370 1902; x_wconf 85' lang='lat' dir='ltr'>gnum</span> <span class='ocrx_word' id='word_1_196' title='bbox 408 1839 618 1902; x_wconf 87' lang='lat' dir='ltr'>gigantis</span> <span class='ocrx_word' id='word_1_197' title='bbox 650 1837 781 1887; x_wconf 92' lang='lat' dir='ltr'>illius</span> <span class='ocrx_word' id='word_1_198' title='bbox 814 1836 1098 1887; x_wconf 90' lang='lat' dir='ltr'>obtinerent</span> <span class='ocrx_word' id='word_1_199' title='bbox 1140 1845 1189 1888; x_wconf 91' lang='lat' dir='ltr'>et</span> <span class='ocrx_word' id='word_1_200' title='bbox 1234 1839 1348 1888; x_wconf 92' lang='lat' dir='ltr'>inde</span> <span class='ocrx_word' id='word_1_201' title='bbox 1387 1839 1721 1904; x_wconf 75' lang='lat' dir='ltr'>procederent</span> <span class='ocrx_word' id='word_1_202' title='bbox 1755 1845 1902 1904; x_wconf 84' lang='lat' dir='ltr'>atque</span> 
     </span>
     <span class='ocr_line' id='line_1_24' title="bbox 215 1911 1903 1978; baseline 0.001 -18"><span class='ocrx_word' id='word_1_203' title='bbox 215 1911 332 1960; x_wconf 86' lang='lat' dir='ltr'>alias</span> <span class='ocrx_word' id='word_1_204' title='bbox 366 1911 639 1961; x_wconf 86' lang='lat' dir='ltr'>conderent</span> <span class='ocrx_word' id='word_1_205' title='bbox 671 1913 909 1978; x_wconf 82' lang='lat' dir='ltr'>civitateS,</span> <span class='ocrx_word' id='word_1_206' title='bbox 949 1927 1158 1976; x_wconf 89' lang='lat' dir='ltr'>quarum</span> <span class='ocrx_word' id='word_1_207' title='bbox 1196 1914 1354 1978; x_wconf 89' lang='lat' dir='ltr'>prima</span> <span class='ocrx_word' id='word_1_208' title='bbox 1394 1919 1469 1962; x_wconf 94' lang='lat' dir='ltr'>est</span> <span class='ocrx_word' id='word_1_209' title='bbox 1509 1928 1535 1961; x_wconf 89' lang='lat' dir='ltr'>a</span> <span class='ocrx_word' id='word_1_210' title='bbox 1573 1911 1701 1961; x_wconf 91' lang='lat' dir='ltr'>Nino</span> <span class='ocrx_word' id='word_1_211' title='bbox 1741 1911 1903 1978; x_wconf 80' lang='lat' dir='ltr'>appel&#39;-</span> 
     </span>
     <span class='ocr_line' id='line_1_25' title="bbox 214 1983 1906 2052; baseline 0.001 -19"><span class='ocrx_word' id='word_1_212' title='bbox 214 1985 310 2034; x_wconf 88' lang='lat' dir='ltr'>lata</span> <span class='ocrx_word' id='word_1_213' title='bbox 364 1983 565 2034; x_wconf 90' lang='lat' dir='ltr'>Nineve.</span> <span class='ocrx_word' id='word_1_214' title='bbox 641 1983 766 2034; x_wconf 88' lang='lat' dir='ltr'>Hinc</span> <span class='ocrx_word' id='word_1_215' title='bbox 821 1985 1013 2034; x_wconf 87' lang='lat' dir='ltr'>reditur</span> <span class='ocrx_word' id='word_1_216' title='bbox 1067 1985 1126 2034; x_wconf 92' lang='lat' dir='ltr'>ad</span> <span class='ocrx_word' id='word_1_217' title='bbox 1181 1985 1328 2035; x_wconf 91' lang='lat' dir='ltr'>alium</span> <span class='ocrx_word' id='word_1_218' title='bbox 1384 1985 1538 2034; x_wconf 90' lang='lat' dir='ltr'>filium</span> <span class='ocrx_word' id='word_1_219' title='bbox 1587 1985 1766 2052; x_wconf 90' lang='lat' dir='ltr'>Cham,</span> <span class='ocrx_word' id='word_1_220' title='bbox 1820 1987 1906 2050; x_wconf 90' lang='lat' dir='ltr'>qui</span> 
     </span>
     <span class='ocr_line' id='line_1_26' title="bbox 127 2057 1903 2124; baseline 0.001 -17"><span class='ocrx_word' id='word_1_221' title='bbox 127 2068 182 2107; x_wconf 77' lang='lat'>25</span> <span class='ocrx_word' id='word_1_222' title='bbox 217 2057 483 2108; x_wconf 87' lang='lat' dir='ltr'>vocabatur</span> <span class='ocrx_word' id='word_1_223' title='bbox 521 2057 773 2124; x_wconf 89' lang='lat' dir='ltr'>Mesraim,</span> <span class='ocrx_word' id='word_1_224' title='bbox 821 2065 871 2107; x_wconf 89' lang='lat' dir='ltr'>et</span> <span class='ocrx_word' id='word_1_225' title='bbox 910 2066 1360 2108; x_wconf 89' lang='lat' dir='ltr'>commemorantur</span> <span class='ocrx_word' id='word_1_226' title='bbox 1400 2074 1525 2123; x_wconf 89' lang='lat' dir='ltr'>quos</span> <span class='ocrx_word' id='word_1_227' title='bbox 1565 2060 1757 2124; x_wconf 84' lang='lat' dir='ltr'>genuit,</span> <span class='ocrx_word' id='word_1_228' title='bbox 1804 2074 1903 2108; x_wconf 92' lang='lat' dir='ltr'>non</span> 
     </span>
     <span class='ocr_line' id='line_1_27' title="bbox 215 2131 1901 2197; baseline 0.001 -17"><span class='ocrx_word' id='word_1_229' title='bbox 215 2138 464 2195; x_wconf 87' lang='lat' dir='ltr'>tamquam</span> <span class='ocrx_word' id='word_1_230' title='bbox 519 2131 698 2195; x_wconf 86' lang='lat' dir='ltr'>singuli</span> <span class='ocrx_word' id='word_1_231' title='bbox 751 2131 1000 2197; x_wconf 83' lang='lat' dir='ltr'>homineS,</span> <span class='ocrx_word' id='word_1_232' title='bbox 1055 2132 1141 2181; x_wconf 90' lang='lat' dir='ltr'>sed</span> <span class='ocrx_word' id='word_1_233' title='bbox 1188 2134 1411 2181; x_wconf 88' lang='lat' dir='ltr'>nationes</span> <span class='ocrx_word' id='word_1_234' title='bbox 1460 2138 1663 2197; x_wconf 88' lang='lat' dir='ltr'>septem.</span> <span class='ocrx_word' id='word_1_235' title='bbox 1739 2131 1803 2182; x_wconf 92' lang='lat' dir='ltr'>Et</span> <span class='ocrx_word' id='word_1_236' title='bbox 1841 2132 1901 2182; x_wconf 91' lang='lat' dir='ltr'>de</span> 
     </span>
     <span class='ocr_line' id='line_1_28' title="bbox 215 2203 1904 2272; baseline 0.001 -19"><span class='ocrx_word' id='word_1_237' title='bbox 215 2211 377 2270; x_wconf 85' lang='lat' dir='ltr'>sexta,</span> <span class='ocrx_word' id='word_1_238' title='bbox 430 2203 564 2253; x_wconf 88' lang='lat' dir='ltr'>velut</span> <span class='ocrx_word' id='word_1_239' title='bbox 619 2204 677 2252; x_wconf 93' lang='lat' dir='ltr'>de</span> <span class='ocrx_word' id='word_1_240' title='bbox 728 2211 865 2254; x_wconf 87' lang='lat' dir='ltr'>sexto</span> <span class='ocrx_word' id='word_1_241' title='bbox 914 2205 1046 2272; x_wconf 86' lang='lat' dir='ltr'>filio,</span> <span class='ocrx_word' id='word_1_242' title='bbox 1099 2220 1219 2270; x_wconf 87' lang='lat' dir='ltr'>gens</span> <span class='ocrx_word' id='word_1_243' title='bbox 1267 2211 1680 2255; x_wconf 87' lang='lat' dir='ltr'>commemoratur</span> <span class='ocrx_word' id='word_1_244' title='bbox 1729 2208 1904 2272; x_wconf 80' lang='lat' dir='ltr'>exisse,</span> 
     </span>
     <span class='ocr_line' id='line_1_29' title="bbox 221 2277 1903 2343; baseline 0.001 -16"><span class='ocrx_word' id='word_1_245' title='bbox 221 2293 345 2342; x_wconf 90' lang='lat' dir='ltr'>quae</span> <span class='ocrx_word' id='word_1_246' title='bbox 387 2277 658 2342; x_wconf 90' lang='lat' dir='ltr'>appellatur</span> <span class='ocrx_word' id='word_1_247' title='bbox 697 2277 984 2343; x_wconf 83' lang='lat' dir='ltr'>Philistiim3</span> <span class='ocrx_word' id='word_1_248' title='bbox 1024 2279 1155 2328; x_wconf 88' lang='lat' dir='ltr'>unde</span> <span class='ocrx_word' id='word_1_249' title='bbox 1196 2279 1321 2328; x_wconf 88' lang='lat' dir='ltr'>fiunt</span> <span class='ocrx_word' id='word_1_250' title='bbox 1359 2286 1484 2328; x_wconf 79' lang='lat' dir='ltr'>octo,</span> <span class='ocrx_word' id='word_1_251' title='bbox 1563 2279 1679 2328; x_wconf 89' lang='lat' dir='ltr'>Inde</span> <span class='ocrx_word' id='word_1_252' title='bbox 1720 2281 1903 2329; x_wconf 90' lang='lat' dir='ltr'>iterum</span> 
     </span>
     <span class='ocr_line' id='line_1_30' title="bbox 214 2350 1904 2418; baseline 0.001 -19"><span class='ocrx_word' id='word_1_253' title='bbox 214 2351 273 2400; x_wconf 87' lang='lat' dir='ltr'>ad</span> <span class='ocrx_word' id='word_1_254' title='bbox 315 2350 542 2400; x_wconf 89' lang='lat' dir='ltr'>Chanaan</span> <span class='ocrx_word' id='word_1_255' title='bbox 582 2351 798 2418; x_wconf 87' lang='lat' dir='ltr'>reditur,</span> <span class='ocrx_word' id='word_1_256' title='bbox 837 2353 888 2400; x_wconf 91' lang='lat' dir='ltr'>in</span> <span class='ocrx_word' id='word_1_257' title='bbox 928 2367 1025 2416; x_wconf 89' lang='lat' dir='ltr'>quo</span> <span class='ocrx_word' id='word_1_258' title='bbox 1065 2351 1164 2400; x_wconf 87' lang='lat' dir='ltr'>filio</span> <span class='ocrx_word' id='word_1_259' title='bbox 1204 2352 1493 2402; x_wconf 89' lang='lat' dir='ltr'>maledictus</span> <span class='ocrx_word' id='word_1_260' title='bbox 1533 2359 1609 2402; x_wconf 86' lang='lat' dir='ltr'>est</span> <span class='ocrx_word' id='word_1_261' title='bbox 1649 2351 1814 2418; x_wconf 87' lang='lat' dir='ltr'>Cham,</span> <span class='ocrx_word' id='word_1_262' title='bbox 1855 2359 1904 2401; x_wconf 90' lang='lat' dir='ltr'>et</span> 
     </span>
     <span class='ocr_line' id='line_1_31' title="bbox 126 2425 1901 2490; baseline 0.001 -17"><span class='ocrx_word' id='word_1_263' title='bbox 126 2440 182 2479; x_wconf 91' lang='lat'>30</span> <span class='ocrx_word' id='word_1_264' title='bbox 215 2440 339 2489; x_wconf 88' lang='lat' dir='ltr'>quos</span> <span class='ocrx_word' id='word_1_265' title='bbox 372 2426 543 2489; x_wconf 83' lang='lat' dir='ltr'>genuit</span> <span class='ocrx_word' id='word_1_266' title='bbox 574 2425 806 2474; x_wconf 89' lang='lat' dir='ltr'>undecim</span> <span class='ocrx_word' id='word_1_267' title='bbox 845 2427 1177 2475; x_wconf 86' lang='lat' dir='ltr'>nominantur.</span> <span class='ocrx_word' id='word_1_268' title='bbox 1254 2425 1439 2475; x_wconf 90' lang='lat' dir='ltr'>Deinde</span> <span class='ocrx_word' id='word_1_269' title='bbox 1479 2441 1638 2490; x_wconf 90' lang='lat' dir='ltr'>usque</span> <span class='ocrx_word' id='word_1_270' title='bbox 1678 2425 1736 2474; x_wconf 91' lang='lat' dir='ltr'>ad</span> <span class='ocrx_word' id='word_1_271' title='bbox 1778 2441 1901 2490; x_wconf 85' lang='lat' dir='ltr'>quos</span> 
     </span>
     <span class='ocr_line' id='line_1_32' title="bbox 214 2497 1898 2564; baseline 0 -17"><span class='ocrx_word' id='word_1_272' title='bbox 214 2500 336 2547; x_wconf 82' lang='lat' dir='ltr'>fines</span> <span class='ocrx_word' id='word_1_273' title='bbox 398 2499 716 2562; x_wconf 84' lang='lat' dir='ltr'>pervenerint</span> <span class='ocrx_word' id='word_1_274' title='bbox 786 2501 1180 2548; x_wconf 89' lang='lat' dir='ltr'>commemoratis</span> <span class='ocrx_word' id='word_1_275' title='bbox 1258 2499 1550 2564; x_wconf 91' lang='lat' dir='ltr'>quibusdam</span> <span class='ocrx_word' id='word_1_276' title='bbox 1619 2497 1898 2548; x_wconf 88' lang='lat' dir='ltr'>civitatibus</span> 
     </span>
     <span class='ocr_line' id='line_1_33' title="bbox 215 2571 1900 2638; baseline -0.001 -17"><span class='ocrx_word' id='word_1_277' title='bbox 215 2572 410 2621; x_wconf 88' lang='lat' dir='ltr'>dicitur.</span> <span class='ocrx_word' id='word_1_278' title='bbox 488 2571 556 2621; x_wconf 89' lang='lat' dir='ltr'>Ac</span> <span class='ocrx_word' id='word_1_279' title='bbox 610 2587 700 2636; x_wconf 91' lang='lat' dir='ltr'>per</span> <span class='ocrx_word' id='word_1_280' title='bbox 754 2571 848 2620; x_wconf 91' lang='lat' dir='ltr'>hoc</span> <span class='ocrx_word' id='word_1_281' title='bbox 904 2571 1015 2620; x_wconf 84' lang='lat' dir='ltr'>filiis</span> <span class='ocrx_word' id='word_1_282' title='bbox 1070 2571 1434 2638; x_wconf 89' lang='lat' dir='ltr'>nepotibusque</span> <span class='ocrx_word' id='word_1_283' title='bbox 1491 2574 1785 2637; x_wconf 89' lang='lat' dir='ltr'>computatis</span> <span class='ocrx_word' id='word_1_284' title='bbox 1840 2573 1900 2620; x_wconf 87' lang='lat' dir='ltr'>de</span> 
     </span>
     <span class='ocr_line' id='line_1_34' title="bbox 214 2644 1579 2710; baseline 0.002 -17"><span class='ocrx_word' id='word_1_285' title='bbox 214 2647 449 2710; x_wconf 83' lang='lat' dir='ltr'>progenie</span> <span class='ocrx_word' id='word_1_286' title='bbox 490 2644 638 2693; x_wconf 90' lang='lat' dir='ltr'>Cham</span> <span class='ocrx_word' id='word_1_287' title='bbox 678 2647 878 2710; x_wconf 85' lang='lat' dir='ltr'>triginta</span> <span class='ocrx_word' id='word_1_288' title='bbox 918 2660 1047 2694; x_wconf 91' lang='lat' dir='ltr'>unus</span> <span class='ocrx_word' id='word_1_289' title='bbox 1087 2647 1239 2710; x_wconf 82' lang='lat' dir='ltr'>geniti</span> <span class='ocrx_word' id='word_1_290' title='bbox 1278 2647 1579 2696; x_wconf 87' lang='lat' dir='ltr'>referuntur.</span> 
     </span>
    </p>
   </div>
   <div class='ocr_carea' id='block_1_3' title="bbox 212 2844 1898 2960">
    <p class='ocr_par' dir='ltr' id='par_1_3' title="bbox 212 2844 1898 2960">
     <span class='ocr_line' id='line_1_35' title="bbox 337 2844 1898 2902; baseline 0 -14"><span class='ocrx_word' id='word_1_291' title='bbox 337 2850 357 2888; x_wconf 87' lang='lat'>1</span> <span class='ocrx_word' id='word_1_292' title='bbox 391 2845 592 2889; x_wconf 86' lang='lat' dir='ltr'>Niniven</span> <span class='ocrx_word' id='word_1_293' title='bbox 615 2859 641 2889; x_wconf 82' lang='lat' dir='ltr'><strong><em>v</em></strong></span> <span class='ocrx_word' id='word_1_294' title='bbox 665 2847 680 2902; x_wconf 75' lang='lat' dir='ltr'>fl</span> <span class='ocrx_word' id='word_1_295' title='bbox 702 2845 871 2890; x_wconf 77' lang='lat' dir='ltr'>roboth</span> <span class='ocrx_word' id='word_1_296' title='bbox 904 2845 1085 2898; x_wconf 79' lang='lat' dir='ltr'><strong><em>V2AF,·</em></strong></span> <span class='ocrx_word' id='word_1_297' title='bbox 1124 2846 1296 2890; x_wconf 88' lang='lat' dir='ltr'>roboch</span> <span class='ocrx_word' id='word_1_298' title='bbox 1321 2845 1395 2900; x_wconf 82' lang='lat' dir='ltr'>R,·</span> <span class='ocrx_word' id='word_1_299' title='bbox 1426 2846 1650 2891; x_wconf 78' lang='lat' dir='ltr'>throboth</span> <span class='ocrx_word' id='word_1_300' title='bbox 1685 2844 1770 2899; x_wconf 86' lang='lat' dir='ltr'>V¹,·</span> <span class='ocrx_word' id='word_1_301' title='bbox 1807 2844 1898 2888; x_wconf 85' lang='lat' dir='ltr'>Ro-</span> 
     </span>
     <span class='ocr_line' id='line_1_36' title="bbox 212 2903 1477 2960; baseline 0.002 -14"><span class='ocrx_word' id='word_1_302' title='bbox 212 2903 358 2947; x_wconf 83' lang='lat' dir='ltr'>booth</span> <span class='ocrx_word' id='word_1_303' title='bbox 390 2905 503 2959; x_wconf 60' lang='grc'><strong>11112</strong></span> <span class='ocrx_word' id='word_1_304' title='bbox 537 2908 577 2948; x_wconf 78' lang='lat' dir='ltr'>et</span> <span class='ocrx_word' id='word_1_305' title='bbox 609 2910 664 2948; x_wconf 90' lang='lat'>16</span> <span class='ocrx_word' id='word_1_306' title='bbox 697 2904 899 2949; x_wconf 85' lang='lat' dir='ltr'>Nineves</span> <span class='ocrx_word' id='word_1_307' title='bbox 931 2918 957 2949; x_wconf 84' lang='lat' dir='ltr'><em>v</em></span> <span class='ocrx_word' id='word_1_308' title='bbox 981 2906 996 2960; x_wconf 83' lang='grc' dir='ltr'>ΙΙ</span> <span class='ocrx_word' id='word_1_309' title='bbox 1021 2909 1075 2948; x_wconf 88' lang='grc'>33</span> <span class='ocrx_word' id='word_1_310' title='bbox 1106 2919 1251 2948; x_wconf 87' lang='lat' dir='ltr'>unum</span> <span class='ocrx_word' id='word_1_311' title='bbox 1291 2904 1477 2948; x_wconf 81' lang='lat' dir='ltr'><strong><em>VRAF</em></strong></span> 
     </span>
    </p>
   </div>
  </div>
 </body>
</html>
