2004 3140
195 146 306 198 584
875 157 910 190 s.
934 157 1207 191 AUGUSTINI

197 272 417 335 quamvis
464 272 515 319 in
561 271 795 319 memoria
837 270 1080 319 sacrificet
1131 285 1325 336 eorum,
1372 271 1484 334 quia
1525 269 1612 319 Dei
1652 271 1882 320 sacerdos

198 351 298 410 est,
352 359 451 392 non
509 343 720 392 illorum.
797 343 964 408 Ipsum
1026 359 1142 392 vero
1205 343 1500 392 sacrificium
1563 359 1744 409 corpus
1805 353 1883 394 est

200 416 408 483 Christi,
457 417 587 482 quod
637 433 753 466 non‘
783 418 990 466 offertur
1035 419 1179 483 ipsiS,
1226 419 1341 482 quia
1387 417 1481 466 hoc
1532 425 1648 467 sunt
1687 425 1736 468 et
1774 420 1886 484 ipsi.

202 490 392 548 Quibus
430 493 583 555 igitur
622 492 787 556 potius
820 491 1123 541 credendum
1162 497 1238 540 est
1275 491 1510 540 miracula
1550 489 1887 542 facientibus?

144 574 169 612 5
203 563 354 613 Eisne
407 567 492 629 qui
538 581 589 614 se
636 567 770 630 ipsos
820 564 990 614 volunt
1027 564 1199 613 haberi
1238 564 1356 612 deos
1397 564 1455 613 ab
1494 564 1571 614 his
1611 565 1790 629 quibus
1831 581 1887 614 ea

203 639 417 705 faciunt,
458 654 518 687 an
559 641 630 688 eis
671 640 777 705 qui,
816 646 872 688 ut
909 641 959 687 in
1000 638 1155 688 Deum
1197 638 1449 705 credatur,
1489 638 1619 702 quod
1662 646 1710 688 et
1750 638 1886 688 Chri-

204 719 309 761 stus
366 719 466 778 est,
522 713 708 762 faciunt
755 712 994 777 quidquid
1041 711 1263 761 mirabile
1315 709 1539 761 faciunt?
1614 712 1762 762 Eisne
1804 715 1887 777 qui

204 801 340 835 sacra
394 802 480 835 sua
529 788 672 835 etiam
725 788 929 835 crimina
977 802 1063 836 sua
1113 801 1222 835 esse
1261 785 1545 853 voluerunt,
1592 801 1654 835 an
1693 788 1764 835 eis
1805 789 1889 851 qui

203 875 294 908 nec
334 859 503 908 laudes
552 875 665 908 suas
707 859 875 909 volunt
915 876 1021 909 esse
1064 874 1201 909 sacra
1241 874 1350 926 sua,
1401 860 1487 908 sed
1528 866 1709 927 totum,
1757 859 1888 925 quod

119 942 169 981 ιο
203 935 444 982 veraciter
476 933 751 994 laudantur,
792 934 850 982 ad
891 936 997 983 eius
1037 934 1239 999 gloriam
1279 934 1520 998 proficere
1559 935 1611 983 in
1651 949 1747 998 quo
1788 934 1887 983 lau-

199 1004 415 1056 dantur?
454 1008 505 1055 in
538 1006 745 1056 Domino
778 1010 959 1073 quippe
993 1007 1254 1057 laudantur
1286 1009 1476 1056 animae
1518 1023 1704 1057 eorum.
1769 1007 1885 1057 Cre·

200 1080 371 1130 damus
427 1096 544 1145 ergo
598 1084 668 1130 eis
717 1089 766 1130 et
815 1097 930 1130 vera
977 1081 1256 1131 dicentibus
1304 1089 1354 1130 et
1404 1083 1526 1130 mira
1578 1080 1886 1130 facientibus.

199 1154 416 1203 Dicendo
458 1157 588 1203 enim
619 1170 734 1204 vera
765 1157 898 1220 passi
937 1164 1066 1222 sunt,
1106 1162 1162 1204 ut
1199 1156 1390 1220 possint
1430 1155 1590 1204 facere
1632 1157 1768 1205 mira.
1830 1155 1885 1203 ln

201 1230 272 1277 eis
304 1230 435 1277 veris
468 1235 544 1278 est
574 1231 911 1296 praecipuum,
952 1229 1081 1294 quod
1117 1228 1344 1278 Christus
1376 1230 1652 1278 resurrexit
1691 1244 1716 1277 a
1755 1244 1884 1277 mor-

115 1310 167 1350 15
202 1304 300 1351 tuis
340 1310 390 1350 et
427 1303 829 1352 inmortalitatem
869 1304 1252 1352 resurrectionis
1290 1304 1340 1351 in
1381 1318 1467 1351 sua
1508 1317 1654 1351 carne
1694 1304 1886 1367 primus

199 1375 429 1441 ostendit,
470 1391 613 1440 quam
648 1375 791 1425 nobis
824 1377 1103 1426 adfuturam
1142 1375 1217 1424 vel
1256 1377 1307 1424 in
1346 1378 1589 1441 principio
1630 1378 1742 1424 novi
1782 1391 1886 1424 sae-

200 1449 297 1498 culi
336 1449 411 1497 vel
450 1451 499 1497 iu
541 1449 688 1499 huius
727 1451 823 1498 fine
863 1452 1102 1515 promisit.

880 1650 1077 1705 CAPUT
1110 1651 1201 1704 XI.

206 1757 393 1806 Contra
435 1759 743 1818 Platonicae,
784 1761 873 1819 qui
910 1760 972 1807 de
1011 1760 1333 1808 naturalibus
1373 1761 1726 1809 elementorum
1759 1775 1885 1823 pon-

112 1842 167 1880 20
307 1833 514 1881 deribus
553 1838 978 1893 cirqumentantur
1017 1838 1275 1882 terrenum
1315 1847 1501 1895 corpus
1543 1835 1593 1882 in
1633 1837 1775 1884 caelo

821 1921 927 1955 esse
966 1920 1063 1955 non
1098 1921 1257 1968 posse.

350 2006 531 2057 Contra
571 2009 701 2073 quod
742 2024 971 2073 magnum
1012 2008 1100 2057 Dei
1147 2009 1329 2058 donum
1378 2011 1753 2059 ratiocinatores
1792 2011 1892 2075 isti,

200 2095 412 2141 quorum
452 2085 780 2143 coqitatz‘ones
829 2085 965 2132 novit
1003 2084 1245 2132 Dominus
1284 2086 1519 2144 quoniam
1558 2098 1722 2133 vanae
1759 2091 1892 2145 sunt,

205 2154 265 2202 de
303 2155 607 2218 ponderibus
649 2155 1006 2204 elementorum
1045 2163 1478 2222 argumentantur3
1524 2158 1755 2220 quoniam
1795 2159 1887 2205 sci·
1932 2180 1934 2182 ·

117 2237 171 2276 25
205 2227 321 2275 licet
359 2230 592 2292 magistro
633 2228 834 2278 Platone
875 2229 1155 2278 didicerunt
1194 2229 1364 2278 mundi
1403 2230 1499 2278 duo
1541 2245 1748 2294 corpora
1788 2246 1886 2279 ma-

202 2302 330 2348 xima
363 2307 508 2364 atque
542 2309 791 2366 postrema
823 2302 1016 2350 duobus
1052 2302 1242 2369 mediiS,
1281 2318 1393 2351 aere
1435 2303 1622 2352 scilicet
1661 2310 1710 2352 et
1749 2319 1891 2370 aqua,

204 2389 311 2422 esse
346 2374 571 2438 copulata
603 2383 748 2439 atque
783 2377 1058 2424 coniuncta.
1120 2377 1187 2424 Ac
1219 2391 1308 2440 per
1340 2376 1448 2442 hoc,
1480 2378 1726 2443 inquiunt,
1767 2392 1886 2441 quo·

203 2449 332 2496 niam
365 2455 498 2497 terra
530 2447 706 2498 abhinc
740 2464 937 2498 sursum
971 2464 1143 2498 versus
1184 2458 1259 2498 est
1296 2451 1469 2516 prima,
1509 2450 1723 2499 secunda
1763 2466 1888 2514 aqua

205 2536 355 2585 super
405 2528 610 2589 terram,
661 2525 838 2572 tertius
889 2537 972 2571 aer
1020 2538 1169 2587 super
1217 2538 1415 2589 aquam,
1467 2531 1695 2587 quartum
1737 2539 1887 2588 super

113 2604 171 2644 30
203 2609 316 2642 aera
364 2594 575 2662 caelum,
621 2611 720 2645 non
767 2603 930 2661 potest
971 2611 1078 2645 esse
1119 2604 1374 2645 terrenum
1415 2612 1595 2661 corpus
1635 2599 1684 2645 in
1726 2597 1889 2663 caelo;

324 2723 396 2776 11)
428 2721 501 2765 Ps.
536 2727 607 2778 33,
640 2727 680 2766 3.
745 2725 816 2779 23)
850 2723 924 2767 Ps.
958 2728 1027 2778 93,
1057 2707 1130 2766 ¹11.
1203 2726 1276 2778 27)
1309 2723 1429 2768 Plat.
1463 2723 1581 2767 Tim.
1612 2739 1656 2780 p.
1690 2727 1761 2768 32.

322 2887 374 2925 13
407 2883 587 2938 possint
616 2883 686 2937 Ε,-
717 2886 907 2940 possent
936 2899 961 2928 v
985 2887 1000 2941 ΙΙ
1025 2890 1080 2930 30
1114 2899 1267 2929 aerem
1298 2887 1343 2929 A
