2054 3152
595 152 662 184 DE
686 150 926 184 CIVITATE
949 151 1039 183 DEI
1063 151 1104 183 L.
1127 151 1210 184 xv.
1236 151 1273 185 c.
1298 153 1351 185 27.
1728 139 1830 190 117

149 265 424 332 intuendaS,
461 263 547 313 ubi
586 270 744 329 certe,
783 270 840 313 ut
878 263 969 313 alia
1008 264 1243 330 omittam,
1283 266 1325 313 si
1364 265 1693 313 numerositas
1733 265 1832 312 ani—

149 340 348 389 malium
409 337 614 403 cogebat
675 352 816 387 arcae
878 344 1064 387 tantam
1128 338 1236 387 fieri
1288 337 1698 402 magnitudinem,
1733 339 1832 386 ‘in-

150 412 329 462 munda
381 411 497 461 bina
552 417 601 460 et
654 410 837 460 munda
884 418 1087 476 septena
1133 413 1397 461 intromitti
1444 411 1669 460 animalia
1716 410 1834 475 quid

147 485 377 551 cogebat,
433 500 547 535 cum
601 484 817 550 aequalis
864 487 1060 535 numeri
1104 493 1309 550 possent
1356 491 1565 550 utraque
1615 482 1835 535 servari?

146 560 243 609 Aut
287 574 403 608 vero
445 558 599 625 DeuS,
649 561 734 624 qui
778 566 985 624 propter
1032 574 1188 624 genus
1227 559 1558 624 reparandum
1598 559 1836 609 servanda
1869 567 1894 606 5

145 634 420 699 praecepit,
476 648 533 682 eo
585 633 729 682 modo
777 632 883 700 illa,
935 648 1032 698 quo
1082 634 1386 699 instituerat,
1433 635 1696 682 restituere
1738 648 1836 681 non

143 703 368 756 valebat?

298 780 395 838 Qui
432 795 548 829 vero
582 795 681 830 non
722 795 830 830 esse
870 786 1021 847 gesta,
1061 776 1149 830 sed
1188 779 1315 830 solas
1354 795 1522 846 rerum
1563 780 1837 844 significan-

147 855 323 904 darum
376 855 558 919 figuras
611 869 720 903 esse
773 854 1100 921 contendunt,
1155 856 1372 919 primum
1423 856 1689 919 opinantur
1739 861 1836 902 tam

145 943 377 994 magnum
408 929 518 977 fieri
550 943 648 976 non
687 930 908 992 potuisse
950 927 1204 995 diluvium,
1242 935 1300 977 ut
1339 928 1603 977 altissimos
1643 934 1836 976 montes
1872 937 1925 977 10

147 1001 430 1067 quindecim
477 1001 659 1051 cubitis
706 1017 830 1066 aqua
878 1002 1148 1051 crescendo
1188 1002 1586 1062 transcenderet,
1634 1008 1838 1066 propter

147 1075 345 1141 Olympi
401 1077 637 1125 verticem
691 1077 875 1125 montis
887 1116 902 1142 ,
957 1090 1106 1140 supra
1161 1091 1308 1140 quem
1362 1074 1626 1141 perhibent
1680 1074 1839 1124 nubes

149 1164 248 1198 non
280 1164 426 1214 posse
461 1164 802 1215 concrescere,
842 1149 972 1214 quod
1006 1156 1104 1198 tam
1146 1148 1355 1198 sublime
1395 1151 1491 1198 iam
1532 1148 1720 1198 caelum
1763 1150 1839 1214 sit,

148 1229 205 1272 ut
250 1238 350 1271 non
395 1221 466 1271 ihi
513 1224 577 1271 sit
624 1238 708 1271 aer
755 1225 850 1272 iste
899 1224 1134 1289 crassior,
1180 1222 1268 1271 ubi
1314 1225 1448 1272 venti
1494 1221 1702 1271 nebulae
1749 1224 1837 1270 im-

147 1295 363 1361 bresque
411 1297 703 1362 gignuntur3
750 1311 842 1346 nec
891 1295 1165 1346 adtendunt
1213 1299 1431 1346 omnium
1481 1295 1840 1345 elementorum
1873 1306 1927 1344 15

147 1371 504 1420 crassissimam
550 1376 735 1419 terram
780 1370 852 1419 ibi
899 1386 1008 1419 esse
1055 1371 1293 1436 potuisse.
1369 1370 1442 1419 An
1491 1370 1618 1419 forte
1659 1377 1840 1435 negant

145 1458 253 1493 esse
301 1451 487 1493 terram
533 1446 768 1493 verticem
817 1441 1036 1493 montis?
1098 1443 1198 1493 Cur
1243 1446 1396 1509 igitur
1443 1459 1602 1508 usque
1650 1443 1719 1495 ad.
1760 1443 1840 1492 illa

146 1517 268 1567 caeli
315 1519 471 1583 spatia
509 1520 660 1567 terris
713 1518 915 1568 exaltari
954 1517 1184 1585 licuisse,
1231 1526 1280 1567 et
1320 1520 1459 1582 aquis
1499 1517 1703 1567 exaltari
1742 1533 1840 1566 non

147 1590 346 1640 licuisse
394 1591 724 1658 contendunt,
773 1607 887 1641 cum
933 1593 1017 1641 isti
1063 1607 1320 1641 mensores
1369 1599 1417 1641 et
1463 1606 1704 1656 pensores
1744 1591 1838 1640 616-

143 1671 430 1714 mentorum
469 1680 619 1729 aquas
658 1667 808 1715 terris
846 1665 1140 1730 perhibeant
1179 1667 1464 1731 superiores
1504 1671 1652 1730 atque
1691 1665 1837 1715 levio-
1873 1675 1928 1715 20

147 1735 266 1787 res‘?
345 1737 472 1795 Quid
518 1740 688 1803 itaque
735 1741 941 1788 rationis
981 1739 1234 1806 adferunt,
1282 1754 1434 1803 quare
1474 1745 1607 1788 terra
1647 1741 1841 1804 gravior

150 1819 200 1860 et
246 1811 454 1860 inferior
500 1811 663 1861 locum
711 1812 833 1861 caeli
877 1812 1234 1877 tranquillioris
1289 1814 1524 1861 invaserit
1570 1827 1660 1877 per
1705 1812 1838 1861 volu-

147 1886 280 1934 mina
327 1892 401 1934 tot
448 1900 712 1947 annorum,
761 1892 811 1935 et
857 1901 981 1950 aqua
1027 1886 1181 1935 levior
1228 1901 1284 1935 ac
1332 1887 1561 1951 superior
1599 1888 1840 1951 permissa

147 1973 246 2007 non
287 1959 350 2007 sit
390 1958 484 2008 hoc
525 1959 686 2008 facere
727 1959 898 2009 saltem
939 1959 997 2008 ad
1038 1966 1233 2025 tempus
1273 1956 1546 2024 exiguum?-

294 2031 476 2082 Dicunt
515 2035 659 2082 etiam
712 2048 811 2082 non
851 2035 1074 2098 potuisse
1115 2048 1292 2098 capere
1333 2048 1474 2082 arcae
1515 2032 1647 2082 illius
1687 2048 1837 2097 quan-
1872 2042 1926 2082 25

147 2108 339 2155 titatem
394 2106 675 2155 animalium
730 2122 913 2171 genera
967 2113 1066 2156 tam
1122 2107 1274 2156 multa
1328 2109 1380 2156 in
1433 2113 1648 2170 utroque
1704 2122 1839 2173 sexu,

110 2237 113 2240 Α
148 2178 264 2228 bina
311 2180 370 2228 de
418 2180 691 2246 inmundiS,
739 2186 942 2245 septena
988 2181 1047 2229 de
1089 2180 1299 2230 mundis
1379 2180 1474 2238 Qui
1513 2179 1634 2228 mihi
1673 2180 1837 2229 viden-

149 2259 231 2301 tur
270 2268 370 2301 non
411 2262 682 2318 conputare
723 2255 819 2303 nisi
858 2260 1080 2305 trecenta
1120 2253 1284 2303 cubita
1323 2253 1645 2319 longitudinis
1686 2260 1735 2303 et
1771 2254 1837 2303 la-

146 2325 371 2375 titudinis
411 2328 788 2394 quinquaginta,
836 2343 928 2376 nec
981 2329 1197 2392 cogitare
1237 2327 1367 2376 aliud
1406 2334 1596 2377 tantum
1639 2342 1747 2377 esse
1787 2329 1838 2376 in

147 2398 488 2464 superioribus
535 2402 752 2464 itemque
803 2401 933 2450 aliud
980 2407 1172 2451 tantum
1219 2403 1280 2462 in.
1310 2400 1653 2466 superioribus
1693 2416 1836 2465 supe-
1870 2411 1926 2450 30

146 2473 356 2540 riorum,
404 2488 459 2521 ac
506 2489 598 2538 per
643 2473 736 2522 hoc
784 2480 861 2523 ter
908 2474 1055 2524 ducta
1103 2474 1182 2523 illa
1231 2474 1396 2523 cubita
1443 2475 1551 2523 fieri
1590 2482 1838 2539 nongenta

143 2560 234 2609 per
267 2553 466 2596 centum
500 2549 868 2612 quinquaginta.
948 2547 1002 2596 Si
1040 2557 1204 2597 autem
1245 2550 1518 2612 cogitemus
1558 2548 1689 2613 quod
1731 2547 1837 2596 Ori-

265 2764 319 2803 12
373 2759 620 2816 perhibent
676 2761 740 2814 V‚·
801 2762 1103 2818 perhibentur
1148 2762 1268 2806 RAv
1314 2764 1330 2819 ΙΙ
1378 2767 1431 2806 13
1495 2762 1716 2806 sublime·
1740 2763 1836 2807 iam

154 2816 417 2871 VRAFbe,-
448 2819 644 2863 sublime
677 2833 816 2875 quam
847 2821 896 2874 ἢ·
939 2820 1150 2864 sublimis
1183 2834 1323 2876 quam
1355 2835 1380 2864 v
1405 2823 1419 2876 l}
1443 2824 1498 2864 32
1531 2834 1615 2876 per
1647 2823 1835 2865 centum

154 2875 360 2930 VRAR·
390 2890 474 2933 per
505 2891 588 2922 om.
619 2892 644 2922 v
674 2879 824 2931 (locus
847 2893 1018 2935 parum
1049 2880 1301 2934 dilucidus)
