2054 3152
260 179 363 231 132
926 188 961 220 s.
986 186 1262 221 AUGUSTINI

256 309 306 352 et
343 304 527 352 labium
575 315 729 350 unum
775 303 1014 362 omnium,
1062 308 1112 350 et
1151 307 1339 367 cetera,
1385 316 1440 350 ac
1481 301 1657 350 deinde
1697 300 1941 351 additum:

269 376 440 426 Venite
479 381 527 426 et
565 377 922 426 descendentes
969 373 1340 436 confundamus
1380 377 1452 424 ibi
1488 378 1712 437 linquam
1752 389 1940 436 eorum,

255 449 595 514 recapitulatio
628 450 707 515 sit,
745 449 1089 499 demonstrans
1122 464 1269 513 quem
1301 448 1360 498 ad
1399 449 1599 498 modum
1639 449 1823 499 factum
1863 450 1940 515 sit,

258 523 388 586 quod
437 523 623 572 dictum
671 522 853 572 fuerat:
909 524 1182 573 Descendit
1227 525 1482 573 Dominus,
1569 522 1620 572 Si
1667 524 1797 572 enim
1845 525 1942 572 iam

201 606 227 644 5
262 596 611 663 descenderat,
653 597 768 660 quid
810 595 903 646 sibi
944 596 1066 646 vult:
1132 597 1304 647 Venite
1343 603 1391 646 et
1429 599 1786 647 descendentes
1825 611 1940 648 con-

255 670 535 732 fundamus
590 665 746 739 (quod
796 670 1099 735 intellegitur
1151 670 1336 735 angelis
1387 666 1598 738 dictum)
1614 710 1629 737 ,
1682 672 1778 720 nisi
1829 672 1943 734 quia

258 759 348 809 per
395 743 595 808 angelos
650 743 1001 810 descendebat,
1055 746 1141 808 qui
1189 745 1240 793 in
1292 744 1476 808 angelis
1527 743 1943 794 descendentibus

259 814 399 867 erat?
459 817 522 867 Et
560 817 686 867 bene
727 833 826 866 non
866 820 954 868 ait:
999 817 1210 884 „Venite
1251 824 1300 866 et
1339 817 1698 868 descendentes
1737 818 1942 868 confun-

258 886 412 956 dite“,
459 890 567 941 sed:
622 890 999 953 Confundamus
1046 893 1117 940 ibi
1163 894 1388 953 linquam
1428 906 1600 942 eorum
1610 910 1630 949 ;
1675 892 1943 942 ostendens

172 974 226 1013 10
258 966 324 1014 ita
364 979 415 1014 se
457 967 653 1029 o‘perari
702 980 793 1029 per
830 967 1084 1014 ministros
1125 980 1264 1031 suOS,
1311 972 1366 1014 ut
1406 967 1504 1014 sint
1543 967 1690 1015 etiam
1729 967 1825 1030 ipsi
1863 981 1942 1015 co-

258 1045 545 1103 operatores
578 1037 681 1105 Dei,
720 1041 849 1088 sicut
879 1038 1129 1104 apostolus
1169 1038 1308 1088 dicit:
1349 1041 1447 1089 Dei
1482 1041 1613 1090 enim
1651 1054 1821 1089 sumus
1860 1053 1941 1090 co-

259 1126 499 1174 operam.

947 1225 1139 1280 CAPUT
1171 1226 1265 1280 VI.

307 1334 480 1392 Qualis
521 1335 857 1395 intelleyenda
896 1336 962 1382 sit
999 1350 1106 1384 esse
1144 1337 1344 1395 locutiO,
1384 1349 1485 1396 qua
1526 1335 1662 1384 Deus
1702 1337 1898 1397 anqelis

175 1415 227 1454 15
985 1410 1221 1469 loquitur.

409 1509 610 1558 Poterat
649 1518 699 1559 et
737 1510 872 1576 illud,
912 1510 1106 1574 (mando
1147 1511 1306 1560 sactus
1346 1518 1421 1560 est
1459 1511 1622 1577 home,
1661 1511 1721 1560 de
1762 1510 1947 1576 angelis

261 1582 479 1646 intellegi
519 1583 650 1647 quod
698 1583 886 1632 dictum
925 1590 1022 1634 est:
1069 1585 1341 1635 Faciamus
1379 1587 1647 1646 hominem,
1695 1586 1809 1648 quia
1847 1599 1947 1633 non

263 1657 405 1706 dixit:
443 1653 719 1723 „Faciam“;
763 1657 849 1706 sed
882 1659 995 1722 quia
1027 1659 1254 1722 sequitur
1293 1661 1365 1708 ad
1401 1662 1669 1720 imaginem
1708 1663 1947 1723 nostram,

266 1745 357 1778 nec
413 1730 483 1778 fas
539 1738 614 1780 est
667 1730 871 1780 credere
928 1731 985 1780 ad
1044 1733 1305 1795 imaginem
1360 1733 1646 1797 angelorum
1699 1732 1948 1781 hominem

175 1813 231 1852 20
267 1804 476 1869 factum,
530 1811 614 1854 aut
666 1805 871 1854 eandem
923 1820 1030 1854 esse
1084 1807 1348 1870 imaginem
1398 1806 1686 1870 angelorum
1739 1813 1788 1855 et
1837 1804 1949 1855 Dei:

262 1884 398 1926 recte
454 1877 553 1927 illic
608 1878 912 1943 intellegitur
966 1878 1220 1943 pluralitas
1267 1881 1517 1929 trinitatis,
1597 1879 1732 1937 Quae
1783 1886 1948 1928 tamen

262 1953 456 2000 trinitas
497 1954 611 2016 quia
648 1967 778 2002 unus
819 1952 951 2002 Deus
992 1959 1089 2018 est,
1129 1955 1276 2002 etiam
1317 1969 1429 2003 cum
1469 1954 1696 2003 dixisset:
1732 1955 1946 2013 „Facia-

262 2024 423 2074 mus“.·
461 2027 559 2085 „Et
584 2025 723 2086 fecit,
756 2028 930 2090 inquit,
970 2027 1107 2075 Deus
1137 2029 1384 2077 hominem
1415 2029 1486 2076 ad
1515 2029 1784 2088 imaqinem
1808 2021 1949 2091 Dei“,

263 2112 362 2146 non
424 2097 547 2147 dixit
602 2100 869 2165 „fecerunt
921 2094 1027 2147 dii“
1087 2106 1171 2148 aut
1230 2101 1329 2167 „gad
1381 2102 1643 2165 imaginem
1698 2095 1948 2149 deorum“.

178 2180 232 2219 25
267 2170 467 2220 Poterat
521 2178 571 2221 et
620 2173 700 2220 hic
756 2172 925 2221 eadem
972 2172 1190 2237 intellegi
1235 2175 1430 2223 trinitas
1443 2214 1456 2239 ,
1508 2182 1755 2239 tamquam
1801 2173 1947 2223 Pater

269 2244 447 2294 dixerit
479 2245 538 2294 ad
569 2245 747 2295 Filium
781 2252 830 2294 et
863 2245 1103 2310 Spiritum
1136 2253 1382 2297 sanctum:
1436 2248 1618 2309 Venite,
1658 2255 1707 2298 et
1745 2250 1947 2298 descen-

266 2320 437 2367 dentes
476 2318 848 2380 confundamus
888 2321 959 2368 ibi
995 2322 1219 2380 linquam
1259 2335 1458 2382 eorum,
1499 2323 1542 2370 si
1580 2321 1763 2386 aliquid
1802 2328 1948 2386 esset,

267 2391 395 2455 quod
437 2391 635 2456 angelos
682 2391 970 2457 prohiberet
1008 2392 1248 2460 intellegi,
1296 2394 1476 2459 quibus
1514 2397 1680 2460 potius
1719 2397 1948 2444 convenit

265 2466 432 2514 venire
482 2465 541 2514 ad
588 2465 743 2515 Deum
793 2465 1006 2516 motibus
1054 2469 1258 2533 sanctiS,
1304 2468 1398 2518 hoc
1446 2476 1522 2518 est
1570 2467 1947 2532 cogitationibus

179 2548 235 2588 30
265 2539 376 2604 piis,
416 2538 595 2603 quibus
628 2539 687 2588 ab
721 2541 792 2588 eis
832 2539 1106 2589 consulitur
1138 2542 1551 2592 incommutabilis
1582 2541 1787 2607 VeritaS,
1827 2548 1946 2591 tam'·

266 2627 412 2676 quam
459 2612 537 2662 lex
583 2619 781 2663 aeterna
827 2614 877 2662 in
931 2612 1010 2662 illa
1067 2629 1238 2663 eorum
1286 2617 1422 2664 curia
1473 2617 1700 2680 superna.
1777 2614 1946 2680 Neque

385 2743 428 2794 2)
462 2739 572 2784 Gen.
611 2745 678 2796 11,
712 2745 737 2784 6
770 2755 835 2795 sq.
902 2741 973 2795 12)
1010 2745 1046 2785 1.
1083 2740 1182 2786 Cor.
1217 2747 1257 2798 3,
1292 2748 1330 2787 9.
1395 2745 1468 2799 23)
1502 2742 1612 2811 Gen.
1649 2747 1689 2798 l,
1721 2747 1777 2787 26
1810 2756 1875 2798 sq.

387 2919 439 2957 21
475 2914 579 2959 ideo
613 2917 738 2961 recte
769 2929 795 2961 v
818 2917 834 2973 ΙΙ
857 2921 914 2960 30
945 2913 1107 2962 inmut.
1143 2917 1241 2961 AF
