2004 3140
143 971 199 1011 10

146 1340 200 1379 15

145 1709 201 1748 20

147 2076 203 2116 25

146 2445 204 2484 30

229 171 336 223 562
911 182 944 216 S.
969 182 1245 216 AUGUSTINJ

230 296 337 343 fieri
378 310 475 343 non
506 302 670 359 potest
709 290 946 359 respuit.“
1021 295 1158 344 Unus
1199 311 1224 343 e
1266 310 1470 344 numero
1513 296 1910 346 doctissimorum

230 369 484 417 hominum
530 368 758 433 idemque
807 368 1241 432 eloquentissimus
1288 371 1506 419 omnium
1556 370 1750 420 Marcus
1798 370 1914 419 Tul-

230 443 324 492 lius
365 441 538 491 Cicero
577 449 841 508 propterea
891 443 1010 491 dicit
1049 442 1350 492 divinitatem
1389 443 1586 493 Romuli
1624 443 1917 493 mirabiliter

231 516 490 583 creditam,
538 516 668 581 quod
710 517 901 566 erudita
951 518 1046 565 iam
1086 523 1309 581 tempora
1348 517 1573 583 fuerunt,
1622 533 1746 582 quae
1787 517 1918 566 salsi·

232 597 381 639 tatem
430 606 528 639 non
574 592 857 655 reciperent
904 590 1192 640 fabularum.
1272 590 1392 648 Quis
1440 599 1603 640 autem
1650 590 1914 641 Romulum

231 664 379 713 deum
429 666 524 714 nisi
574 664 727 713 Roma
780 665 1015 731 credidit,
1066 671 1212 728 atque
1259 664 1308 713 id
1355 681 1502 730 parva
1551 673 1600 714 et
1638 661 1916 731 incipiens?

231 738 358 788 Tum
405 738 580 788 deinde
627 741 841 804 posteris
890 754 1086 788 servare
1135 739 1296 788 fuerat
1343 754 1547 788 necesse
1597 738 1729 803 quod
1778 753 1914 788 acce-

230 819 406 877 perant
460 828 487 861 a
540 812 833 879 maioribus,
881 819 937 862 ut
988 829 1100 862 cum
1147 815 1240 862 ista
1288 815 1640 878 superstitione
1686 814 1738 862 in
1788 813 1914 862 lacte

233 882 444 950 quodam‘
494 886 638 935 modo
690 889 861 936 matris
914 886 1094 936 ebibita
1145 894 1393 936 cresceret
1440 888 1608 936 civitas
1657 893 1802 952 atque
1855 885 1914 934 ad

231 967 331 1009 tam
384 976 614 1025 magnum
667 963 949 1026 perveniret
999 963 1283 1028 imperium,
1340 968 1394 1010 ut
1446 977 1503 1009 ex
1552 963 1658 1010 eius
1706 961 1915 1026 fastigiO,

230 1033 363 1083 velut
395 1050 454 1083 ex
486 1034 656 1084 altiore
698 1035 909 1100 quodam
948 1035 1071 1102 loc0,
1111 1035 1227 1084 alias
1268 1051 1464 1100 quoque
1504 1041 1690 1100 genteS‚
1731 1034 1912 1100 quibus

231 1107 583 1175 dominaretur,
616 1108 705 1158 hac
739 1125 826 1158 sua
858 1111 1088 1174 opinione
1120 1109 1458 1176 perfunderet,
1498 1116 1553 1158 ut
1585 1124 1682 1158 non
1718 1109 1915 1174 quidem

232 1182 507 1249 crederent,
548 1182 634 1231 sed
674 1190 837 1232 tamen
878 1183 1101 1234 dicerent
1141 1183 1287 1233 deum
1329 1183 1607 1249 Romulum,
1647 1197 1707 1231 ne
1750 1184 1914 1231 civita·

233 1263 347 1322 tem,
388 1259 468 1306 cui
508 1257 806 1323 serviebant,
855 1257 914 1306 de
955 1257 1209 1307 conditore
1251 1259 1357 1306 eius
1397 1257 1726 1323 offenderent,
1774 1257 1916 1305 aliter

234 1346 348 1380 eum
388 1330 684 1379 nominando
725 1346 871 1395 quam
912 1331 1080 1397 Roma,
1120 1346 1243 1396 quae
1284 1331 1333 1380 id
1374 1347 1471 1380 non
1511 1346 1676 1379 amore
1718 1330 1916 1395 quidem

232 1403 380 1453 huius
413 1406 614 1470 erroriS,
653 1404 739 1453 sed
771 1412 935 1453 tamen
976 1407 1155 1454 amoris
1197 1420 1366 1453 errore
1407 1404 1697 1454 crediderat.
1776 1403 1912 1453 Chri-

234 1485 340 1526 stus
387 1484 552 1527 autem
599 1493 894 1542 quamquam
941 1481 1004 1527 sit
1050 1478 1274 1527 caelestis
1322 1485 1371 1527 et
1421 1486 1648 1528 aeternae
1690 1477 1917 1526 conditor

233 1553 467 1618 civitatiS,
522 1567 617 1600 non
671 1559 834 1601 tamen
882 1568 1017 1618 eum,
1073 1554 1304 1616 quoniam
1352 1552 1409 1601 ab
1458 1552 1540 1601 illo
1591 1551 1786 1601 condita
1825 1558 1915 1618 est,

233 1625 389 1674 Deum
420 1625 650 1692 credidit,
690 1626 775 1674 sed
815 1626 925 1675 ideo
964 1628 1127 1691 potius
1167 1632 1243 1675 est
1283 1626 1551 1692 condenda,
1590 1627 1703 1690 quia
1744 1625 1914 1675 credit.

233 1699 385 1748 Roma
433 1699 738 1748 conditorem
787 1715 933 1749 suum
978 1701 1075 1748 iam
1121 1706 1405 1749 constructa
1445 1707 1495 1749 et
1533 1699 1755 1748 dedicata
1794 1707 1914 1748 tam·

233 1788 379 1837 quam
411 1773 559 1822 deum
590 1773 742 1822 coluit
771 1775 822 1822 in
854 1773 1059 1839 templo;
1098 1773 1218 1822 haec
1259 1780 1421 1823 autem
1454 1772 1760 1823 Hierusalem
1802 1788 1915 1822 con-

233 1847 444 1895 ditorem
485 1862 629 1896 suum
669 1847 825 1896 Deum
866 1846 1143 1914 Christum,
1183 1854 1239 1897 ut
1278 1849 1498 1897 construi
1538 1853 1706 1912 posset
1746 1854 1794 1896 et
1833 1846 1914 1895 de-

234 1920 412 1987 dicari,
467 1923 633 1985 posuit
686 1923 736 1969 in
788 1921 902 1970 fidei
954 1921 1286 1970 fundamento
1388 1921 1472 1970 llla
1521 1920 1659 1969 illum
1711 1919 1915 1969 amando

236 2009 344 2043 esse
385 1995 532 2043 deum
573 1994 796 2061 credidit,
835 1997 927 2044 ista
967 1997 1116 2044 istum
1158 1995 1313 2044 Deum
1353 2010 1462 2044 esse
1503 1994 1748 2044 credendo
1789 2008 1915 2042 ama·

237 2069 317 2116 vit.
397 2068 536 2117 Sicut
575 2084 691 2133 ergo
738 2071 1008 2132 praecessit
1058 2069 1187 2118 unde
1227 2075 1413 2118 amaret
1450 2068 1530 2117 illa
1569 2074 1620 2117 et
1659 2067 1717 2117 de
1759 2074 1916 2116 amato

234 2143 329 2189 iam
368 2141 579 2190 libenter
618 2143 764 2190 etiam
805 2142 980 2191 falsum
1020 2142 1204 2191 honum
1246 2143 1494 2192 crederet:
1540 2143 1606 2190 ita
1646 2142 1917 2206 praecessit

234 2214 364 2263 unde
397 2216 489 2263 ista
522 2215 762 2281 crederet,
800 2222 857 2264 ut
887 2221 1023 2264 recta
1055 2216 1149 2264 fide
1190 2231 1288 2264 non
1328 2223 1514 2264 temere
1556 2215 1685 2279 quod
1726 2214 1918 2281 falsum,

235 2287 320 2336 sed
354 2288 484 2352 quod
518 2303 687 2336 verum
720 2294 824 2337 erat
856 2295 1053 2338 amaret.
1130 2288 1362 2353 Exceptis
1396 2291 1527 2338 enim
1565 2295 1638 2337 tot
1677 2295 1727 2337 et
1767 2289 1914 2338 tantis

236 2361 507 2428 miraculiS,
555 2376 679 2426 quae
729 2371 1086 2426 persuaserunt
1124 2362 1280 2412 Deum
1331 2378 1439 2411 esse
1481 2361 1753 2428 Christum,
1803 2375 1915 2426 pro·
1987 2379 1999 2391 ·

235 2435 430 2500 phetiae
456 2450 652 2500 quoque
679 2435 866 2484 divinae
900 2435 995 2484 fide
1029 2436 1340 2500 dignissimae
1367 2442 1759 2501 praecesserunt,
1791 2449 1914 2498 quae

235 2511 285 2556 in
332 2508 415 2556 illo
464 2525 562 2558 non
610 2510 738 2557 sicut
778 2524 803 2557 a
842 2509 1065 2574 patribus
1116 2510 1274 2559 adhuc
1316 2509 1587 2558 creduntur
1626 2508 1920 2573 implendae,

236 2581 321 2630 sed
361 2583 456 2631 iam
496 2582 898 2632 demonstrantur
936 2583 1185 2649 impletae3
1225 2584 1284 2632 de
1325 2582 1532 2632 Romulo
1573 2589 1758 2648 autem,
1798 2582 1912 2645 quia

237 2655 455 2704 condidit
486 2655 689 2704 Romam
721 2657 771 2704 in
809 2671 962 2720 eaque
995 2659 1229 2722 regnavit,
1270 2657 1466 2706 auditur
1505 2656 1742 2721 legiturve
1784 2653 1915 2718 quod

238 2729 421 2777 factum
470 2735 566 2795 est,
614 2744 711 2777 non
761 2729 891 2794 quod
941 2737 1202 2794 antequam
1241 2731 1382 2779 fieret
1420 2729 1788 2795 prophetatum,
1829 2725 1914 2776 sed

357 2860 410 2898 17
437 2856 651 2899 aeternae
677 2856 747 2910 Β,-
779 2856 1085 2912 sempiternae
1110 2870 1135 2900 v
1159 2859 1174 2913 ΙΙ
1202 2861 1252 2900 19
1279 2856 1477 2901 credidit
1498 2871 1523 2900 v
1547 2858 1562 2912 ΙΙ
1586 2861 1640 2899 22
1665 2855 1812 2911 possit
1834 2853 1879 2896 R
1902 2854 1917 2910 Η

237 2918 293 2956 34
326 2915 574 2969 antequam
606 2914 738 2960 fieret
767 2915 954 2971 RAef93
986 2917 1094 2959 ante
1126 2916 1257 2960 fieret
1288 2917 1339 2970 b,·
1371 2917 1477 2960 ante
1508 2915 1660 2959 fuerat
1689 2930 1718 2983 ²⁷⁷
