<?xml version="1.0" encoding="UTF-8"?>
<!DOCTYPE html PUBLIC "-//W3C//DTD XHTML 1.0 Transitional//EN"
    "http://www.w3.org/TR/xhtml1/DTD/xhtml1-transitional.dtd">
<html xmlns="http://www.w3.org/1999/xhtml" xml:lang="en" lang="en">
 <head>
  <title>
</title>
<meta http-equiv="Content-Type" content="text/html;charset=utf-8" />
  <meta name='ocr-system' content='tesseract 3.04.00' />
  <meta name='ocr-capabilities' content='ocr_page ocr_carea ocr_par ocr_line ocrx_word'/>
</head>
<body>
  <div class='ocr_page' id='page_1' title='image "./decivitatedeilib02auguuoft_0412.png"; bbox 0 0 2004 3140; ppageno 0'>
   <div class='ocr_carea' id='block_1_1' title="bbox 200 126 1207 179">
    <p class='ocr_par' dir='ltr' id='par_1_1' title="bbox 200 126 1207 179">
     <span class='ocr_line' id='line_1_1' title="bbox 200 126 1207 179; baseline -0.001 -11"><span class='ocrx_word' id='word_1_1' title='bbox 200 126 309 179; x_wconf 86' lang='lat'>408</span> <span class='ocrx_word' id='word_1_2' title='bbox 875 135 910 169; x_wconf 88' lang='lat' dir='ltr'>s.</span> <span class='ocrx_word' id='word_1_3' title='bbox 935 134 1069 169; x_wconf 83' lang='lat' dir='ltr'>AUGU</span> <span class='ocrx_word' id='word_1_4' title='bbox 1076 134 1207 168; x_wconf 73' lang='lat' dir='ltr'>snm</span> 
     </span>
    </p>
   </div>
   <div class='ocr_carea' id='block_1_2' title="bbox 104 247 1941 2449">
    <p class='ocr_par' dir='ltr' id='par_1_2' title="bbox 104 247 1941 2449">
     <span class='ocr_line' id='line_1_2' title="bbox 195 247 1886 313; baseline 0 -13"><span class='ocrx_word' id='word_1_5' title='bbox 195 256 550 313; x_wconf 77' lang='lat' dir='ltr'>praetereunt,</span> <span class='ocrx_word' id='word_1_6' title='bbox 599 249 796 298; x_wconf 91' lang='lat' dir='ltr'>nonnisi</span> <span class='ocrx_word' id='word_1_7' title='bbox 842 247 955 298; x_wconf 91' lang='lat' dir='ltr'>mali</span> <span class='ocrx_word' id='word_1_8' title='bbox 1002 247 1396 313; x_wconf 82' lang='lat' dir='ltr'>adipiscerentur</span> <span class='ocrx_word' id='word_1_9' title='bbox 1434 250 1719 299; x_wconf 85' lang='lat' dir='ltr'>transitoria</span> <span class='ocrx_word' id='word_1_10' title='bbox 1756 249 1886 300; x_wconf 90' lang='lat' dir='ltr'>bona</span> 
     </span>
     <span class='ocr_line' id='line_1_3' title="bbox 202 321 1889 388; baseline 0.001 -16"><span class='ocrx_word' id='word_1_11' title='bbox 202 327 294 374; x_wconf 79' lang='lat' dir='ltr'>ista</span> <span class='ocrx_word' id='word_1_12' title='bbox 345 331 491 388; x_wconf 89' lang='lat' dir='ltr'>atque</span> <span class='ocrx_word' id='word_1_13' title='bbox 540 330 759 388; x_wconf 85' lang='lat' dir='ltr'>terrena,</span> <span class='ocrx_word' id='word_1_14' title='bbox 806 338 898 372; x_wconf 90' lang='lat' dir='ltr'>nec</span> <span class='ocrx_word' id='word_1_15' title='bbox 946 324 1042 372; x_wconf 90' lang='lat' dir='ltr'>nisi</span> <span class='ocrx_word' id='word_1_16' title='bbox 1087 321 1204 370; x_wconf 89' lang='lat' dir='ltr'>boni</span> <span class='ocrx_word' id='word_1_17' title='bbox 1254 322 1364 371; x_wconf 88' lang='lat' dir='ltr'>talia</span> <span class='ocrx_word' id='word_1_18' title='bbox 1410 329 1699 388; x_wconf 88' lang='lat' dir='ltr'>paterentur</span> <span class='ocrx_word' id='word_1_19' title='bbox 1738 324 1889 375; x_wconf 87' lang='lat' dir='ltr'>mala:</span> 
     </span>
     <span class='ocr_line' id='line_1_4' title="bbox 200 395 1883 463; baseline 0.001 -16"><span class='ocrx_word' id='word_1_20' title='bbox 200 405 369 463; x_wconf 87' lang='lat' dir='ltr'>posset</span> <span class='ocrx_word' id='word_1_21' title='bbox 421 397 515 446; x_wconf 91' lang='lat' dir='ltr'>hoc</span> <span class='ocrx_word' id='word_1_22' title='bbox 569 397 747 446; x_wconf 85' lang='lat' dir='ltr'>referri</span> <span class='ocrx_word' id='word_1_23' title='bbox 802 397 861 445; x_wconf 91' lang='lat' dir='ltr'>ad</span> <span class='ocrx_word' id='word_1_24' title='bbox 915 395 1154 446; x_wconf 91' lang='lat' dir='ltr'>iudicium</span> <span class='ocrx_word' id='word_1_25' title='bbox 1207 398 1392 446; x_wconf 87' lang='lat' dir='ltr'>iustum</span> <span class='ocrx_word' id='word_1_26' title='bbox 1443 396 1531 446; x_wconf 90' lang='lat' dir='ltr'>Dei</span> <span class='ocrx_word' id='word_1_27' title='bbox 1585 399 1686 446; x_wconf 89' lang='lat' dir='ltr'>sive</span> <span class='ocrx_word' id='word_1_28' title='bbox 1736 400 1883 448; x_wconf 86' lang='lat' dir='ltr'>etiam</span> 
     </span>
     <span class='ocr_line' id='line_1_5' title="bbox 202 469 1941 540; baseline 0.001 -20"><span class='ocrx_word' id='word_1_29' title='bbox 202 471 493 538; x_wconf 84' lang='lat' dir='ltr'>benignum,</span> <span class='ocrx_word' id='word_1_30' title='bbox 548 477 629 536; x_wconf 88' lang='lat' dir='ltr'>ut,</span> <span class='ocrx_word' id='word_1_31' title='bbox 685 472 769 535; x_wconf 91' lang='lat' dir='ltr'>qui</span> <span class='ocrx_word' id='word_1_32' title='bbox 816 486 915 519; x_wconf 89' lang='lat' dir='ltr'>non</span> <span class='ocrx_word' id='word_1_33' title='bbox 967 477 1107 519; x_wconf 91' lang='lat' dir='ltr'>erant</span> <span class='ocrx_word' id='word_1_34' title='bbox 1157 469 1441 520; x_wconf 83' lang='lat' dir='ltr'>adsecuturi</span> <span class='ocrx_word' id='word_1_35' title='bbox 1490 470 1618 519; x_wconf 87' lang='lat' dir='ltr'>bona</span> <span class='ocrx_word' id='word_1_36' title='bbox 1669 478 1884 540; x_wconf 80' lang='lat' dir='ltr'>aeterna,</span> <span class='ocrx_word' id='word_1_37' title='bbox 1933 503 1941 506; x_wconf 88' lang='lat'>-</span> 
     </span>
     <span class='ocr_line' id='line_1_6' title="bbox 143 543 1884 611; baseline 0.001 -17"><span class='ocrx_word' id='word_1_38' title='bbox 143 556 168 595; x_wconf 86' lang='lat'>5</span> <span class='ocrx_word' id='word_1_39' title='bbox 202 561 327 610; x_wconf 90' lang='lat' dir='ltr'>quae</span> <span class='ocrx_word' id='word_1_40' title='bbox 378 546 564 594; x_wconf 86' lang='lat' dir='ltr'>faciunt</span> <span class='ocrx_word' id='word_1_41' title='bbox 612 544 814 606; x_wconf 82' lang='lat' dir='ltr'>beatos,</span> <span class='ocrx_word' id='word_1_42' title='bbox 869 543 1222 609; x_wconf 82' lang='lat' dir='ltr'>temporalibus</span> <span class='ocrx_word' id='word_1_43' title='bbox 1272 544 1349 594; x_wconf 89' lang='lat' dir='ltr'>vel</span> <span class='ocrx_word' id='word_1_44' title='bbox 1396 544 1746 610; x_wconf 84' lang='lat' dir='ltr'>deciperentur</span> <span class='ocrx_word' id='word_1_45' title='bbox 1793 562 1884 611; x_wconf 90' lang='lat' dir='ltr'>pro</span> 
     </span>
     <span class='ocr_line' id='line_1_7' title="bbox 199 617 1886 686; baseline 0.001 -18"><span class='ocrx_word' id='word_1_46' title='bbox 199 619 382 669; x_wconf 88' lang='lat' dir='ltr'>malitia</span> <span class='ocrx_word' id='word_1_47' title='bbox 422 634 510 668; x_wconf 90' lang='lat' dir='ltr'>sua</span> <span class='ocrx_word' id='word_1_48' title='bbox 548 618 624 668; x_wconf 90' lang='lat' dir='ltr'>vel</span> <span class='ocrx_word' id='word_1_49' title='bbox 668 634 760 684; x_wconf 89' lang='lat' dir='ltr'>pro</span> <span class='ocrx_word' id='word_1_50' title='bbox 800 618 889 667; x_wconf 90' lang='lat' dir='ltr'>Dei</span> <span class='ocrx_word' id='word_1_51' title='bbox 934 617 1275 667; x_wconf 84' lang='lat' dir='ltr'>misericordia</span> <span class='ocrx_word' id='word_1_52' title='bbox 1314 618 1688 668; x_wconf 85' lang='lat' dir='ltr'>consolarentur</span> <span class='ocrx_word' id='word_1_53' title='bbox 1726 619 1886 686; x_wconf 77' lang='lat' dir='ltr'>boniS,</span> 
     </span>
     <span class='ocr_line' id='line_1_8' title="bbox 200 693 1886 758; baseline 0.001 -16"><span class='ocrx_word' id='word_1_54' title='bbox 200 700 249 743; x_wconf 90' lang='lat' dir='ltr'>et</span> <span class='ocrx_word' id='word_1_55' title='bbox 289 695 374 758; x_wconf 91' lang='lat' dir='ltr'>qui</span> <span class='ocrx_word' id='word_1_56' title='bbox 413 708 511 741; x_wconf 91' lang='lat' dir='ltr'>non</span> <span class='ocrx_word' id='word_1_57' title='bbox 559 699 700 741; x_wconf 90' lang='lat' dir='ltr'>erant</span> <span class='ocrx_word' id='word_1_58' title='bbox 746 694 942 757; x_wconf 87' lang='lat' dir='ltr'>passuri</span> <span class='ocrx_word' id='word_1_59' title='bbox 982 698 1179 741; x_wconf 87' lang='lat' dir='ltr'>aeterna</span> <span class='ocrx_word' id='word_1_60' title='bbox 1219 697 1485 757; x_wconf 86' lang='lat' dir='ltr'>tormenta,</span> <span class='ocrx_word' id='word_1_61' title='bbox 1531 693 1886 758; x_wconf 86' lang='lat' dir='ltr'>temporalibus</span> 
     </span>
     <span class='ocr_line' id='line_1_9' title="bbox 198 765 1888 832; baseline 0.001 -17"><span class='ocrx_word' id='word_1_62' title='bbox 198 767 275 816; x_wconf 89' lang='lat' dir='ltr'>vel</span> <span class='ocrx_word' id='word_1_63' title='bbox 325 782 415 832; x_wconf 90' lang='lat' dir='ltr'>pro</span> <span class='ocrx_word' id='word_1_64' title='bbox 464 768 566 816; x_wconf 89' lang='lat' dir='ltr'>suis</span> <span class='ocrx_word' id='word_1_65' title='bbox 618 765 1013 830; x_wconf 88' lang='lat' dir='ltr'>quibuscumque</span> <span class='ocrx_word' id='word_1_66' title='bbox 1067 774 1116 815; x_wconf 88' lang='lat' dir='ltr'>et</span> <span class='ocrx_word' id='word_1_67' title='bbox 1169 766 1631 830; x_wconf 86' lang='lat' dir='ltr'>quantuliscumque</span> <span class='ocrx_word' id='word_1_68' title='bbox 1670 769 1888 831; x_wconf 88' lang='lat' dir='ltr'>peccatis</span> 
     </span>
     <span class='ocr_line' id='line_1_10' title="bbox 199 838 1891 906; baseline 0.001 -17"><span class='ocrx_word' id='word_1_69' title='bbox 199 840 539 906; x_wconf 84' lang='lat' dir='ltr'>affligerentur</span> <span class='ocrx_word' id='word_1_70' title='bbox 586 840 662 888; x_wconf 88' lang='lat' dir='ltr'>vel</span> <span class='ocrx_word' id='word_1_71' title='bbox 710 846 916 905; x_wconf 89' lang='lat' dir='ltr'>propter</span> <span class='ocrx_word' id='word_1_72' title='bbox 962 838 1235 904; x_wconf 91' lang='lat' dir='ltr'>implendas</span> <span class='ocrx_word' id='word_1_73' title='bbox 1285 841 1493 889; x_wconf 88' lang='lat' dir='ltr'>virtutes</span> <span class='ocrx_word' id='word_1_74' title='bbox 1535 848 1891 891; x_wconf 85' lang='lat' dir='ltr'>exercerentur</span> 
     </span>
     <span class='ocr_line' id='line_1_11' title="bbox 112 904 1889 980; baseline 0 -16"><span class='ocrx_word' id='word_1_75' title='bbox 112 924 167 964; x_wconf 91' lang='lat'>10</span> <span class='ocrx_word' id='word_1_76' title='bbox 198 914 353 963; x_wconf 79' lang='lat' dir='ltr'>malis,</span> <span class='ocrx_word' id='word_1_77' title='bbox 431 904 573 963; x_wconf 89' lang='lat' dir='ltr'>Nunc</span> <span class='ocrx_word' id='word_1_78' title='bbox 612 929 745 980; x_wconf 82' lang='lat' dir='ltr'>verO,</span> <span class='ocrx_word' id='word_1_79' title='bbox 786 913 980 978; x_wconf 89' lang='lat' dir='ltr'>quando</span> <span class='ocrx_word' id='word_1_80' title='bbox 1020 928 1119 962; x_wconf 93' lang='lat' dir='ltr'>non</span> <span class='ocrx_word' id='word_1_81' title='bbox 1160 912 1320 962; x_wconf 88' lang='lat' dir='ltr'>solum</span> <span class='ocrx_word' id='word_1_82' title='bbox 1358 915 1410 962; x_wconf 93' lang='lat' dir='ltr'>in</span> <span class='ocrx_word' id='word_1_83' title='bbox 1450 913 1576 962; x_wconf 92' lang='lat' dir='ltr'>malo</span> <span class='ocrx_word' id='word_1_84' title='bbox 1617 921 1733 964; x_wconf 91' lang='lat' dir='ltr'>sunt</span> <span class='ocrx_word' id='word_1_85' title='bbox 1770 913 1889 964; x_wconf 91' lang='lat' dir='ltr'>boni</span> 
     </span>
     <span class='ocr_line' id='line_1_12' title="bbox 199 987 1886 1054; baseline 0 -17"><span class='ocrx_word' id='word_1_86' title='bbox 199 995 248 1037; x_wconf 90' lang='lat' dir='ltr'>et</span> <span class='ocrx_word' id='word_1_87' title='bbox 301 990 350 1036; x_wconf 91' lang='lat' dir='ltr'>in</span> <span class='ocrx_word' id='word_1_88' title='bbox 403 987 532 1036; x_wconf 90' lang='lat' dir='ltr'>bono</span> <span class='ocrx_word' id='word_1_89' title='bbox 583 987 721 1053; x_wconf 78' lang='lat' dir='ltr'>mali,</span> <span class='ocrx_word' id='word_1_90' title='bbox 776 987 905 1051; x_wconf 89' lang='lat' dir='ltr'>quod</span> <span class='ocrx_word' id='word_1_91' title='bbox 957 987 1151 1036; x_wconf 84' lang='lat' dir='ltr'>videtur</span> <span class='ocrx_word' id='word_1_92' title='bbox 1198 989 1436 1036; x_wconf 89' lang='lat' dir='ltr'>iniustum</span> <span class='ocrx_word' id='word_1_93' title='bbox 1449 1028 1463 1054; x_wconf 66' lang='lat'>7</span> <span class='ocrx_word' id='word_1_94' title='bbox 1520 1003 1691 1037; x_wconf 88' lang='lat' dir='ltr'>verum</span> <span class='ocrx_word' id='word_1_95' title='bbox 1739 990 1886 1037; x_wconf 87' lang='lat' dir='ltr'>etiam</span> 
     </span>
     <span class='ocr_line' id='line_1_13' title="bbox 197 1060 1884 1126; baseline 0 -16"><span class='ocrx_word' id='word_1_96' title='bbox 197 1062 490 1126; x_wconf 86' lang='lat' dir='ltr'>plerumque</span> <span class='ocrx_word' id='word_1_97' title='bbox 539 1069 587 1110; x_wconf 90' lang='lat' dir='ltr'>et</span> <span class='ocrx_word' id='word_1_98' title='bbox 633 1061 773 1110; x_wconf 88' lang='lat' dir='ltr'>malis</span> <span class='ocrx_word' id='word_1_99' title='bbox 831 1061 953 1109; x_wconf 90' lang='lat' dir='ltr'>mala</span> <span class='ocrx_word' id='word_1_100' title='bbox 1014 1063 1247 1110; x_wconf 85' lang='lat' dir='ltr'>eveniunt</span> <span class='ocrx_word' id='word_1_101' title='bbox 1293 1067 1342 1110; x_wconf 92' lang='lat' dir='ltr'>et</span> <span class='ocrx_word' id='word_1_102' title='bbox 1392 1061 1536 1110; x_wconf 87' lang='lat' dir='ltr'>bonis</span> <span class='ocrx_word' id='word_1_103' title='bbox 1590 1060 1718 1110; x_wconf 89' lang='lat' dir='ltr'>bona</span> <span class='ocrx_word' id='word_1_104' title='bbox 1771 1077 1884 1126; x_wconf 90' lang='lat' dir='ltr'>pro-</span> 
     </span>
     <span class='ocr_line' id='line_1_14' title="bbox 196 1134 1884 1201; baseline 0.001 -18"><span class='ocrx_word' id='word_1_105' title='bbox 196 1138 422 1185; x_wconf 89' lang='lat' dir='ltr'>veniunt:</span> <span class='ocrx_word' id='word_1_106' title='bbox 467 1137 620 1199; x_wconf 83' lang='lat' dir='ltr'>magis</span> <span class='ocrx_word' id='word_1_107' title='bbox 661 1134 995 1184; x_wconf 88' lang='lat' dir='ltr'>inscrutabilia</span> <span class='ocrx_word' id='word_1_108' title='bbox 1029 1136 1154 1184; x_wconf 83' lang='lat' dir='ltr'>fiunt</span> <span class='ocrx_word' id='word_1_109' title='bbox 1192 1134 1371 1184; x_wconf 89' lang='lat' dir='ltr'>iudicia</span> <span class='ocrx_word' id='word_1_110' title='bbox 1410 1135 1499 1183; x_wconf 93' lang='lat' dir='ltr'>Dei</span> <span class='ocrx_word' id='word_1_111' title='bbox 1538 1142 1588 1184; x_wconf 88' lang='lat' dir='ltr'>et</span> <span class='ocrx_word' id='word_1_112' title='bbox 1625 1137 1884 1201; x_wconf 85' lang='lat' dir='ltr'>investiga-</span> 
     </span>
     <span class='ocr_line' id='line_1_15' title="bbox 198 1209 1889 1273; baseline -0.001 -15"><span class='ocrx_word' id='word_1_113' title='bbox 198 1209 323 1258; x_wconf 89' lang='lat' dir='ltr'>biles</span> <span class='ocrx_word' id='word_1_114' title='bbox 385 1212 490 1258; x_wconf 90' lang='lat' dir='ltr'>viae</span> <span class='ocrx_word' id='word_1_115' title='bbox 553 1211 674 1258; x_wconf 91' lang='lat' dir='ltr'>eius.</span> <span class='ocrx_word' id='word_1_116' title='bbox 753 1209 984 1266; x_wconf 85' lang='lat' dir='ltr'>Quamvis</span> <span class='ocrx_word' id='word_1_117' title='bbox 1047 1223 1165 1273; x_wconf 85' lang='lat' dir='ltr'>ergo</span> <span class='ocrx_word' id='word_1_118' title='bbox 1221 1210 1499 1257; x_wconf 85' lang='lat' dir='ltr'>nesciamus</span> <span class='ocrx_word' id='word_1_119' title='bbox 1551 1224 1648 1273; x_wconf 90' lang='lat' dir='ltr'>quo</span> <span class='ocrx_word' id='word_1_120' title='bbox 1705 1209 1889 1259; x_wconf 90' lang='lat' dir='ltr'>iudicio-</span> 
     </span>
     <span class='ocr_line' id='line_1_16' title="bbox 114 1282 1885 1347; baseline -0.001 -15"><span class='ocrx_word' id='word_1_121' title='bbox 114 1293 166 1332; x_wconf 87' lang='lat'>15</span> <span class='ocrx_word' id='word_1_122' title='bbox 201 1282 333 1332; x_wconf 90' lang='lat' dir='ltr'>Deus</span> <span class='ocrx_word' id='word_1_123' title='bbox 384 1285 478 1332; x_wconf 87' lang='lat' dir='ltr'>ista</span> <span class='ocrx_word' id='word_1_124' title='bbox 528 1282 604 1331; x_wconf 91' lang='lat' dir='ltr'>vel</span> <span class='ocrx_word' id='word_1_125' title='bbox 650 1283 794 1331; x_wconf 86' lang='lat' dir='ltr'>faciat</span> <span class='ocrx_word' id='word_1_126' title='bbox 839 1283 916 1331; x_wconf 93' lang='lat' dir='ltr'>vel</span> <span class='ocrx_word' id='word_1_127' title='bbox 961 1283 1070 1331; x_wconf 87' lang='lat' dir='ltr'>fieri</span> <span class='ocrx_word' id='word_1_128' title='bbox 1120 1284 1272 1347; x_wconf 83' lang='lat' dir='ltr'>sinat,</span> <span class='ocrx_word' id='word_1_129' title='bbox 1324 1282 1451 1347; x_wconf 85' lang='lat' dir='ltr'>apud</span> <span class='ocrx_word' id='word_1_130' title='bbox 1500 1297 1647 1346; x_wconf 91' lang='lat' dir='ltr'>quem</span> <span class='ocrx_word' id='word_1_131' title='bbox 1696 1298 1885 1332; x_wconf 86' lang='lat' dir='ltr'>summa</span> 
     </span>
     <span class='ocr_line' id='line_1_17' title="bbox 198 1356 1887 1423; baseline 0 -19"><span class='ocrx_word' id='word_1_132' title='bbox 198 1359 356 1406; x_wconf 83' lang='lat' dir='ltr'>virtus</span> <span class='ocrx_word' id='word_1_133' title='bbox 397 1365 488 1423; x_wconf 85' lang='lat' dir='ltr'>est,</span> <span class='ocrx_word' id='word_1_134' title='bbox 528 1371 718 1405; x_wconf 90' lang='lat' dir='ltr'>summa</span> <span class='ocrx_word' id='word_1_135' title='bbox 749 1358 985 1421; x_wconf 89' lang='lat' dir='ltr'>sapientia</span> <span class='ocrx_word' id='word_1_136' title='bbox 1026 1362 1075 1404; x_wconf 89' lang='lat' dir='ltr'>et</span> <span class='ocrx_word' id='word_1_137' title='bbox 1115 1371 1303 1404; x_wconf 90' lang='lat' dir='ltr'>summa</span> <span class='ocrx_word' id='word_1_138' title='bbox 1342 1358 1543 1420; x_wconf 81' lang='lat' dir='ltr'>iustitia,</span> <span class='ocrx_word' id='word_1_139' title='bbox 1582 1356 1713 1405; x_wconf 89' lang='lat' dir='ltr'>nulla</span> <span class='ocrx_word' id='word_1_140' title='bbox 1751 1357 1887 1405; x_wconf 83' lang='lat' dir='ltr'>infir·</span> 
     </span>
     <span class='ocr_line' id='line_1_18' title="bbox 199 1429 1884 1496; baseline 0 -17"><span class='ocrx_word' id='word_1_141' title='bbox 199 1432 371 1496; x_wconf 79' lang='lat' dir='ltr'>mitaS‚</span> <span class='ocrx_word' id='word_1_142' title='bbox 426 1429 556 1479; x_wconf 86' lang='lat' dir='ltr'>nulla</span> <span class='ocrx_word' id='word_1_143' title='bbox 607 1432 885 1495; x_wconf 81' lang='lat' dir='ltr'>temeritaS,</span> <span class='ocrx_word' id='word_1_144' title='bbox 932 1429 1066 1478; x_wconf 89' lang='lat' dir='ltr'>nulla</span> <span class='ocrx_word' id='word_1_145' title='bbox 1111 1431 1368 1493; x_wconf 90' lang='lat' dir='ltr'>iniquitas:</span> <span class='ocrx_word' id='word_1_146' title='bbox 1418 1429 1682 1490; x_wconf 79' lang='lat' dir='ltr'>salubriter</span> <span class='ocrx_word' id='word_1_147' title='bbox 1721 1437 1884 1479; x_wconf 89' lang='lat' dir='ltr'>tamen</span> 
     </span>
     <span class='ocr_line' id='line_1_19' title="bbox 201 1503 1887 1569; baseline 0.001 -17"><span class='ocrx_word' id='word_1_148' title='bbox 201 1504 437 1553; x_wconf 89' lang='lat' dir='ltr'>discimus</span> <span class='ocrx_word' id='word_1_149' title='bbox 477 1519 577 1552; x_wconf 92' lang='lat' dir='ltr'>non</span> <span class='ocrx_word' id='word_1_150' title='bbox 624 1503 1005 1568; x_wconf 84' lang='lat' dir='ltr'>magnipendere</span> <span class='ocrx_word' id='word_1_151' title='bbox 1046 1518 1134 1551; x_wconf 90' lang='lat' dir='ltr'>seu</span> <span class='ocrx_word' id='word_1_152' title='bbox 1174 1503 1301 1551; x_wconf 87' lang='lat' dir='ltr'>bona</span> <span class='ocrx_word' id='word_1_153' title='bbox 1341 1519 1429 1552; x_wconf 89' lang='lat' dir='ltr'>seu</span> <span class='ocrx_word' id='word_1_154' title='bbox 1469 1504 1614 1569; x_wconf 83' lang='lat' dir='ltr'>mala,</span> <span class='ocrx_word' id='word_1_155' title='bbox 1655 1519 1779 1568; x_wconf 89' lang='lat' dir='ltr'>quae</span> <span class='ocrx_word' id='word_1_156' title='bbox 1818 1506 1887 1553; x_wconf 87' lang='lat' dir='ltr'>vi·</span> 
     </span>
     <span class='ocr_line' id='line_1_20' title="bbox 203 1576 1885 1643; baseline 0 -17"><span class='ocrx_word' id='word_1_157' title='bbox 203 1578 376 1627; x_wconf 87' lang='lat' dir='ltr'>demus</span> <span class='ocrx_word' id='word_1_158' title='bbox 417 1593 524 1626; x_wconf 89' lang='lat' dir='ltr'>esse</span> <span class='ocrx_word' id='word_1_159' title='bbox 564 1576 706 1626; x_wconf 88' lang='lat' dir='ltr'>bonis</span> <span class='ocrx_word' id='word_1_160' title='bbox 746 1577 984 1640; x_wconf 88' lang='lat' dir='ltr'>malisque</span> <span class='ocrx_word' id='word_1_161' title='bbox 1026 1578 1325 1643; x_wconf 84' lang='lat' dir='ltr'>communia,</span> <span class='ocrx_word' id='word_1_162' title='bbox 1366 1584 1415 1626; x_wconf 86' lang='lat' dir='ltr'>et</span> <span class='ocrx_word' id='word_1_163' title='bbox 1452 1576 1533 1625; x_wconf 90' lang='lat' dir='ltr'>illa</span> <span class='ocrx_word' id='word_1_164' title='bbox 1571 1577 1699 1626; x_wconf 85' lang='lat' dir='ltr'>hona</span> <span class='ocrx_word' id='word_1_165' title='bbox 1740 1593 1885 1642; x_wconf 88' lang='lat' dir='ltr'>quae-</span> 
     </span>
     <span class='ocr_line' id='line_1_21' title="bbox 108 1650 1887 1718; baseline 0 -18"><span class='ocrx_word' id='word_1_166' title='bbox 108 1662 164 1701; x_wconf 83' lang='lat'>20</span> <span class='ocrx_word' id='word_1_167' title='bbox 202 1667 330 1718; x_wconf 82' lang='lat' dir='ltr'>rere,</span> <span class='ocrx_word' id='word_1_168' title='bbox 371 1667 500 1715; x_wconf 90' lang='lat' dir='ltr'>quae</span> <span class='ocrx_word' id='word_1_169' title='bbox 532 1650 792 1718; x_wconf 79' lang='lat' dir='ltr'>bonorum,</span> <span class='ocrx_word' id='word_1_170' title='bbox 832 1658 978 1714; x_wconf 89' lang='lat' dir='ltr'>atque</span> <span class='ocrx_word' id='word_1_171' title='bbox 1010 1650 1087 1699; x_wconf 91' lang='lat' dir='ltr'>illa</span> <span class='ocrx_word' id='word_1_172' title='bbox 1122 1650 1246 1698; x_wconf 90' lang='lat' dir='ltr'>mala</span> <span class='ocrx_word' id='word_1_173' title='bbox 1285 1653 1493 1699; x_wconf 85' lang='lat' dir='ltr'>maxime</span> <span class='ocrx_word' id='word_1_174' title='bbox 1535 1652 1721 1717; x_wconf 79' lang='lat' dir='ltr'>fugere,</span> <span class='ocrx_word' id='word_1_175' title='bbox 1762 1667 1887 1716; x_wconf 88' lang='lat' dir='ltr'>quae</span> 
     </span>
     <span class='ocr_line' id='line_1_22' title="bbox 199 1723 1887 1790; baseline 0.001 -17"><span class='ocrx_word' id='word_1_176' title='bbox 199 1726 399 1790; x_wconf 89' lang='lat' dir='ltr'>propria</span> <span class='ocrx_word' id='word_1_177' title='bbox 448 1732 563 1774; x_wconf 89' lang='lat' dir='ltr'>sunt</span> <span class='ocrx_word' id='word_1_178' title='bbox 613 1725 868 1773; x_wconf 89' lang='lat' dir='ltr'>malorum.</span> <span class='ocrx_word' id='word_1_179' title='bbox 947 1723 1069 1773; x_wconf 74' lang='lat' dir='ltr'>Cum</span> <span class='ocrx_word' id='word_1_180' title='bbox 1108 1739 1224 1773; x_wconf 84' lang='lat' dir='ltr'>vero</span> <span class='ocrx_word' id='word_1_181' title='bbox 1265 1723 1323 1773; x_wconf 92' lang='lat' dir='ltr'>ad</span> <span class='ocrx_word' id='word_1_182' title='bbox 1362 1724 1481 1773; x_wconf 86' lang='lat' dir='ltr'>illud</span> <span class='ocrx_word' id='word_1_183' title='bbox 1522 1724 1610 1773; x_wconf 91' lang='lat' dir='ltr'>Dei</span> <span class='ocrx_word' id='word_1_184' title='bbox 1649 1725 1887 1775; x_wconf 91' lang='lat' dir='ltr'>iudicium</span> 
     </span>
     <span class='ocr_line' id='line_1_23' title="bbox 198 1798 1885 1864; baseline 0.001 -18"><span class='ocrx_word' id='word_1_185' title='bbox 198 1801 480 1848; x_wconf 81' lang='lat' dir='ltr'>venerimus</span> <span class='ocrx_word' id='word_1_186' title='bbox 492 1839 506 1864; x_wconf 85' lang='grc'>,</span> <span class='ocrx_word' id='word_1_187' title='bbox 558 1801 700 1847; x_wconf 88' lang='lat' dir='ltr'>cuius</span> <span class='ocrx_word' id='word_1_188' title='bbox 751 1806 947 1863; x_wconf 86' lang='lat' dir='ltr'>tempus</span> <span class='ocrx_word' id='word_1_189' title='bbox 987 1800 1082 1846; x_wconf 90' lang='lat' dir='ltr'>iam</span> <span class='ocrx_word' id='word_1_190' title='bbox 1122 1800 1321 1862; x_wconf 88' lang='lat' dir='ltr'>proprie</span> <span class='ocrx_word' id='word_1_191' title='bbox 1363 1799 1466 1846; x_wconf 89' lang='lat' dir='ltr'>dies</span> <span class='ocrx_word' id='word_1_192' title='bbox 1505 1798 1675 1847; x_wconf 87' lang='lat' dir='ltr'>iudicii</span> <span class='ocrx_word' id='word_1_193' title='bbox 1715 1806 1764 1848; x_wconf 92' lang='lat' dir='ltr'>et</span> <span class='ocrx_word' id='word_1_194' title='bbox 1803 1799 1885 1847; x_wconf 90' lang='lat' dir='ltr'>ali-</span> 
     </span>
     <span class='ocr_line' id='line_1_24' title="bbox 200 1871 1885 1937; baseline 0.001 -16"><span class='ocrx_word' id='word_1_195' title='bbox 200 1873 394 1936; x_wconf 88' lang='lat' dir='ltr'>quando</span> <span class='ocrx_word' id='word_1_196' title='bbox 436 1872 540 1921; x_wconf 92' lang='lat' dir='ltr'>dies</span> <span class='ocrx_word' id='word_1_197' title='bbox 580 1871 774 1920; x_wconf 90' lang='lat' dir='ltr'>Domini</span> <span class='ocrx_word' id='word_1_198' title='bbox 813 1879 1155 1936; x_wconf 89' lang='lat' dir='ltr'>nuncupatur:</span> <span class='ocrx_word' id='word_1_199' title='bbox 1205 1887 1303 1920; x_wconf 91' lang='lat' dir='ltr'>non</span> <span class='ocrx_word' id='word_1_200' title='bbox 1345 1872 1502 1921; x_wconf 86' lang='lat' dir='ltr'>solum</span> <span class='ocrx_word' id='word_1_201' title='bbox 1543 1887 1885 1937; x_wconf 88' lang='lat' dir='ltr'>quaecumque</span> 
     </span>
     <span class='ocr_line' id='line_1_25' title="bbox 200 1945 1886 2011; baseline 0.001 -17"><span class='ocrx_word' id='word_1_202' title='bbox 200 1954 319 1995; x_wconf 90' lang='lat' dir='ltr'>tunc</span> <span class='ocrx_word' id='word_1_203' title='bbox 382 1945 761 2011; x_wconf 83' lang='lat' dir='ltr'>iudicabuntur,</span> <span class='ocrx_word' id='word_1_204' title='bbox 817 1961 987 1994; x_wconf 84' lang='lat' dir='ltr'>verum</span> <span class='ocrx_word' id='word_1_205' title='bbox 1044 1948 1189 1994; x_wconf 87' lang='lat' dir='ltr'>etiam</span> <span class='ocrx_word' id='word_1_206' title='bbox 1241 1961 1580 2010; x_wconf 87' lang='lat' dir='ltr'>quaecumque</span> <span class='ocrx_word' id='word_1_207' title='bbox 1635 1946 1694 1994; x_wconf 86' lang='lat' dir='ltr'>ab</span> <span class='ocrx_word' id='word_1_208' title='bbox 1744 1948 1886 1995; x_wconf 89' lang='lat' dir='ltr'>initio</span> 
     </span>
     <span class='ocr_line' id='line_1_26' title="bbox 110 2019 1885 2084; baseline 0 -16"><span class='ocrx_word' id='word_1_209' title='bbox 110 2029 164 2068; x_wconf 84' lang='lat'>25</span> <span class='ocrx_word' id='word_1_210' title='bbox 201 2020 413 2069; x_wconf 88' lang='lat' dir='ltr'>iudicata</span> <span class='ocrx_word' id='word_1_211' title='bbox 453 2027 503 2068; x_wconf 88' lang='lat' dir='ltr'>et</span> <span class='ocrx_word' id='word_1_212' title='bbox 543 2034 882 2083; x_wconf 88' lang='lat' dir='ltr'>quaecumque</span> <span class='ocrx_word' id='word_1_213' title='bbox 922 2035 1080 2083; x_wconf 88' lang='lat' dir='ltr'>usque</span> <span class='ocrx_word' id='word_1_214' title='bbox 1121 2019 1178 2067; x_wconf 87' lang='lat' dir='ltr'>ad</span> <span class='ocrx_word' id='word_1_215' title='bbox 1219 2019 1337 2068; x_wconf 87' lang='lat' dir='ltr'>illud</span> <span class='ocrx_word' id='word_1_216' title='bbox 1378 2026 1574 2084; x_wconf 85' lang='lat' dir='ltr'>tempus</span> <span class='ocrx_word' id='word_1_217' title='bbox 1613 2019 1771 2069; x_wconf 86' lang='lat' dir='ltr'>adhuc</span> <span class='ocrx_word' id='word_1_218' title='bbox 1810 2022 1885 2069; x_wconf 89' lang='lat' dir='ltr'>iu-</span> 
     </span>
     <span class='ocr_line' id='line_1_27' title="bbox 202 2092 1882 2159; baseline 0 -17"><span class='ocrx_word' id='word_1_219' title='bbox 202 2093 404 2142; x_wconf 90' lang='lat' dir='ltr'>dicanda</span> <span class='ocrx_word' id='word_1_220' title='bbox 454 2101 591 2159; x_wconf 78' lang='lat' dir='ltr'>sunt,</span> <span class='ocrx_word' id='word_1_221' title='bbox 639 2093 945 2157; x_wconf 90' lang='lat' dir='ltr'>apparebunt</span> <span class='ocrx_word' id='word_1_222' title='bbox 992 2107 1101 2141; x_wconf 91' lang='lat' dir='ltr'>esse</span> <span class='ocrx_word' id='word_1_223' title='bbox 1141 2095 1422 2142; x_wconf 86' lang='lat' dir='ltr'>iustissima.</span> <span class='ocrx_word' id='word_1_224' title='bbox 1499 2092 1593 2141; x_wconf 89' lang='lat' dir='ltr'>Ubi</span> <span class='ocrx_word' id='word_1_225' title='bbox 1631 2093 1723 2142; x_wconf 91' lang='lat' dir='ltr'>hoc</span> <span class='ocrx_word' id='word_1_226' title='bbox 1764 2109 1882 2158; x_wconf 92' lang='lat' dir='ltr'>quo-</span> 
     </span>
     <span class='ocr_line' id='line_1_28' title="bbox 201 2165 1886 2233; baseline 0.001 -18"><span class='ocrx_word' id='word_1_227' title='bbox 201 2182 297 2230; x_wconf 92' lang='lat' dir='ltr'>que</span> <span class='ocrx_word' id='word_1_228' title='bbox 337 2165 755 2230; x_wconf 79' lang='lat' dir='ltr'>manifestabitur,</span> <span class='ocrx_word' id='word_1_229' title='bbox 804 2181 949 2230; x_wconf 89' lang='lat' dir='ltr'>quam</span> <span class='ocrx_word' id='word_1_230' title='bbox 987 2168 1119 2214; x_wconf 90' lang='lat' dir='ltr'>iusto</span> <span class='ocrx_word' id='word_1_231' title='bbox 1158 2167 1340 2214; x_wconf 89' lang='lat' dir='ltr'>iudicio</span> <span class='ocrx_word' id='word_1_232' title='bbox 1380 2166 1468 2214; x_wconf 88' lang='lat' dir='ltr'>Dei</span> <span class='ocrx_word' id='word_1_233' title='bbox 1507 2167 1610 2233; x_wconf 82' lang='lat' dir='ltr'>fiat,</span> <span class='ocrx_word' id='word_1_234' title='bbox 1657 2173 1713 2216; x_wconf 91' lang='lat' dir='ltr'>ut</span> <span class='ocrx_word' id='word_1_235' title='bbox 1751 2182 1886 2216; x_wconf 88' lang='lat' dir='ltr'>nunc</span> 
     </span>
     <span class='ocr_line' id='line_1_29' title="bbox 199 2239 1881 2303; baseline 0 -15"><span class='ocrx_word' id='word_1_236' title='bbox 199 2248 298 2288; x_wconf 88' lang='lat' dir='ltr'>tam</span> <span class='ocrx_word' id='word_1_237' title='bbox 339 2239 491 2288; x_wconf 92' lang='lat' dir='ltr'>multa</span> <span class='ocrx_word' id='word_1_238' title='bbox 539 2254 593 2287; x_wconf 90' lang='lat' dir='ltr'>ac</span> <span class='ocrx_word' id='word_1_239' title='bbox 632 2254 787 2303; x_wconf 89' lang='lat' dir='ltr'>paene</span> <span class='ocrx_word' id='word_1_240' title='bbox 840 2241 1001 2287; x_wconf 90' lang='lat' dir='ltr'>omnia</span> <span class='ocrx_word' id='word_1_241' title='bbox 1041 2241 1169 2287; x_wconf 89' lang='lat' dir='ltr'>iusta</span> <span class='ocrx_word' id='word_1_242' title='bbox 1207 2239 1387 2287; x_wconf 88' lang='lat' dir='ltr'>iudicia</span> <span class='ocrx_word' id='word_1_243' title='bbox 1425 2239 1514 2287; x_wconf 91' lang='lat' dir='ltr'>Dei</span> <span class='ocrx_word' id='word_1_244' title='bbox 1552 2239 1733 2289; x_wconf 85' lang='lat' dir='ltr'>lateant</span> <span class='ocrx_word' id='word_1_245' title='bbox 1773 2256 1881 2289; x_wconf 89' lang='lat' dir='ltr'>sen-</span> 
     </span>
     <span class='ocr_line' id='line_1_30' title="bbox 200 2312 1883 2379; baseline 0.001 -18"><span class='ocrx_word' id='word_1_246' title='bbox 200 2329 283 2362; x_wconf 89' lang='lat' dir='ltr'>sus</span> <span class='ocrx_word' id='word_1_247' title='bbox 332 2319 620 2376; x_wconf 86' lang='lat' dir='ltr'>mentesque</span> <span class='ocrx_word' id='word_1_248' title='bbox 669 2313 974 2379; x_wconf 77' lang='lat' dir='ltr'>mortalium,</span> <span class='ocrx_word' id='word_1_249' title='bbox 1021 2327 1131 2361; x_wconf 89' lang='lat' dir='ltr'>cum</span> <span class='ocrx_word' id='word_1_250' title='bbox 1172 2318 1336 2360; x_wconf 89' lang='lat' dir='ltr'>tamen</span> <span class='ocrx_word' id='word_1_251' title='bbox 1375 2315 1426 2360; x_wconf 90' lang='lat' dir='ltr'>in</span> <span class='ocrx_word' id='word_1_252' title='bbox 1464 2312 1553 2360; x_wconf 86' lang='lat' dir='ltr'>hac</span> <span class='ocrx_word' id='word_1_253' title='bbox 1593 2328 1647 2362; x_wconf 92' lang='lat' dir='ltr'>re</span> <span class='ocrx_word' id='word_1_254' title='bbox 1686 2315 1883 2377; x_wconf 87' lang='lat' dir='ltr'>piorum</span> 
     </span>
     <span class='ocr_line' id='line_1_31' title="bbox 104 2385 1387 2449; baseline -0.001 -15"><span class='ocrx_word' id='word_1_255' title='bbox 104 2398 161 2436; x_wconf 86' lang='lat'>30</span> <span class='ocrx_word' id='word_1_256' title='bbox 195 2386 338 2435; x_wconf 87' lang='lat' dir='ltr'>fidem</span> <span class='ocrx_word' id='word_1_257' title='bbox 373 2402 471 2435; x_wconf 91' lang='lat' dir='ltr'>non</span> <span class='ocrx_word' id='word_1_258' title='bbox 513 2386 672 2447; x_wconf 87' lang='lat' dir='ltr'>lateat,</span> <span class='ocrx_word' id='word_1_259' title='bbox 711 2388 896 2435; x_wconf 88' lang='lat' dir='ltr'>iustum</span> <span class='ocrx_word' id='word_1_260' title='bbox 937 2401 1044 2434; x_wconf 90' lang='lat' dir='ltr'>esse</span> <span class='ocrx_word' id='word_1_261' title='bbox 1086 2385 1215 2449; x_wconf 89' lang='lat' dir='ltr'>quod</span> <span class='ocrx_word' id='word_1_262' title='bbox 1257 2386 1387 2434; x_wconf 89' lang='lat' dir='ltr'>latet.</span> 
     </span>
    </p>
   </div>
   <div class='ocr_carea' id='block_1_3' title="bbox 313 2528 667 2584">
    <p class='ocr_par' dir='ltr' id='par_1_3' title="bbox 313 2528 667 2584">
     <span class='ocr_line' id='line_1_32' title="bbox 313 2528 667 2584; baseline 0.003 -12"><span class='ocrx_word' id='word_1_263' title='bbox 313 2529 356 2583; x_wconf 89' lang='lat'>1)</span> <span class='ocrx_word' id='word_1_264' title='bbox 388 2528 459 2572; x_wconf 85' lang='lat' dir='ltr'>Ps.</span> <span class='ocrx_word' id='word_1_265' title='bbox 495 2532 593 2584; x_wconf 87' lang='lat'>143,</span> <span class='ocrx_word' id='word_1_266' title='bbox 626 2533 667 2574; x_wconf 86' lang='lat'>4.</span> 
     </span>
    </p>
   </div>
   <div class='ocr_carea' id='block_1_4' title="bbox 191 2635 391 2639">
    <p class='ocr_par' dir='ltr' id='par_1_4' title="bbox 191 2635 391 2639">
     <span class='ocr_line' id='line_1_33' title="bbox 191 2635 391 2639; baseline 0 0"><span class='ocrx_word' id='word_1_267' title='bbox 191 2635 391 2639; x_wconf 95' lang='lat' dir='ltr'> </span> 
     </span>
    </p>
   </div>
   <div class='ocr_carea' id='block_1_5' title="bbox 396 2634 544 2639">
    <p class='ocr_par' dir='ltr' id='par_1_5' title="bbox 396 2634 544 2639">
     <span class='ocr_line' id='line_1_34' title="bbox 396 2634 544 2639; baseline 0 0"><span class='ocrx_word' id='word_1_268' title='bbox 396 2634 544 2639; x_wconf 95' lang='lat' dir='ltr'> </span> 
     </span>
    </p>
   </div>
   <div class='ocr_carea' id='block_1_6' title="bbox 190 2688 1882 2802">
    <p class='ocr_par' dir='ltr' id='par_1_6' title="bbox 190 2688 1882 2802">
     <span class='ocr_line' id='line_1_35' title="bbox 313 2688 1882 2747; baseline 0.001 -14"><span class='ocrx_word' id='word_1_269' title='bbox 313 2695 338 2733; x_wconf 89' lang='lat'><strong>3</strong></span> <span class='ocrx_word' id='word_1_270' title='bbox 371 2690 445 2733; x_wconf 88' lang='lat' dir='ltr'>uel</span> <span class='ocrx_word' id='word_1_271' title='bbox 471 2703 494 2733; x_wconf 59' lang='lat' dir='ltr'>&gt;v</span> <span class='ocrx_word' id='word_1_272' title='bbox 520 2691 534 2745; x_wconf 85' lang='grc' dir='ltr'>ΙΙ</span> <span class='ocrx_word' id='word_1_273' title='bbox 562 2694 615 2732; x_wconf 83' lang='grc'>14</span> <span class='ocrx_word' id='word_1_274' title='bbox 649 2688 772 2733; x_wconf 87' lang='lat' dir='ltr'>illius</span> <span class='ocrx_word' id='word_1_275' title='bbox 804 2703 829 2734; x_wconf 84' lang='lat' dir='ltr'><strong><em>v</em></strong></span> <span class='ocrx_word' id='word_1_276' title='bbox 854 2691 868 2745; x_wconf 76' lang='grc' dir='ltr'>Η</span> <span class='ocrx_word' id='word_1_277' title='bbox 894 2694 948 2733; x_wconf 87' lang='grc'>16</span> <span class='ocrx_word' id='word_1_278' title='bbox 983 2691 1054 2732; x_wconf 79' lang='lat' dir='ltr'>est</span> <span class='ocrx_word' id='word_1_279' title='bbox 1083 2688 1155 2743; x_wconf 78' lang='lat' dir='ltr'>R‚·</span> <span class='ocrx_word' id='word_1_280' title='bbox 1187 2690 1256 2732; x_wconf 73' lang='lat' dir='ltr'>est</span> <span class='ocrx_word' id='word_1_281' title='bbox 1289 2692 1336 2733; x_wconf 79' lang='lat' dir='ltr'>et</span> <span class='ocrx_word' id='word_1_282' title='bbox 1369 2690 1557 2734; x_wconf 82' lang='lat' dir='ltr'>AParr.</span> <span class='ocrx_word' id='word_1_283' title='bbox 1593 2705 1617 2734; x_wconf 83' lang='lat' dir='ltr'><em>v</em></span> <span class='ocrx_word' id='word_1_284' title='bbox 1642 2692 1657 2747; x_wconf 81' lang='grc' dir='ltr'>ΙΙ</span> <span class='ocrx_word' id='word_1_285' title='bbox 1681 2692 1727 2735; x_wconf 84' lang='lat' dir='ltr'>et</span> <span class='ocrx_word' id='word_1_286' title='bbox 1759 2705 1882 2735; x_wconf 82' lang='lat' dir='ltr'>sum—</span> 
     </span>
     <span class='ocr_line' id='line_1_36' title="bbox 190 2747 752 2802; baseline 0.002 -11"><span class='ocrx_word' id='word_1_287' title='bbox 190 2763 270 2793; x_wconf 79' lang='lat' dir='ltr'>ma</span> <span class='ocrx_word' id='word_1_288' title='bbox 297 2748 404 2792; x_wconf 81' lang='lat' dir='ltr'>iust.</span> <span class='ocrx_word' id='word_1_289' title='bbox 435 2747 505 2802; x_wconf 82' lang='lat' dir='ltr'>R;</span> <span class='ocrx_word' id='word_1_290' title='bbox 538 2750 585 2791; x_wconf 80' lang='lat' dir='ltr'>et</span> <span class='ocrx_word' id='word_1_291' title='bbox 616 2761 695 2792; x_wconf 84' lang='lat' dir='ltr'>om.</span> <span class='ocrx_word' id='word_1_292' title='bbox 727 2762 752 2792; x_wconf 83' lang='grc' dir='ltr'><strong>υ</strong></span> 
     </span>
    </p>
   </div>
  </div>
 </body>
</html>
