2044 3146
568 152 634 184 DE
660 151 898 184 CIVITATE-
923 153 1010 184 DEI
1035 153 1076 184 L.
1101 153 1223 183 xvn.
1249 152 1286 184 c.
1312 154 1364 184 12.
1709 139 1816 192 233

137 274 315 327 mente,
354 266 586 329 Domine,
626 265 720 312 nisi
759 270 814 312 ut
852 265 1132 312 miserearis
1174 271 1223 312 et
1259 280 1350 328 pro
1391 263 1594 313 tolerata
1633 266 1819 328 patien-

140 347 216 388 ter
276 338 547 388 humilitate
610 352 717 385 mea
780 336 956 385 reddas
1018 337 1384 404 celsitudinem,
1447 353 1591 402 quam
1647 339 1819 386 iurasti

139 411 286 462 David
327 414 377 461 in
409 413 612 460 veritate
644 407 765 460 tua‘?
829 410 879 459 Si
920 417 1083 459 autem
1114 411 1306 460 Iudaeis
1347 411 1660 475 adsignemus
1699 411 1818 460 haec

138 485 300 550 verba,
338 485 407 534 illi
447 486 576 534 servi
614 483 704 532 Dei
742 484 854 533 talia
895 485 1058 533 dicere
1099 492 1383 551 potuerunt,
1423 487 1507 548 qui
1547 492 1819 549 expugnata

141 567 336 608 terrena
385 556 716 623 Hierusalem,
763 566 1023 622 antequam
1074 557 1213 607 Iesus
1260 557 1485 607 Christus
1535 559 1818 607 humanitus
1852 567 1880 607 5

137 638 448 698 nasceretur,
493 634 543 680 in
595 633 924 696 captivitatem
965 631 1100 681 ducti
1139 639 1269 698 sunt,
1308 632 1649 696 intellegentes
1689 647 1818 680 com-

137 707 457 755 mutationem
513 704 720 771 Christi,
775 707 888 770 quia
939 705 1127 754 scilicet
1178 721 1274 754 non
1326 721 1415 770 per
1463 721 1575 754 eum
1623 713 1819 754 terrena

138 779 444 844 carnalisque
495 779 724 845 felicitaS,
772 779 927 843 qualis
974 781 1143 844 paucis
1194 781 1333 828 annis
1374 781 1504 843 regis
1546 779 1819 828 Salomonis

137 855 378 919 apparuit,
418 853 503 902 sed
537 853 760 902 caelestis
793 868 848 902 ac
881 853 1115 918 spiritalis
1148 860 1280 902 esset
1311 853 1519 902 fideliter
1559 859 1818 918 expectan-

133 927 215 993 da;
278 942 422 992 quam
477 933 597 976 tunc
662 928 893 991 ignorans
947 927 1207 975 infidelitas
1262 929 1506 991 gentium,
1562 942 1673 976 cum
1730 926 1816 976 Dei
1854 938 1909 976 10

132 1001 370 1066 populum
418 1000 665 1050 exultabat
715 1007 859 1064 atque
910 1000 1176 1051 insultabat
1226 1016 1334 1049 esse
1376 1002 1648 1066 captivum,
1700 1000 1815 1065 quid

134 1074 264 1123 aliud
299 1089 444 1138 quam
470 1073 652 1123 Christi
678 1076 1127 1140 commutationem,
1159 1074 1243 1123 sed
1280 1073 1550 1123 scientibus
1576 1076 1818 1142 nescienS,

133 1145 497 1212 exprobrabat?
558 1147 620 1196 Et
670 1147 781 1196 ideo
834 1147 962 1212 quod
1017 1150 1270 1214 sequitur,
1321 1146 1407 1196 ubi
1457 1148 1673 1212 psalmus
1724 1150 1821 1197 iste

133 1221 466 1270 concluditur:
522 1222 814 1271 Benedictio
855 1223 1058 1271 Domini
1105 1225 1153 1270 in
1207 1228 1494 1270 aeternum:
1542 1224 1662 1282 fiat,
1709 1226 1820 1288 siat,

131 1297 361 1344 universo
412 1294 594 1360 populo
643 1294 730 1343 Dei
778 1295 837 1344 ad
886 1295 1146 1344 caelestem
1187 1294 1494 1344 Hierusalem
1546 1297 1818 1360 pertinenti
1854 1308 1908 1345 15

133 1370 233 1418 sive
274 1370 324 1417 in
365 1368 482 1434 illis,
523 1371 607 1433 qui
646 1367 862 1418 latebant
900 1371 950 1418 in
991 1375 1287 1418 testamento
1328 1375 1517 1435 vetere,
1556 1376 1818 1434 antequam

131 1442 434 1492 revelaretur
473 1458 676 1509 novum,
729 1444 830 1491 sive
869 1445 920 1492 in
960 1442 1060 1503 his,
1101 1445 1184 1507 qui
1223 1445 1318 1491 iam
1359 1449 1651 1492 testamento
1693 1459 1819 1492 novo

131 1515 343 1565 revelato
384 1517 640 1565 manifeste
680 1519 930 1581 pertinere
971 1523 1244 1565 cernuntur
1285 1517 1343 1565 ad
1385 1515 1663 1583 Christum,
1701 1520 1819 1567 satis

132 1591 375 1654 congruit.
436 1589 723 1639 Benedictio
764 1592 944 1655 quippe
979 1589 1171 1639 Domini
1210 1593 1260 1639 in
1301 1592 1488 1639 semine
1528 1590 1676 1641 David
1718 1608 1816 1640 non

132 1663 189 1711 ad
230 1662 424 1727 aliquod
467 1670 685 1729 tempuS,
725 1664 882 1727 qualis
922 1663 1097 1713 diebus
1138 1663 1412 1713 Salomonis
1451 1667 1690 1732 apparuit,
1730 1666 1815 1714 sed
1851 1677 1908 1716 20

130 1738 179 1784 in
222 1743 477 1785 aeternum
517 1737 755 1801 speranda
798 1744 893 1804 est,
946 1739 995 1786 in
1037 1753 1131 1802 qua
1172 1739 1446 1786 certissima
1487 1754 1571 1802 spe
1613 1739 1814 1789 dicitur:

131 1812 273 1871 Fiat,
320 1813 429 1869 fiat.
506 1809 641 1858 Illius
689 1811 819 1859 enim
868 1813 972 1875 spei
1019 1818 1095 1859 est
1145 1811 1451 1859 confirmatio
1492 1811 1629 1861 verbi
1667 1813 1816 1862 huius

131 1885 339 1931 iteratio.
416 1882 521 1932 Hoc
554 1899 671 1948 ergo
703 1884 994 1948 intellegens
1027 1883 1175 1932 David
1209 1886 1275 1933 ait
1306 1886 1355 1933 in
1390 1884 1606 1934 secundo
1641 1901 1814 1951 regno-

130 1971 238 2005 rum
288 1955 437 2023 libro,
487 1957 619 2005 unde
668 1957 726 2006 ad
774 1959 922 2006 istum
970 1957 1210 2022 psalmum
1260 1958 1468 2022 digressi
1508 1974 1700 2009 sumus:
1750 1961 1817 2008 Et

130 2033 325 2079 loeutus
358 2045 409 2079 es
434 2045 533 2092 pro
567 2033 709 2080 domo
740 2034 878 2080 servi
906 2035 982 2080 tui
1019 2034 1070 2080 in
1103 2035 1441 2093 lonqinquum.
1504 2032 1617 2081 Ideo
1652 2040 1813 2082 autem
1848 2044 1903 2083 25

131 2111 243 2168 post
281 2103 535 2168 paululum
575 2106 662 2154 ait:
718 2106 864 2155 Nune
904 2108 1070 2168 incipe
1109 2112 1157 2155 et
1195 2107 1406 2155 benedic
1446 2107 1642 2156 domum
1680 2111 1818 2157 servi

130 2179 206 2225 tui
241 2192 398 2238 usque
438 2180 489 2226 in
523 2185 784 2228 aeternum
817 2185 866 2227 et
898 2186 1077 2244 cetera,
1117 2181 1230 2243 quia
1262 2185 1380 2228 tunc
1412 2181 1670 2243 geniturus
1710 2188 1816 2230 erat

129 2250 296 2317 filium,
335 2266 395 2299 ex
437 2266 533 2315 quo
572 2254 834 2317 progenies
875 2254 981 2301 eius
1021 2253 1387 2310 duceretur-ad
1421 2252 1686 2320 Christum,
1725 2270 1815 2319 per

130 2338 274 2387 quem
326 2325 491 2373 futura
543 2333 648 2374 erat
698 2325 874 2375 domus
922 2327 1036 2375 eius*
1075 2332 1274 2375 aeterna
1322 2326 1590 2391 eademque
1639 2327 1813 2377 domus

129 2395 230 2446 Dei.
314 2397 498 2447 Domus
549 2401 682 2448 enim
733 2399 882 2448 David
936 2406 1142 2464 propter
1200 2415 1357 2464 genus
1407 2400 1579 2466 David3
1636 2401 1810 2450 domus
1844 2415 1903 2452 30

127 2477 290 2520 autem
323 2470 411 2519 Dei
443 2471 612 2521 eadem
644 2475 748 2538 ipsa
787 2479 990 2538 propter
1030 2473 1266 2538 templum
1300 2473 1387 2522 Dei
1427 2474 1486 2522 de
1526 2473 1807 2524 hominibus

128 2543 325 2609 sactum,
363 2559 461 2593 non
495 2545 555 2594 de
587 2546 845 2611 lapidibus,
884 2545 970 2595 ubi
1001 2545 1188 2595 habitet
1218 2549 1269 2595 in
1302 2553 1558 2596 aeternum
1597 2548 1810 2612 populus

129 2631 240 2664 cum
280 2615 380 2666 Deo
426 2624 476 2666 et
521 2620 572 2667 in
611 2619 712 2668 Deo
764 2635 854 2668 suo
868 2660 882 2686 ,
931 2627 979 2668 et
1019 2619 1150 2668 Deus
1199 2635 1310 2669 cum
1351 2620 1532 2685 populo
1572 2628 1718 2686 atque
1759 2623 1810 2670 in

126 2689 308 2754 populo
355 2705 467 2756 suo;
518 2693 583 2741 ita
634 2699 689 2741 ut
735 2692 866 2742 Deus
919 2695 982 2742 sit
1020 2693 1229 2757 implens
1268 2694 1505 2758 populum
1546 2709 1711 2760 suum,
1761 2702 1812 2744 et

126 2763 339 2828 populus
389 2763 564 2828 plenus
606 2765 704 2814 Deo
746 2781 858 2832 suo,
906 2782 1018 2815 cum
1059 2766 1190 2815 Deus
1231 2769 1325 2815 erit
1364 2769 1526 2815 omnia
1566 2769 1614 2816 in
1657 2770 1807 2816 omni·
1843 2779 1902 2817 35

246 2875 315 2930 14)
349 2874 423 2918 Ps.
459 2879 529 2932 88,
563 2881 619 2921 50
651 2891 749 2932 sqq.
812 2880 886 2934 27)
919 2883 958 2922 2.
995 2877 1115 2923 Sam.
1151 2883 1191 2935 7,
1226 2883 1404 2934 193'29.
