2054 3152
606 155 672 187 m:
693 152 933 188 CIVITATE
958 154 1046 186 DEI
1069 153 1111 186 L.
1135 155 1238 187 ΧΠ.
1264 153 1301 188 c.
1328 155 1379 188 10.
1737 145 1838 196 141

307 269 433 319 Cum
468 281 586 331 ergo
619 267 901 330 quaerimus
933 268 983 314 in
1016 266 1110 315 illis
1151 268 1458 331 septuaginta
1498 267 1688 317 duabus
1728 284 1843 333 gen·

160 342 294 394 tibus
327 343 573 392 civitatem
604 339 706 405 Dei,
745 355 845 388 non
883 352 1148 404 possumus
1187 340 1444 390 adfirmare
1483 341 1566 390 illo
1606 348 1844 409 tempore,

163 432 260 481 quo
300 421 404 465 erat
445 415 517 463 eis
556 411 739 463 labium
777 428 948 479 unum,
986 414 1036 462 id
1077 420 1151 463 est
1189 414 1400 478 loquella
1439 430 1551 480 una,
1589 423 1708 465 tuno
1747 417 1842 465 iam

158 505 317 554 genus
356 488 629 537 humanum
660 487 924 537 alienatum
963 488 1116 536 fuisse
1158 503 1184 535 a
1224 487 1359 537 cultu
1401 491 1504 537 veri
1543 488 1646 555 Dei,
1683 492 1750 539 ita
1788 498 1842 539 ut

156 565 208 612 in
249 562 365 612 solis
414 563 524 611 istis
571 560 973 626 generationibus
1021 563 1178 626 pietas
1216 577 1330 610 vera
1369 569 1670 628 remaneret,
1719 579 1843 628 quae
1877 572 1902 611 5

158 635 468 687 descendunt
516 635 575 684 de
623 637 810 684 semine
853 634 968 684 Sem
1013 651 1104 700 per
1150 635 1396 701 Arphaxat
1442 644 1490 686 et
1536 637 1746 686 tendunt
1785 637 1844 686 ad

160 710 423 775 Abraham3
472 710 557 758 sed
607 708 666 757 ab
714 708 795 757 illa
841 708 1075 774 superbia
1124 709 1451 759 aedificandae
1492 712 1645 759 turris
1684 726 1842 775 usque

159 787 212 834 in
251 783 466 850 caelum,
515 798 611 848 qua
651 784 799 847 impia
839 783 1145 848 significatur
1184 783 1355 850 elatiO,
1395 786 1622 850 apparuit
1661 786 1845 849 civitaS,

157 858 253 907 hoc
293 864 368 907 est
408 859 632 922 societas,
671 858 951 921 impiorum.
1030 856 1203 906 Utrum
1244 859 1409 922 itaque
1450 865 1562 907 ante
1602 873 1701 906 non
1741 859 1843 907 fue-

159 934 226 981 rit
276 947 337 980 an
391 931 617 996 latuerit,
666 946 726 979 an
773 932 940 995 potius
978 938 1189 995 utraque
1228 934 1584 998 permanserit,
1633 934 1711 997 pia
1752 934 1842 981 sci·
1880 942 1933 981 10
1972 923 1981 929 ⁵

162 1006 277 1055 licet
316 1007 367 1054 in
408 1004 601 1054 duobus
650 1003 762 1053 filiis
800 1004 927 1070 Noe,
976 1006 1060 1069 qui
1098 1003 1347 1054 benedicti
1387 1012 1524 1072 sunt,
1572 1021 1844 1070 eorumque

160 1081 398 1145 posteris;
438 1079 586 1143 impia
618 1093 733 1127 vero
765 1079 816 1128 in
858 1094 930 1144 eo,
970 1080 1055 1142 qui
1093 1078 1382 1129 maledictus
1424 1086 1513 1145 est,
1552 1085 1698 1144 atque
1739 1081 1846 1128 eius

162 1155 421 1219 progenie,
476 1151 564 1200 ubi
619 1153 765 1201 etiam
818 1159 1020 1201 exortus
1072 1159 1145 1202 est
1200 1154 1370 1217 gigans
1419 1160 1622 1202 venator
1676 1162 1847 1202 eontra

163 1227 451 1291 Dominum,
506 1241 605 1274 non
635 1231 744 1293 aest
798 1225 1082 1275 diiudicatio
1138 1226 1307 1275 facilis.
1400 1225 1645 1275 Fortassis
1701 1228 1847 1293 enim,

160 1301 291 1366 quod
330 1300 554 1365 profecto
596 1302 671 1348 est
711 1298 1021 1365 credibilius,
1070 1306 1119 1349 et
1157 1301 1207 1348 in
1248 1300 1358 1349 filiis
1399 1301 1611 1349 duorum
1650 1299 1847 1349 illorum
1883 1309 1935 1349 15

159 1377 255 1424 iam
294 1381 442 1440 tuno,
490 1380 751 1438 antequam
791 1372 1056 1438 Babylonia
1095 1375 1340 1439 coepisset
1379 1375 1597 1439 institui,
1645 1374 1848 1423 fuerunt

162 1453 530 1513 contemptores
570 1445 685 1512 Dei,
726 1453 776 1496 et
813 1449 864 1496 in
903 1447 1015 1496 filiis
1057 1447 1209 1497 Cham
1249 1447 1466 1497 cultores
1505 1447 1616 1513 Dei3
1656 1454 1846 1497 utrum-

162 1537 259 1586 que
298 1529 463 1571 tamen
493 1520 750 1570 hominum
790 1536 947 1585 genus
989 1523 1136 1571 terris
1175 1537 1445 1586 numquam
1484 1521 1700 1570 defuisse
1743 1537 1847 1570 ere-

162 1595 378 1645 dendum
426 1601 515 1644 est.
579 1594 647 1643 -Si
694 1594 893 1659 quidem
942 1602 990 1644 et
1037 1595 1235 1660 quando
1283 1597 1469 1645 dictum
1518 1603 1616 1644 est:
1671 1595 1848 1645 Omnes

162 1672 570 1730 declinaverunt,
620 1671 771 1718 simul
806 1671 1007 1719 inutiles
1041 1668 1177 1731 facti
1212 1675 1355 1727 sunt;
1393 1684 1494 1719 non
1534 1676 1608 1719 est
1644 1672 1734 1731 qui
1765 1668 1846 1730 fa-
1881 1679 1938 1718 20

164 1746 272 1793 ciat
310 1745 505 1802 bonum,
546 1757 645 1791 non
678 1748 750 1791 est
789 1757 947 1803 usque
986 1746 1059 1792 ad
1094 1758 1262 1805 unum,
1303 1746 1354 1792 in
1394 1750 1606 1807 utroque
1646 1742 1850 1808 psalmo,

162 1816 248 1866 ubi
294 1817 414 1865 haee
463 1814 611 1864 verba
658 1822 799 1881 sunt,
847 1822 896 1864 et
942 1815 1036 1865 hoc
1083 1815 1285 1881 legitur:
1332 1818 1510 1866 Nonne
1548 1823 1851 1878 coynoscent

165 1904 347 1952 omneS,
388 1892 478 1951 qui
506 1896 788 1952 operantur
828 1892 1165 1951 iniquitatem,
1205 1893 1295 1951 qui
1331 1892 1578 1940 devorant
1608 1893 1851 1952 populum

166 1979 327 2014 meum
367 1967 419 2013 in
459 1965 574 2013 cibo
609 1965 794 2025 panis?
840 1961 960 2012 Erat
999 1979 1116 2028 ergo
1159 1965 1305 2013 etiam
1343 1971 1462 2013 tunc
1501 1963 1714 2028 populus
1746 1962 1849 2012 Dei.

165 2037 306 2087 Unde
345 2036 481 2103 illud,
521 2036 651 2101 quod
692 2036 878 2085 dictum
919 2044 1015 2086 est:
1063 2039 1172 2087 Non
1214 2044 1289 2087 est
1327 2039 1415 2099 qui
1446 2036 1614 2099 faciat
1653 2039 1848 2096 bonum,
1882 2047 1938 2087 25

164 2126 263 2162 non
312 2118 387 2161 est
430 2126 589 2172 usque
635 2113 707 2160 ad
749 2125 930 2171 unum,
982 2110 1041 2160 de
1090 2111 1201 2160 filiis
1240 2111 1496 2160 hominum
1534 2110 1719 2160 dictum
1759 2119 1850 2175 est,

166 2201 266 2234 non
305 2185 365 2234 de
405 2184 517 2233 filiis
555 2183 658 2234 Dei.
735 2183 857 2232 Nam
905 2187 1232 2249 praemissum
1280 2191 1374 2235 est:
1431 2186 1567 2234 Deus
1607 2185 1669 2234 de
1707 2188 1849 2235 caelo

160 2262 427 2322 prospexit
459 2273 627 2320 super
668 2261 802 2318 filios
848 2259 1122 2318 hominum,
1169 2265 1227 2308 ut
1269 2261 1465 2309 videret-
1515 2261 1562 2307 si
1597 2264 1671 2308 est
1709 2261 1848 2308 intel-

165 2336 334 2394 leqens
366 2339 457 2382 aut
487 2335 753 2393 requirens
783 2332 958 2393 Deum,
1000 2348 1055 2382 ac
1089 2332 1263 2382 deinde
1296 2332 1377 2382 illa
1409 2331 1685 2398 subiuncta,
1725 2347 1848 2396 quae

165 2412 336 2455 omnes
384 2405 509 2454 filios
556 2405 833 2471 hominum,
883 2405 933 2454 id
983 2412 1083 2472 est,
1133 2405 1192 2455 ad
1240 2408 1489 2456 civitatem
1527 2407 1850 2470 pertinenteS‚
1883 2415 1941 2454 3ο

168 2495 292 2544 quae
332 2481 449 2529 vivit
488 2478 760 2528 secundum
799 2478 1068 2545 hominem,
1109 2495 1207 2528 non
1248 2480 1521 2551 seeundum
1562 2478 1733 2543 Deum,
1772 2493 1848 2527 re·

170 2553 352 2618 probos
392 2568 502 2602 esse
542 2552 894 2602 demonstrant.

284 2683 358 2735 29)
390 2680 464 2724 Ps.
500 2684 569 2736 13,
601 2684 626 2723 2
660 2694 779 2735 sqq.;
812 2684 884 2735 52,
917 2685 942 2723 3
976 2694 1072 2736 sqq.

287 2891 312 2930 3
344 2884 437 2930 inis
466 2898 492 2932 v
515 2886 531 2942 ιι
553 2885 759 2942 loquella
798 2886 884 2931 VR
