2054 3152
598 153 665 185 DE
689 151 927 186 CIVITATE
951 152 1040 185 DEI
1063 153 1105 185 L.
1129 153 1230 185 XVI.
1256 152 1293 186 c.
1317 153 1349 186 6.
1720 140 1823 193 133

144 267 275 315 enim
314 264 406 314 sibi
443 267 537 329 ipsi
578 272 694 314 sunt
731 266 926 327 veritaS,
967 265 1053 314 sed
1093 267 1346 315 creatricis
1385 267 1650 330 participes
1690 265 1823 315 Veri-

145 341 258 389 tatis
308 338 365 387 ad
413 337 544 387 illam
593 345 874 405 moventur,
926 345 1172 403 tamquam
1221 339 1279 388 ad
1327 339 1513 388 fontem
1558 341 1707 405 vitae,
1754 346 1824 405 ut,

144 412 274 477 quod
305 426 404 460 non
435 411 619 461 habent
657 428 717 461 ex
756 428 808 462 se
848 415 983 480 ipsiS,
1023 415 1218 478 capiant
1256 429 1316 462 ex
1354 415 1472 478 ipsa.
1549 412 1612 462 Et
1651 428 1824 463 eorum

141 485 328 534 stabilis
382 493 460 535 est
517 488 610 535 iste
656 493 841 552 motuS‚
890 502 986 551 quo
1034 488 1259 554 veniunt,
1306 489 1390 551 qui
1431 502 1529 536 non
1568 487 1822 536 recedunt.

139 558 240 608 Nec
287 561 357 608 sic
405 559 624 624 loquitur
677 560 862 625 angelis
909 560 1063 627 Deus,
1111 576 1207 625 quo
1256 561 1400 610 modo
1448 576 1539 610 nos
1578 562 1629 609 in
1668 562 1823 610 vicem
1856 571 1882 610 5

138 632 281 682 nobis
329 633 404 681 vel
443 633 544 683 Deo
593 633 668 683 vel
715 634 898 699 angelis
946 634 1022 683 vel
1067 636 1163 700 ipsi
1217 634 1376 699 angeli
1415 634 1557 684 nobis
1596 636 1697 683 sive
1736 649 1825 698 per

142 707 252 756 illos
300 706 430 756 Deus
487 707 652 773 nobiS‚
707 707 792 757 sed
840 707 1074 757 ineffabili
1121 724 1210 757 suo
1258 709 1426 774 mod03
1479 708 1622 757 nobis
1662 715 1824 756 autem

141 780 236 830 hoc
290 781 536 830 indicatur
584 782 754 830 nostro
806 782 966 832 modo.
1043 782 1131 831 Dei
1178 784 1360 847 quippe
1410 781 1666 831 sublimior
1713 787 1824 830 ante

143 870 288 904 suum
328 856 512 904 sactum
550 854 734 904 locutio
766 857 922 921 ipsius
962 858 1039 905 sui
1078 857 1193 905 facti
1232 864 1310 905 est
1345 855 1647 904 inmutabilis
1687 857 1826 920 rati0,

141 944 265 994 quae
298 944 396 978 non
428 928 575 977 habet
615 945 791 978 sonum
816 936 1119 994 strepentem
1159 936 1305 994 atque
1346 935 1700 996 transeuntem,
1740 927 1825 977 sed
1861 940 1915 980 10

139 1006 238 1052 vim
306 1005 603 1067 sempiterne
671 1010 951 1052 manentem
1014 1011 1064 1053 et
1126 997 1464 1068 temporaliter
1526 1009 1826 1068 operantem.

140 1077 240 1126 Hac
298 1077 517 1140 loquitur
576 1076 761 1141 angelis
817 1079 1025 1138 sanctis,
1080 1076 1222 1126 nohis
1275 1085 1438 1126 autem
1491 1076 1632 1126 aliter
1682 1076 1825 1140 longe

140 1152 339 1215 positis·
409 1149 614 1207 Quando
656 1156 820 1199 autem
869 1153 1018 1200 etiam
1059 1167 1148 1199 nos
1189 1150 1371 1215 aliquid
1412 1150 1522 1199 talis
1562 1149 1826 1199 locutionis

139 1223 462 1273 interioribus
502 1223 707 1272 auribus
747 1226 980 1291 capimus,
1020 1223 1204 1289 angelis
1243 1226 1648 1289 propinquamus
1718 1222 1826 1271 Non

139 1300 304 1362 itaque
353 1297 473 1346 mihi
520 1297 722 1346 adsidue
770 1298 1020 1347 reddenda
1070 1300 1195 1347 ratio
1236 1304 1313 1347 est
1350 1300 1402 1347 in
1441 1297 1535 1346 hoc
1576 1312 1725 1363 opere
1765 1296 1825 1345 de
1861 1309 1914 1348 15

139 1370 472 1421 locutionibus
523 1370 624 1420 Dei.
702 1371 798 1420 Aut
849 1373 979 1420 enim
1027 1371 1217 1421 Veritas
1270 1370 1688 1420 incommutabilis
1738 1386 1828 1435 per

143 1461 196 1495 se
235 1447 392 1510 ipsam
438 1443 752 1494 ineffabiliter
798 1445 1019 1510 loquitur
1065 1445 1317 1495 rationalis
1358 1451 1612 1495 creaturae
1652 1445 1826 1494 menti-

139 1519 249 1586 hus,
289 1525 373 1568 aut
410 1534 501 1583 per
540 1518 826 1568 mutabilem
866 1526 1143 1569 creaturam
1182 1519 1418 1586 loquitur,
1457 1520 1558 1568 sive
1599 1517 1828 1584 spiritali-

140 1592 235 1642 bus
274 1592 568 1657 imaginibus
615 1599 787 1642 nostro
838 1595 1033 1658 spiritui
1081 1595 1181 1643 sive
1231 1592 1570 1658 corporalibus
1625 1591 1828 1641 vocibus

60 1664 65 1669 ⁴
140 1668 363 1731 corporis
403 1668 584 1715 sensui.
1864 1679 1919 1718 20

291 1739 416 1788 Illud
463 1755 579 1787 sane
620 1739 751 1803 quod
799 1739 985 1788 dictum
1027 1746 1122 1790 est:
1173 1741 1240 1789 Et
1277 1755 1414 1790 nunc
1453 1755 1554 1790 non
1594 1742 1830 1799 deficient

142 1829 208 1863 ex
248 1815 344 1862 illis
383 1816 550 1862 omnia
562 1853 577 1878 ‚
628 1828 760 1873 quae
808 1817 982 1862 conati
1013 1813 1213 1875 fuerint
1245 1813 1451 1875 facere,
1502 1829 1602 1861 non
1643 1813 1829 1862 dictum

143 1894 220 1936 est
259 1885 608 1951 confirmando,
649 1886 734 1934 sed
775 1893 1025 1951 tamquam
1063 1887 1430 1953 interrogand0‚
1470 1888 1600 1935 sicut
1638 1886 1763 1935 solet
1802 1901 1828 1934 a

143 1959 555 2009 comminantibus
595 1959 712 2026 diei,
753 1975 900 2024 quem
940 1961 999 2010 ad
1039 1961 1239 2010 modum
1280 1963 1346 2010 ait
1386 1960 1605 2024 quidam:

288 2064 403 2112 Non
442 2079 582 2111 arma
622 2064 884 2125 expedient
921 2067 1127 2128 totaque
1167 2082 1226 2114 ex
1263 2066 1387 2114 urbe
1426 2062 1731 2127 sequentur?
1861 2075 1916 2115 25

150 2165 232 2215 Sic
265 2181 382 2230 ergo
416 2166 757 2230 accipiendum
789 2173 880 2233 est,
912 2174 1161 2232 tamquam
1193 2168 1394 2217 dixerit:
1432 2165 1635 2233 „Nonne
1669 2167 1829 2214 omnia

145 2239 376 2288 deficient
415 2255 475 2288 ex
513 2239 631 2306 illis,
672 2255 796 2304 quae
837 2243 999 2291 conati
1039 2242 1225 2290 fuerint
1265 2242 1427 2290 facere
1441 2235 1499 2289 ‘?“
1546 2239 1641 2288 Sed
1683 2242 1725 2288 si
1763 2241 1830 2288 ita

147 2312 356 2379 dicatur,
394 2328 494 2361 non
531 2315 762 2378 exprimit
798 2317 1190 2364 comminantem.
1268 2314 1451 2364 Verum
1489 2321 1694 2378 propter
1733 2320 1828 2362 tar-

145 2385 398 2436 diusculos
430 2386 705 2436 addidimus
735 2388 1042 2455 particulam,
1081 2389 1130 2438 id
1162 2395 1239 2437 est
1276 2384 1415 2455 „ne“‚
1454 2394 1511 2436 ut
1549 2387 1827 2435 diceremus

139 2455 405 2526 „nonne“‚
467 2463 699 2524 quoniam
756 2477 925 2510 vocem
987 2464 1353 2534 pronuntiantis
1407 2476 1507 2510 non
1560 2474 1826 2524 possumus
1860 2474 1918 2514 30

142 2533 376 2582 scrihere.

290 2606 363 2654 Ex
410 2607 505 2656 illis
551 2610 704 2672 igitur
750 2608 910 2657 tribus
951 2608 1262 2670 liominibUS‚
1308 2608 1410 2657 Noe
1451 2607 1585 2674 filiis,
1635 2612 1828 2672 septua-

263 2720 336 2773 22)
370 2719 480 2764 Gen.
518 2724 587 2775 11,
622 2725 663 2766 6.
726 2722 799 2777 25)
831 2721 970 2777 Verg.
1002 2720 1114 2766 Aen.
1149 2726 1190 2778 4,
1225 2725 1323 2766 592.

260 2882 286 2921 3
317 2877 411 2934 ipsi
441 2878 560 2923 R¹F
