2054 3152
553 180 620 212 DE
645 177 884 212 c1v1TA'rE
908 178 996 211 nm
1019 179 1061 212 L.
1086 179 1189 213 xv1.
1214 180 1251 213 c,
1277 183 1309 214 4.
1334 183 1366 215 5.
1705 171 1807 224 131

128 293 315 358 gendus
368 297 442 340 est
491 292 662 356 gigans
707 293 801 341 iste
854 297 1064 342 venator
1102 298 1282 342 eontra
1323 294 1600 344 Dominum.
1680 294 1809 353 Quid

125 375 286 417 autem
318 365 400 413 hic
434 365 738 429 significatur
776 365 869 414 hoc
909 368 1123 432 nomine,
1164 366 1295 430 quod
1336 374 1412 416 est
1449 375 1674 430 venator,
1713 371 1810 419 nisi

126 439 406 490 animalium
467 440 829 502 terrigenarum
900 439 1136 504 deceptor
1198 455 1466 505 oppressor
1526 439 1810 492 extinctor?

122 513 355 577 Erigebat
386 527 504 576 ergo
537 527 649 561 cum
691 513 794 561 suis
833 513 1028 577 populis
1067 520 1258 562 turrem
1299 523 1470 564 contra
1503 515 1674 584 Deum,
1714 532 1808 581 qua

124 594 199 637 est
236 588 386 651 impia
426 586 695 650 significata
729 586 973 651 superbia.
1049 586 1226 636 Merito
1266 595 1431 637 autem
1470 589 1626 638 malus
1665 592 1807 655 puni·
1841 599 1866 639 5

121 669 204 711 tur
236 661 456 727 affectuS,
495 662 643 709 etiam
681 662 761 709 cui
801 676 899 709 non
940 660 1162 709 succedit
1201 661 1420 711 effectus.
1483 662 1650 712 Genus
1690 679 1806 712 vero

119 736 282 800 ipsum
320 749 507 799 poenae
548 733 691 797 quale
741 731 870 783 fuit?
932 734 1173 792 Quoniam
1213 728 1479 785 dominatio
1518 738 1807 802 imperantis

122 811 175 858 in
213 808 380 873 lingua
419 815 510 875 est,
548 808 617 856 ibi
656 814 732 857 est
771 808 994 857 damnata
1035 808 1280 876 superbia,
1321 816 1376 858 ut
1414 825 1514 859 non
1553 810 1805 875 intellege-

120 888 259 931 retur
307 881 484 931 iubens
530 881 738 948 homini,
787 884 872 946 qui
917 882 1076 931 noluit
1121 882 1407 948 intellegere
1455 890 1511 933 ut
1550 883 1807 934 oboediret

120 955 221 1005 Deo
254 955 458 1005 iubenti.
537 955 618 1004 Sic
656 955 736 1004 illa
776 957 1075 1021 conspiratio
1115 956 1351 1006 dissoluta
1391 964 1480 1023 est,
1520 973 1633 1007 cum
1673 960 1804 1023 quis·
1840 968 1895 1008 10

123 1045 217 1094 que
251 1028 309 1078 ab
346 1045 419 1095 ee,
460 1045 607 1093 quem
651 1044 748 1078 non
787 1029 1116 1096 intellegebat,
1156 1029 1446 1080 abscederet
1484 1046 1576 1080 nec
1617 1047 1668 1081 se
1708 1034 1805 1081 nisi

121 1106 181 1170 ei,
221 1118 334 1152 cum
375 1118 472 1168 quo
511 1103 647 1168 loqui
685 1110 896 1169 poterat,
935 1103 1246 1170 adgregaret3
1286 1112 1336 1154 et
1373 1120 1463 1169 per
1501 1105 1694 1170 linguas
1734 1106 1803 1154 di-

118 1179 247 1226 visae
289 1184 404 1226 sunt
443 1183 614 1240 gentes
654 1176 1003 1241 dispersaeque
1044 1192 1134 1241 per
1173 1183 1356 1244 terraS,
1397 1179 1525 1227 sicut
1563 1178 1664 1227 Deo
1703 1178 1802 1244 pla-

118 1247 234 1317 cuit,
275 1251 360 1314 qui
390 1250 483 1299 hoc
515 1250 674 1299 modis
708 1250 914 1299 occultis
954 1250 1196 1315 nobisque
1236 1251 1803 1316 inconprehensibilibus

118 1325 246 1373 fecit.
1838 1335 1891 1374 15

812 1438 1006 1492 CAPUT
1047 1439 1112 1492 V.

212 1546 286 1596 De
326 1548 650 1596 descensione
690 1547 893 1596 Dome’ni
931 1549 1002 1596 ad
1038 1545 1448 1608 confundendam
1488 1550 1714 1608 linquam

641 1622 1020 1682 aedificantium
1060 1626 1267 1671 turrem.

264 1722 406 1780 Quod
432 1725 562 1772 enim
588 1727 828 1788 scriptum
852 1732 950 1773 est:
987 1725 1053 1772 Et
1076 1726 1338 1773 descendit
1360 1725 1603 1774 Dominus
1627 1726 1800 1773 videre

115 1799 367 1845 civitatem
406 1804 456 1846 et
502 1804 718 1857 turrem,
766 1813 916 1858 quam
956 1800 1363 1856 aedificaverunt
1393 1800 1494 1856 filie·
1529 1799 1797 1859 hominum,
1832 1807 1887 1847 20

115 1870 208 1918 hoc
241 1878 316 1919 est
355 1885 454 1919 non
487 1871 571 1919 filii
604 1870 707 1937 Dei,
747 1871 831 1919 sed
881 1870 962 1920 illa
994 1873 1203 1920 societas
1236 1870 1509 1919 secundum
1548 1870 1798 1919 hominem

116 1945 296 2009 vivens,
336 1959 481 2007 quam
513 1952 762 1993 terrenam
794 1945 1003 1994 dicimus
1044 1945 1311 1994 civitatem:
1351 1958 1449 1993 non
1488 1944 1597 1993 loco
1637 1958 1798 1992 move-

114 2024 196 2066 tur
236 2016 390 2083 Deus,
437 2020 522 2082 qui
571 2033 767 2083 semper
813 2026 890 2068 est
936 2017 1119 2082 ubique
1161 2024 1323 2085 totUS,
1370 2017 1455 2066 sed
1495 2017 1798 2066 descendere

115 2091 312 2157 dicitur,
352 2106 466 2140 cum
497 2091 680 2156 aliquid
720 2092 835 2141 facit
873 2095 926 2141 in
965 2099 1112 2157 terra,
1153 2091 1284 2156 quod
1324 2098 1523 2156 praeter
1562 2093 1798 2140 usitatum

114 2172 317 2213 naturae
373 2180 576 2215 cursum
630 2165 921 2215 mirabiliter
971 2166 1154 2215 factum
1204 2167 1534 2230 praesentiam
1586 2164 1797 2229 quodam
1830 2174 1886 2214 25

114 2238 257 2286 modo
306 2241 412 2287 eius
459 2239 706 2305 ostendat3
755 2255 845 2288 nec
893 2239 1102 2288 videndo
1151 2238 1297 2288 discit
1336 2238 1393 2287 ad
1435 2246 1660 2304 tempuS,
1714 2240 1799 2302 qui

114 2326 380 2376 numquam
427 2320 592 2378 potest
637 2313 820 2378 aliquid
867 2315 1120 2379 ignorare,
1167 2312 1253 2361 sed
1295 2312 1353 2361 ad
1393 2319 1590 2376 tempus
1629 2311 1797 2360 videre

50 2423 53 2426 >
114 2393 164 2434 et
195 2401 494 2450 cognoscere
527 2386 723 2451 dicitur,
763 2387 894 2450 quod
933 2387 1089 2436 videri
1129 2393 1180 2435 et
1218 2388 1451 2450 cognosci
1490 2387 1618 2435 facit.
1688 2384 1795 2433 Non

114 2460 184 2507 sic
216 2474 333 2524 ergo
364 2459 623 2509 videbatur
662 2461 741 2509 illa
782 2462 966 2521 civitaS‚
1006 2475 1103 2524 quo
1143 2459 1289 2508 modo
1329 2474 1436 2508 eam
1468 2458 1600 2508 Deus
1639 2458 1796 2507 videri

113 2532 244 2597 fecit,
283 2532 477 2596 quando
518 2533 612 2582 sibi
652 2542 890 2598 quantum
930 2533 1214 2598 displiceret
1253 2533 1483 2582 ostendit.
1562 2531 1794 2589 Quamvis
1826 2542 1884 2581 30

112 2607 268 2668 possit
305 2606 524 2671 intellegi
562 2606 693 2656 Deus
733 2607 791 2656 ad
838 2607 968 2656 illam
1009 2608 1255 2656 civitatem
1294 2605 1634 2671 descendisse,
1681 2607 1794 2669 quia

114 2678 477 2728 descenderunt
515 2680 675 2745 angeli
715 2683 820 2730 eius
860 2682 909 2728 in
952 2680 1132 2745 quibus
1171 2679 1379 2746 habitat3
1419 2687 1495 2747 ut,
1542 2678 1674 2743 quod
1714 2678 1793 2727 ad-

113 2752 336 2801 iunctum
377 2759 473 2802 est:
512 2755 578 2803 Et
616 2756 749 2803 dixit
786 2755 1029 2804 Dominus
1067 2755 1229 2804 Deus:
1269 2754 1405 2804 Eece
1440 2767 1602 2815 ,qenus
1641 2767 1795 2802 unum

233 2915 259 2952 4
292 2909 428 2953 deum
469 2909 625 2964 VAR-
657 2910 893 2955 dominum
924 2911 997 2956 Rv
