2004 3140
597 113 664 146 DE
690 110 929 145 crvrrArE
951 112 1041 145 DEI
1063 114 1106 145 L.
1130 113 1213 145 xx.
1238 112 1275 146 c.
1301 115 1356 148 19.
1713 103 1821 156 449

140 232 342 291 teritus,
397 229 488 289 qui
531 228 838 276 adversatur
897 232 945 276 et
996 230 1412 288 superextollitur
1458 243 1616 290 supra
1666 242 1822 288 omne⁷

136 305 277 366 quod
305 304 495 353 dicitur
527 302 664 350 Deus
697 306 788 350 aut
824 302 961 361 quod
997 303 1195 361 colitur,
1236 304 1308 350 ita
1347 307 1404 351 ut
1444 305 1493 352 in
1533 305 1710 364 templo
1748 318 1821 350 se-

141 381 279 438 deat,
329 380 584 425 ostentans
629 390 683 424 se
731 380 984 436 tamquam
1022 377 1089 424 sit
1126 375 1275 425 Deus.
1354 376 1464 425 Non
1503 379 1732 426 retinetis
1772 378 1820 425 in

137 451 402 511 memoria,
456 451 594 510 quod
645 450 815 498 adhuc
868 463 981 498 cum
1036 463 1191 498 essem
1241 451 1383 511 apud
1432 464 1517 499 vos
1566 452 1695 500 haec
1750 452 1823 499 di·

138 526 387 575 cebantur
426 525 599 573 vobis?
647 528 697 572 et
733 538 869 572 nunc
908 524 1034 584 quid
1070 525 1294 572 detineat
1330 525 1492 584 scitis,
1545 529 1601 572 ut
1637 527 1821 573 revele-
1856 532 1882 571 5

139 605 225 648 tur
279 601 331 647 in
386 611 476 647 suo
532 603 766 659 tempore.
845 597 957 645 Iam
1011 599 1142 646 enim
1195 599 1488 660 mysterium
1543 599 1824 658 iniquitatis

136 676 395 735 operatur.
463 670 676 720 Tantum
707 673 797 732 qui
823 672 968 720 modo
1001 675 1135 720 tenet
1164 675 1344 731 teneat,
1378 673 1537 721 donec
1570 673 1633 720 de
1662 673 1825 720 medio

132 750 258 806 siam
310 751 359 794 et
404 750 525 794 tunc
571 746 882 795 revelabitur
929 747 1152 805 iniquus,
1207 759 1353 806 quem
1392 746 1635 795 Dominus
1682 746 1825 794 Iesus

137 822 412 879 interficiet
463 821 647 881 spiritu
702 821 807 868 oris
860 820 964 879 sui,
1020 824 1070 868 et
1122 820 1391 869 evacuabit
1444 822 1826 869 inluminatione

131 895 458 956 praesentiae
511 907 636 942 suae
689 907 823 951 eum,
879 895 1025 942 cuius
1080 898 1154 942 est
1198 896 1496 956 praesentia
1545 895 1823 943 secundum
1859 902 1913 941 10

137 969 480 1030 operationem
526 972 763 1027 satanae,
816 969 868 1014 in
918 969 1055 1015 omni
1099 969 1285 1016 virtute
1331 973 1380 1016 et
1424 970 1583 1028 sionis
1622 972 1671 1017 et
1701 982 1822 1031 pro-

139 1043 292 1102 diyiis
346 1042 603 1090 mendacii
654 1047 701 1090 et
756 1043 809 1089 in
863 1043 999 1088 omni
1048 1043 1342 1090 seductione
1396 1044 1678 1102 iniquitatis
1733 1043 1824 1102 his,

138 1117 228 1177 qui
257 1120 499 1177 pereunt,
540 1129 638 1177 pro
679 1129 760 1174 eo,
812 1115 950 1174 quod
985 1116 1302 1164 dilectionem
1340 1117 1570 1164 veritatis
1607 1129 1708 1164 non
1745 1130 1824 1164 re-

138 1193 403 1251 ceperunt,
465 1193 524 1237 ut
581 1190 712 1237 salvi
757 1189 955 1247 fierent.
1034 1188 1101 1236 Et
1159 1190 1272 1238 ideo
1327 1191 1486 1238 mittet
1538 1191 1636 1238 illis
1689 1189 1826 1238 Deus

137 1265 480 1325 operationem
527 1264 745 1322 erroris,
792 1266 850 1310 ut
886 1263 1105 1311 credant
1142 1264 1406 1312 mendacio
1446 1268 1496 1312 et
1534 1264 1826 1312 iudicentur
1860 1270 1912 1310 15

137 1350 352 1397 omnes„
383 1338 472 1397 qui
519 1350 618 1385 non
667 1336 1003 1386 crediderunt
1047 1338 1271 1395 veritati,
1326 1338 1419 1386 sed
1462 1343 1827 1386 consenserunt

136 1412 406 1471 iniquitati.

285 1483 418 1532 Nulli
466 1481 671 1532 dubium
730 1489 806 1532 est
862 1497 978 1531 eum
1025 1483 1084 1531 de
1131 1482 1435 1532 Antichristo
1482 1485 1576 1532 ista
1627 1483 1824 1549 dixisse,

138 1557 368 1622 diemque
419 1556 590 1606 iudicii
637 1550 795 1624 (hunc
843 1557 974 1605 enim
1021 1556 1232 1621 appellat
1279 1555 1411 1606 diem
1458 1552 1676 1624 Domini)
1724 1573 1824 1606 non

138 1646 246 1680 esse
287 1637 566 1696 venturum,
606 1632 703 1679 nisi
741 1630 821 1679 ille
862 1632 999 1694 prior
1038 1632 1251 1696 venerit,
1293 1646 1441 1694 quem
1481 1631 1704 1696 refugam
1743 1647 1823 1680 vo·
1858 1640 1913 1679 20

139 1712 239 1770 cat,
286 1706 461 1769 utique
511 1719 535 1752 a
583 1703 791 1752 Domino
832 1703 947 1752 Deo.
1026 1703 1169 1761 Quod
1209 1706 1251 1752 si
1290 1704 1350 1753 de
1392 1704 1620 1754 omnibus
1661 1706 1824 1770 impiis

138 1779 316 1827 merito
369 1778 466 1827 dici
512 1783 701 1843 potest,
757 1783 939 1841 quanto
988 1779 1142 1842 magis
1189 1777 1249 1826 de
1298 1777 1415 1826 isto!
1481 1777 1578 1827 Sed
1625 1780 1676 1827 in
1712 1793 1824 1842 :quo

137 1851 321 1916 templo
355 1851 444 1900 Dei
476 1853 540 1900 sit
572 1866 822 1918 sessurus,
857 1853 1104 1900 incertum
1137 1857 1237 1917 est3
1277 1858 1448 1900 utrum
1478 1852 1530 1900 in
1562 1851 1643 1900 illa
1682 1853 1826 1900 ruina

137 1925 328 1992 templi,
370 1924 500 1990 quod
540 1940 567 1973 a
609 1924 866 1974 Salomone
919 1939 1035 1989 rege
1076 1930 1419 1974 constructum
1459 1931 1560 1991 est,
1607 1940 1666 1974 an
1707 1940 1824 1974 vero

139 2001 192 2048 in
243 1998 468 2048 ecclesia.
544 1998 654 2048 Non
707 2000 838 2048 enim
889 1997 1129 2063 templum
1177 1998 1384 2047 alicuius
1431 1998 1550 2047 idoli
1587 2005 1673 2048 aut
1712 1998 1822 2047 dae·
1856 2006 1912 2045 25

139 2074 300 2121 monis
333 2072 572 2137 templum
605 2072 694 2121 Dei
727 2072 978 2137 apostolus
1010 2072 1212 2121 diceret.
1290 2071 1429 2121 Unde
1462 2071 1686 2122 nonnulli
1725 2087 1824 2121 non

138 2148 301 2210 ipsum
351 2148 651 2212 principem,
702 2146 788 2194 sed
839 2148 1127 2195 universum
1183 2146 1395 2210 quodam
1445 2145 1591 2195 modo
1643 2161 1824 2210 corpus

139 2221 268 2286 eius,
316 2220 366 2268 id
406 2227 483 2270 est
522 2220 580 2268 ad
623 2235 738 2269 eum
775 2221 1110 2284 pertinentem
1148 2219 1404 2268 hominum
1443 2219 1825 2285 multitudinem,

139 2293 286 2342 simul
341 2309 454 2342 cum
507 2296 615 2358 ipso
680 2308 770 2342 suo
823 2294 1047 2358 principe
1103 2293 1196 2342 hoc
1251 2293 1359 2342 loco
1415 2293 1635 2357 intellegi
1688 2293 1822 2342 Anti-

139 2367 383 2420 christum
415 2367 607 2433 volunt3
649 2368 935 2431 rectiusque
975 2372 1150 2431 putant
1190 2368 1339 2416 etiam
1370 2366 1540 2416 Latine
1580 2366 1692 2432 dici,
1732 2369 1823 2415 sic·
1856 2374 1913 2414 30

139 2447 196 2489 ut
240 2442 292 2489 in
340 2440 527 2490 Graeco
575 2448 672 2506 est,
720 2456 820 2489 non
869 2444 920 2489 in
968 2444 1147 2503 templo
1186 2441 1304 2506 Dei,
1359 2441 1445 2489 sed
1495 2443 1542 2489 in
1593 2443 1825 2502 templum

140 2514 240 2562 Dei
274 2516 462 2574 sedeat,
502 2516 896 2579 tamquam-ipse
937 2516 999 2562 sit
1039 2514 1278 2578 templum
1318 2513 1420 2578 Dei,
1460 2512 1591 2577 quod
1632 2519 1707 2561 est
1748 2528 1823 2561 ec-

142 2585 310 2652 clesia3
369 2588 498 2636 sicut
546 2588 776 2637 dicimus:
824 2587 1015 2652 „Sedet
1070 2589 1121 2635 in
1168 2582 1441 2652 amicum“‚
1489 2586 1538 2635 id
1578 2593 1654 2635 est
1693 2585 1827 2635 velut

262 2713 333 2767 17)
366 2718 404 2756 2.
438 2713 595 2758 Thess.
629 2719 670 2770 2,
705 2719 727 2757 1
764 2728 861 2769 sqq.

260 2850 297 2888 4.
319 2844 593 2890 dicebantur
622 2845 714 2889 ΒΑ
748 2845 970 2898 Clarom.;
1002 2844 1212 2890 dicebam
1243 2858 1268 2888 v

230 2934 325 2960 Auo.
349 2934 401 2959 nn
426 2934 501 2961 etv.
526 2935 606 2960 nm.
645 2927 687 2958 ΙΙ
1413 2923 1467 2961 29
