2054 3152
872 0 897 8 ἡ

574 152 641 184 DE
665 147 902 184 crvrrA'rE
926 152 1015 183 Dm
1038 152 1080 184 L.
1105 153 1209 184 XVI.
1233 152 1271 185 c.
1297 153 1350 186 10.
1670 126 1674 129 ’
1717 139 1820 192 139

828 287 1019 343 CAPUT
1059 289 1124 343 X.

137 400 213 448 De
239 400 570 460 qeneratione
601 397 728 457 Sem,
769 399 820 445 in
854 399 1000 446 cuius
1023 400 1273 459 proqem‘e
1306 400 1513 447 tendens
1553 400 1624 448 ad
1655 399 1820 448 Abra-

488 473 605 519 ham
645 473 864 520 civitatis
903 472 1003 520 Dei
1037 474 1162 520 ordo
1204 474 1462 533 diriyitur.

284 574 516 622 Tenenda
548 580 624 622 est
654 575 806 638 igitur
839 575 994 622 series
1034 575 1406 638 generationum
1447 574 1506 623 ab
1546 577 1653 639 ipso
1689 575 1818 641 Sem,

135 654 189 697 ut
236 649 341 712 ipsa
388 647 614 696 ostendat
659 654 772 711 post
818 647 1056 696 diluvium
1095 649 1341 697 civitatem
1381 647 1490 714 Dei,
1543 650 1672 698 sicut
1711 665 1819 699 eam
1852 655 1878 694 5

134 723 289 770 series
321 723 695 786 generationum
734 721 794 770 ab
825 720 924 787 illo,
957 723 1041 786 qui
1075 728 1150 770 est
1182 721 1452 786 appellatus
1487 721 1622 788 Seth,
1654 730 1817 773 osten-

134 794 280 845 debat
326 802 436 844 ante
486 795 737 844 diluvium.
813 794 1026 859 Propter
1071 795 1165 844 hoc
1214 810 1331 859 ergo
1372 797 1618 861 scriptura
1658 796 1819 846 divina

133 884 247 918 cum
298 875 545 918 terrenam
599 870 844 918 civitatem
895 871 946 917 in
997 868 1271 935 Babylone,
1326 869 1420 918 hoc
1476 876 1551 918 est
1602 872 1651 918 in
1704 886 1819 920 con·

134 944 353 1008 fusione,
407 949 751 1009 monstrasset,
802 942 861 990 ad
907 942 1235 1007 patriarcham
1288 942 1402 991 Sem
1450 943 1819 1008 recapitulando

134 1018 402 1066 revertitur
434 1022 484 1065 et
515 1016 708 1065 orditur
739 1015 852 1064 inde
886 1018 1229 1081 generationes
1268 1032 1427 1080 usque
1466 1016 1525 1065 ad
1560 1016 1818 1083 Abraham,
1855 1024 1910 1063 lo

134 1096 515 1139 commemorato
557 1091 702 1138 etiam
743 1105 950 1138 numero
990 1105 1248 1156 annorum,
1288 1096 1471 1155 quanto
1511 1093 1719 1155 quisque
1761 1091 1820 1140 ad

131 1163 257 1212 hanc
290 1165 470 1212 seriem
501 1164 834 1228 pertinentem
866 1162 1020 1212 filium
1060 1165 1313 1228 genuisset
1353 1171 1634 1228 quantoque
1674 1166 1818 1214 vixis·

131 1243 221 1286 set.
297 1236 391 1285 Ubi
430 1244 565 1286 certe
605 1237 971 1301 agnoscendum
1012 1244 1108 1304 est,
1157 1237 1288 1301 quod
1328 1244 1440 1286 ante
1479 1239 1820 1304 promiseram,

130 1317 187 1359 ut
217 1317 447 1376 appareat
479 1325 630 1375 quare
663 1312 727 1360 sit
758 1310 945 1359 dictum
977 1310 1036 1360 de
1068 1309 1180 1359 filiis
1213 1309 1400 1360 Heber:
1441 1313 1629 1361 Nomen
1668 1315 1821 1362 unius

131 1385 384 1445 Phalech,
439 1387 560 1446 quia
615 1387 666 1434 in
718 1386 894 1434 diebus
945 1387 1053 1434 eius
1104 1387 1267 1434 divisa
1318 1391 1392 1434 est
1440 1390 1598 1434 terra.
1689 1385 1818 1443 Quid
1853 1392 1906 1431 15

130 1460 262 1507 enim
316 1458 447 1507 aliud
500 1457 886 1523 intellegendum
940 1465 1016 1507 est
1067 1466 1251 1508 terram
1307 1473 1414 1507 esse
1470 1458 1672 1508 divisam
1724 1461 1820 1508 nisi

130 1532 413 1582 diversitate
464 1529 780 1596 linguarum?
844 1531 1051 1581 Om1ssis
1104 1534 1256 1596 igitur
1308 1534 1487 1581 ceteris
1538 1533 1650 1581 filiis
1704 1533 1820 1582 Sem

130 1605 190 1654 ad
227 1605 353 1655 hanc
394 1621 500 1654 rem
539 1621 638 1655 non
669 1605 1035 1670 pertinentibus
1074 1606 1144 1654 illi
1183 1612 1515 1655 conectuntur
1553 1608 1603 1655 in
1644 1607 1816 1656 ordine

129 1681 517 1746 generationum,
555 1694 646 1743 per
685 1694 809 1744 quos
848 1682 1006 1744 possit
1044 1679 1103 1728 ad
1127 1679 1373 1728 Abraham
1411 1681 1682 1746 perveniri3
1723 1682 1815 1729 sic-

131 1759 187 1801 ut
225 1752 294 1801 illi
345 1752 732 1802 conectebantur
771 1759 883 1801 ante
925 1752 1184 1819 diluvium,
1238 1769 1328 1817 per
1369 1769 1493 1818 quos
1531 1755 1819 1818 pervenire·
1853 1761 1909 1801 20

131 1833 213 1875 tur
253 1826 311 1874 ad
351 1826 454 1874 Noe
508 1825 930 1892 generationibuS,
978 1841 1102 1890 quae
1142 1833 1439 1891 propagatae
1482 1833 1597 1875 sunt
1637 1842 1696 1875 ex
1734 1827 1818 1892 illo

130 1899 283 1948 Adam
322 1899 436 1965 filio,
477 1901 562 1963 qui
602 1906 677 1948 est
716 1899 988 1964 appellatus
1029 1899 1164 1949 Seth.
1244 1899 1324 1948 Sic
1366 1915 1482 1964 ergo
1523 1902 1697 1965 incipit
1736 1916 1816 1965 ge-

133 1974 443 2022 nerationum
475 1975 568 2022 ista
600 1975 872 2023 contextio:
906 1974 973 2022 Et
1001 1976 1100 2023 hae
1126 1977 1486 2035 yeneratz'ones
1519 1975 1645 2023 Sem.
1702 1975 1817 2024 Sem

125 2050 265 2106 filius
310 2053 508 2096 centum
555 2061 827 2107 annorum,
879 2061 992 2096 cum
1027 2049 1209 2109 §enuit
1245 2048 1540 2110 Arphaxat,
1594 2050 1818 2098 seeundo

130 2135 266 2170 anno
299 2125 415 2183 post
444 2123 701 2170 diluvium.
779 2121 846 2169 Et
881 2123 1012 2170 vixit
1041 2122 1170 2183 Sem,
1202 2127 1472 2183 postquam
1506 2124 1698 2182 qenm‘t
1722 2125 1817 2170 Ar·
1853 2129 1907 2168 25

123 2195 338 2257 phaxat,
378 2197 674 2255 quinqentos
706 2209 866 2244 annos
898 2201 948 2244 et
973 2197 1153 2256 qemcz‘t
1177 2197 1310 2254 filios
1342 2201 1391 2244 et
1422 2197 1561 2254 filias
1600 2201 1650 2245 et
1686 2209 1816 2244 mor-

132 2274 249 2316 tuus
287 2273 373 2317 est.
451 2267 532 2316 Sic
581 2270 870 2332 exsequitur
917 2275 1111 2317 ceteros
1158 2268 1352 2335 dicens,
1400 2275 1550 2332 quoto
1606 2270 1817 2333 quisque

132 2355 260 2390 anno
308 2343 434 2390 vitae
487 2356 602 2390 suae
654 2341 807 2390 filium
860 2344 1088 2406 genuerit
1138 2341 1197 2391 ad
1244 2343 1394 2391 istum
1441 2344 1818 2406 generationum

133 2414 356 2464 ordinem
395 2416 751 2481 pertinentem,
790 2417 875 2479 qui
914 2415 1164 2479 pertendit
1204 2415 1261 2464 ad
1302 2414 1568 2481 Abraham,
1607 2422 1659 2464 et
1696 2423 1817 2479 quot

131 2502 285 2537 annos
339 2487 651 2552 postmodum
706 2490 913 2554 vixerit,
966 2490 1198 2538 intimans
1251 2503 1364 2538 eum
1419 2488 1544 2536 filios
1595 2488 1816 2552 filiasque
1850 2495 1908 2535 30

131 2563 384 2625 genuisse3
416 2568 472 2610 ut
495 2561 838 2626 intellegamus
869 2561 999 2610 unde
1033 2563 1286 2626 potuerint
1317 2561 1486 2626 populi
1510 2561 1817 2627 adcrescere,

254 2689 325 2743 13)
357 2688 406 2732 P.
444 2693 543 2742 128,
575 2693 615 2732 2.
681 2691 752 2743 15)
786 2687 898 2733 Gen.
935 2693 1003 2743 10,
1038 2693 1106 2733 25.
1171 2691 1248 2745 27)
1278 2687 1388 2732 Gen.
1428 2693 1496 2742 11,
1532 2693 1594 2731 lo
1618 2703 1683 2743 sq.

256 2882 308 2921 10
342 2877 611 2922 ordinantur
641 2878 709 2923 R¹
