2004 3140
154 1137 209 1177 10

154 1504 209 1544 15

147 1873 208 1913 20

147 2239 208 2280 25

146 2608 208 2647 30

245 147 356 201 384
916 158 951 191 s.
975 157 1250 193 Aneusrim

244 279 328 321 tur
368 271 424 320 ad
460 271 732 320 ordinatam
765 270 1039 335 imperandi
1079 270 1470 335 oboediendique
1512 270 1822 320 concordiam
1863 272 1931 319 ci·

243 347 391 394 vium.
453 344 523 393 Ita
556 345 624 406 fit,
657 351 712 393 nt
745 360 803 394 ex
835 344 940 409 lege
975 345 1183 393 civitatis
1215 352 1475 410 praecepta
1509 359 1703 394 sumere
1737 350 1930 409 patrem

243 418 449 467 familias
498 425 750 484 oporteat,
805 417 984 482 quibus
1036 417 1234 467 domum
1275 433 1413 468 suam
1454 420 1524 468 sic
1566 425 1725 484 regat,
1771 425 1827 467 ut
1865 419 1947 467 sit-

242 494 350 557 paci
391 492 706 542 adcommoda
746 494 970 542 civitatis,

892 693 1084 749 CAPUT
1115 694 1287 748 XVII.

251 803 391 854 Unde
414 806 643 852 caelestis
673 805 888 852 societas
920 816 1033 852 cum
1066 807 1274 852 terrena
1306 804 1510 851 civitate
1527 817 1708 865 pacem
1742 804 1929 852 habeat

790 882 839 926 et
875 878 1011 925 unde
1050 878 1372 925 discordiam.

391 979 487 1028 Sed
521 979 696 1028 domus
728 979 996 1044 hominum,
1036 980 1120 1044 qui
1161 994 1258 1027 non
1299 979 1466 1028 vivunt
1505 994 1564 1027 ex
1604 979 1712 1040 fide,
1752 994 1921 1044 pacem
1992 1010 1997 1013 -

242 1062 489 1103 terrenam
541 1069 599 1102 ex
647 1053 794 1103 huius
841 1053 1124 1118 temporalis
1182 1055 1303 1102 vitae
1352 1052 1502 1102 rebus
1553 1053 1922 1118 commodisque

243 1133 480 1193 sectatur3
527 1127 703 1176 domus
743 1132 906 1176 autem
946 1126 1199 1176 hominum
1240 1142 1300 1175 ex
1339 1125 1433 1175 fide
1473 1121 1739 1176 viventium
1779 1142 1925 1192 expe-

243 1207 343 1250 ctat
382 1216 453 1267 ea,
492 1216 616 1266 quae
657 1202 707 1250 in
740 1201 964 1250 futurum
1004 1208 1201 1250 aeterna
1239 1202 1481 1265 promissa
1522 1207 1652 1266 sunt,
1692 1203 1927 1251 terrenis-

242 1290 337 1339 que
394 1274 545 1324 rebus
599 1290 655 1324 ac
719 1273 1074 1340 temporalibus
1139 1281 1387 1338 tamquam
1441 1275 1702 1339 peregrina
1755 1276 1966 1339 utitur,'

243 1364 340 1397 non
377 1347 557 1412 quibus
589 1350 810 1413 capiatur
844 1355 891 1397 et
938 1354 1187 1398 avertatur
1223 1363 1320 1412 quo
1357 1347 1514 1397 tendit
1545 1349 1595 1396 in
1632 1347 1802 1413 Deum,
1842 1348 1927 1397 sed

243 1422 424 1486 quibus
465 1428 771 1471 sustentetur
811 1422 869 1471 ad
903 1421 1092 1471 facilius
1126 1420 1375 1471 toleranda
1408 1423 1707 1486 minimeque
1747 1437 1927 1486 augen-

242 1496 299 1544 da
341 1511 490 1544 onera
547 1497 769 1561 corporis
824 1494 1159 1560 corruptibilis
1171 1535 1185 1561 ‚
1240 1494 1370 1559 quod
1421 1494 1650 1560 adgravat
1704 1497 1928 1544 animam.

241 1569 431 1619 Idcirco
480 1585 647 1619 rerum
693 1571 820 1619 vitae
866 1569 980 1618 huic
1029 1569 1222 1618 mortali
1270 1570 1661 1618 necessariarum
1701 1571 1926 1634 utrisque

241 1642 523 1692 hominibus
556 1650 605 1692 et
637 1645 835 1708 utrique
868 1642 1035 1692 domui
1076 1644 1351 1691 communis
1392 1649 1466 1692 est
1506 1658 1650 1709 usus;
1691 1643 1777 1692 sed
1817 1643 1927 1692 finis
1971 1641 1977 1647 “

241 1717 412 1766 utendi
475 1719 654 1781 cuique
714 1732 835 1766 suns
889 1718 1121 1782 proprius
1177 1716 1484 1781 multumque
1539 1715 1778 1766 diversus
1855 1716 1925 1766 lta
1990 1766 1994 1774 ,

242 1791 388 1839 etiam
435 1797 633 1840 terrena
684 1792 879 1856 civitaS‚
931 1806 1054 1855 quae
1104 1806 1200 1839 non
1253 1791 1367 1839 vivit
1408 1806 1464 1839 ex
1505 1790 1623 1856 fide,
1677 1797 1926 1839 terrenam

240 1879 413 1928 pacem
464 1867 650 1930 appetit
688 1866 739 1913 in
788 1879 945 1929 eoque
994 1865 1161 1929 defigit
1205 1863 1479 1929 imperandi
1530 1863 1922 1929 oboediendique

241 1937 555 1987 concordiam
595 1940 800 2003 civium,
850 1945 905 1987 ut
951 1940 1014 1987 sit
1061 1940 1131 1986 eis
1172 1938 1231 1986 de
1274 1937 1423 1986 rebus
1463 1937 1522 1986 ad
1563 1938 1818 1987 mortalem
1857 1939 1924 1987 vi·

240 2019 340 2060 tam
380 2011 742 2076 pertinentibus
782 2003 1118 2061 humanarum‘
1147 2011 1384 2076 quaedam
1425 2013 1715 2076 compositio
1754 2010 1924 2061 volun-

241 2092 411 2134 tatum.
489 2084 669 2134 Civitas
702 2092 865 2134 autem
898 2085 1123 2134 caelestis
1163 2085 1238 2134 vel
1276 2087 1441 2149 potius
1481 2100 1594 2150 pars
1635 2086 1756 2150 eius,
1796 2100 1921 2150 quae

241 2159 292 2206 in
323 2157 413 2206 hac
446 2158 738 2208 mortalitate
772 2160 1116 2222 peregrinatur
1155 2166 1205 2207 et
1243 2160 1359 2207 vivit
1399 2174 1458 2206 ex
1497 2158 1606 2224 fide,
1647 2160 1792 2208 etiam
1831 2160 1925 2208 ista

241 2246 359 2295 pace
401 2246 602 2280 necesse
645 2239 719 2280 est
759 2239 947 2290 utatur,
988 2231 1144 2280 donec
1184 2233 1314 2296 ipsa,
1356 2233 1435 2280 cni
1475 2231 1583 2280 talis
1622 2246 1714 2296 pax
1756 2246 1925 2280 neces-

241 2306 368 2353 saria
408 2311 497 2370 est,
537 2304 805 2354 mortalitas
845 2311 1082 2370 transeat3
1123 2320 1178 2354 ac
1217 2320 1306 2369 per
1346 2303 1461 2369 hoc,
1501 2304 1616 2353 dum
1658 2304 1784 2369 apud
1826 2311 1924 2354 ter-

241 2392 410 2426 renam
444 2379 691 2427 civitatem
723 2377 853 2427 velut
893 2380 1131 2442 captivam
1171 2379 1316 2427 vitam
1357 2393 1472 2426 suae
1513 2380 1923 2443 peregrinationis

241 2452 365 2517 agit,
404 2453 500 2500 iam
539 2453 865 2517 promissione
907 2451 1258 2516 redemptionis
1299 2458 1347 2500 et
1387 2451 1514 2500 dono
1555 2451 1763 2516 spiritali
1801 2459 1920 2502 tam-

241 2540 389 2588 quam
437 2527 642 2590 pignore
695 2532 895 2590 accepto
947 2524 1137 2589 legibus
1184 2532 1409 2574 terrenae
1459 2527 1666 2574 civitatis
1679 2565 1692 2591 ,
1739 2525 1921 2590 quibus
1971 2554 1982 2558 —

243 2598 361 2647 haec
402 2599 827 2664 administrantur,
880 2614 1001 2662 quae
1054 2598 1400 2648 sustentandae
1444 2599 1635 2648 mortali
1675 2601 1799 2648 vitae
1841 2599 1921 2648 ad-

359 2727 434 2782 15)
467 2725 572 2782 Sap.
606 2731 646 2782 9,
680 2730 749 2772 15.

359 2892 386 2930 4
417 2888 719 2932 accommoda
749 2886 923 2945 RAb9;
955 2887 1305 2933 accommodata
1335 2901 1360 2931 v
