2054 3152
586 166 653 198 DE
678 162 914 196 crvnrA'rE
938 163 1028 196 Dm
1051 163 1092 196 L.
1116 164 1220 195 ΧΠ.
1246 163 1282 196 0.
1307 165 1338 196 3.
1696 151 1799 202 127

268 278 439 328 Restat
478 289 863 326 commemorare
895 274 1027 324 filios
1055 274 1184 341 Sem,
1223 276 1421 323 maximi
1459 275 1545 324 filii
1577 274 1702 340 Noe3
1743 276 1802 324 ad

121 369 233 403 eum
290 352 470 416 quippe
525 348 764 414 gradatim
819 350 1194 413 generationum
1247 350 1454 397 istarum
1505 350 1730 413 pervenit
1776 364 1803 396 a

122 428 321 476 minimo
370 430 540 473 exorta
584 424 817 472 narratio.
896 421 992 470 Sed
1040 422 1171 470 unde
1219 423 1463 486 incipiunt
1508 437 1802 471 commemo-

119 501 219 549 rari
263 498 351 546 filii
400 497 535 563 Sem,
582 496 729 546 habet
776 495 1006 560 quiddam
1047 495 1385 562 obscuritatiS,
1441 496 1571 560 quod
1612 498 1802 561 exposi-

120 575 252 622 tione
292 570 654 620 inlustrandum
696 576 792 635 est,
841 570 955 633 quia
994 575 1043 618 et
1080 569 1291 618 multum
1330 568 1388 617 ad
1429 584 1535 618 rem
1573 572 1805 636 pertinet,

36 703 46 706 ,
120 661 266 711 quam
314 646 632 709 requirimus,
712 643 793 692 Sic
842 644 974 692 enim
1023 642 1223 707 legitur:
1270 644 1338 691 Et
1374 643 1488 692 Sem
1527 649 1677 692 natus
1717 651 1803 704 est,

119 727 168 770 et
206 722 304 782 ipsi
335 721 482 781 patri
519 720 736 767 omnium
763 719 1002 782 filiorum,
1040 717 1224 778 Heber,
1260 716 1426 778 fratri
1448 718 1661 778 Iapheth
1700 731 1803 766 ma-

120 796 231 843 iori.
297 791 430 842 Ordo
463 790 728 840 verborum
760 797 857 840 est:
896 789 959 839 Et
992 789 1107 839 Sem
1147 796 1290 839 natus
1331 797 1406 839 est
1437 789 1618 856 Heber,
1657 792 1805 839 etiam

118 868 229 933 ipsi,
267 866 316 915 id
357 872 432 915 est
469 867 564 930 ipsi
598 864 727 930 Sem,
766 870 911 913 natus
952 871 1027 913 est
1058 863 1238 930 Heber,
1278 866 1363 929 qui
1397 863 1510 913 Sem
1550 870 1690 928 pater
1731 871 1806 912 est

119 942 340 989 omnium
386 939 614 988 filiorum.
694 938 808 987 Sem
858 953 975 1002 ergo
1020 937 1350 1002 patriarcham
1396 937 1614 1002 intellegi
1653 937 1806 986 voluit

121 1015 363 1079 omnium,
404 1014 488 1076 qui
528 1012 586 1061 de
629 1014 783 1077 stirpe
825 1013 930 1060 eius
971 1013 1130 1060 exorti
1169 1018 1305 1077 sunt,
1346 1026 1469 1074 quos
1510 1026 1804 1059 commemo-

120 1094 321 1136 raturus
362 1095 460 1152 est,
511 1088 612 1135 sive
653 1087 752 1134 sint
791 1085 899 1151 filii,
945 1087 1045 1134 sive
1086 1091 1292 1149 nepotes
1331 1092 1380 1133 et
1419 1091 1718 1149 pronepotes
1758 1091 1807 1133 et

119 1161 353 1225 deinceps
400 1159 619 1208 indidem
666 1161 839 1208 exorti.
915 1158 1024 1207 Non
1072 1173 1188 1207 sane
1236 1160 1387 1207 istum
1426 1157 1590 1207 Heber
1637 1159 1808 1222 genuit

119 1234 248 1300 Sem,
289 1234 374 1283 sed
415 1233 476 1284 ab
514 1232 596 1281 illo
631 1234 834 1297 quintus
871 1234 923 1281 in
962 1233 1337 1296 progenitorum
1376 1233 1503 1280 serie
1543 1233 1807 1296 reperitur.

120 1307 236 1357 Sem
286 1309 466 1372 quippe
517 1308 648 1356 inter
695 1305 815 1355 alios
862 1305 988 1354 filios
1028 1307 1199 1370 genuit
1237 1304 1508 1371 Arphaxat,
1559 1305 1807 1369 Arphaxat

117 1383 288 1446 genuit
334 1380 542 1447 Cainan,
597 1379 779 1429 Cainan
829 1381 1000 1445 genuit
1055 1379 1189 1445 Sala,
1245 1378 1354 1428 Sala
1408 1380 1578 1444 genuit
1627 1378 1806 1428 Heber.

117 1455 228 1504 Non
258 1457 423 1519 itaque
455 1455 642 1504 frustra
671 1456 777 1518 ipse
816 1455 1007 1518 primus
1047 1459 1123 1502 est
1161 1455 1442 1503 nominatus
1481 1454 1532 1501 in
1570 1454 1807 1517 progenie

122 1530 349 1578 veniente
395 1528 454 1578 de
498 1527 613 1577 Sem
660 1534 710 1577 et
749 1527 997 1592 praelatus
1038 1528 1185 1575 etiam
1224 1526 1358 1593 filiis,
1407 1542 1521 1576 oum
1563 1528 1626 1575 sit
1666 1528 1807 1590 quin·

119 1610 200 1652 tus
251 1617 432 1668 nepOS,
486 1603 581 1651 nisi
632 1603 745 1666 quia
797 1616 970 1650 verum
1009 1607 1105 1666 est,
1163 1600 1294 1665 quod
1333 1600 1570 1666 traditur,
1625 1615 1685 1649 ex
1725 1599 1807 1648 illo

49 1717 57 1723 .
119 1675 371 1725 Hebraeos
425 1690 534 1725 esse
591 1676 959 1739 cognominatos
972 1714 986 1740 ,
1040 1680 1291 1738 tamquam
1339 1673 1642 1739 Heberaeos3
1695 1688 1808 1722 cum

122 1756 171 1799 et
211 1749 302 1798 alia
340 1750 498 1814 possit
538 1761 646 1798 esse
686 1749 869 1814 opinio,
907 1754 964 1796 ut
1003 1763 1062 1796 ex
1094 1747 1337 1797 Abraham
1378 1755 1626 1812 tamquam
1657 1745 1807 1795 Abra-

119 1823 231 1872 haei
281 1822 400 1872 dicti
451 1837 559 1871 esse
610 1821 890 1887 videantur3
945 1820 1031 1869 sed
1082 1822 1318 1870 nimirum
1363 1820 1456 1869 hoc
1507 1835 1679 1869 verum
1721 1826 1809 1885 est,

121 1896 251 1961 quod
302 1912 361 1945 ex
407 1894 573 1944 Heber
618 1894 859 1944 Heberaei
911 1893 1139 1959 appellati
1186 1901 1328 1960 sunt,
1383 1909 1438 1943 ao
1487 1893 1664 1942 deinde
1712 1908 1810 1942 una

121 1971 302 2020 detrita
333 1970 497 2019 littera
527 1969 754 2035 Hebraei,
794 1983 938 2033 quam
978 1967 1194 2032 linguam
1235 1967 1369 2017 solus
1407 1967 1559 2016 Israel
1597 1966 1810 2032 populus

118 2045 284 2109 potuit
321 2043 569 2108 obtinere,
614 2044 666 2091 in
714 2058 810 2106 quo
851 2041 940 2090 Dei
979 2043 1149 2091 civitas
1190 2048 1239 2091 et
1277 2043 1330 2090 in
1369 2042 1551 2090 sanctis
1590 2042 1808 2106 peregri-

122 2124 233 2167 nata
287 2124 364 2166 est
417 2123 466 2166 et
518 2118 570 2166 in
625 2115 854 2165 omnibus
915 2121 1221 2164 sacramento
1277 2114 1577 2164 adumbrata.
1654 2113 1810 2178 Igitur

122 2191 208 2241 filii
241 2190 355 2240 Sem
387 2192 526 2255 prius
560 2205 646 2240 sex
677 2191 1008 2255 nominantur,
1047 2188 1224 2238 deinde
1256 2204 1316 2238 ex
1356 2204 1454 2238 uno
1495 2202 1668 2237 eorum
1709 2188 1811 2235 nati

123 2271 239 2314 sunt
286 2270 520 2329 quattuor
568 2270 774 2328 nepotes
825 2265 959 2329 eiUS,
1012 2264 1230 2326 itemque
1278 2262 1401 2311 alter
1441 2261 1654 2310 filiorum
1695 2259 1811 2309 Sem

123 2340 294 2403 genuit
331 2339 438 2387 eius
477 2344 723 2402 nepotem,
763 2343 909 2401 atque
950 2351 1009 2384 ex
1047 2335 1129 2384 illo
1169 2336 1340 2385 itidem
1378 2350 1626 2400 pronepos
1666 2340 1810 2382 natus

128 2418 202 2460 est
256 2419 402 2476 atque
456 2410 568 2460 inde
618 2410 857 2476 abnepOS‚
912 2411 998 2474 qui
1045 2416 1122 2458 est
1159 2408 1338 2458 Heber.
1415 2408 1598 2458 Genuit
1647 2413 1810 2456 autem

124 2483 288 2534 Heber
327 2484 451 2534 duos
491 2484 630 2550 filios,
670 2498 880 2548 quorum
921 2498 1075 2532 unum
1116 2482 1374 2547 appellavit
1411 2481 1639 2547 Phalech,
1679 2479 1810 2544 quod

126 2559 483 2623 interpretatur
523 2557 758 2606 dividens
821 2556 1006 2605 Deinde
1050 2558 1296 2620 scriptura
1329 2555 1632 2619 subiungens
1664 2555 1810 2602 ratio-

248 2776 274 2814 8
307 2771 447 2815 etiam
479 2771 570 2828 ipsi
592 2785 618 2814 v
642 2773 657 2827 ΙΙ
682 2776 736 2815 10
769 2771 971 2815 filiorum
1002 2783 1188 2814 suorum
1212 2783 1236 2812 υ
1261 2771 1276 2825 Η
1303 2774 1355 2812 12
1389 2769 1485 2813 sive
1517 2781 1705 2824 pronep.
1737 2781 1763 2810 υ
1798 2767 1812 2824 {1

133 2835 185 2874 17
219 2829 378 2885 itaque
416 2843 529 2883 mss;
566 2830 726 2886 utique
757 2843 783 2874 v
829 2831 845 2886 ΙΙ
892 2833 946 2872 18
985 2829 1222 2885 praelatus
1255 2829 1325 2872 est
1353 2827 1452 2871 RF
1492 2829 1508 2883 ΙΙ
1553 2831 1610 2870 24
1641 2825 1812 2870 detrita.

138 2887 369 2942 V¹RAF;
399 2888 610 2933 detracta.
650 2888 737 2932 V²v
760 2889 776 2944 ΙΙ
798 2887 1008 2945 linguam
1038 2900 1126 2932 mss
1135 2904 1151 2941 ,·
1182 2887 1212 2933 1.
1245 2885 1525 2930 Hebraioam
1555 2899 1581 2928 v

1841 948 1894 987 10

1842 1316 1894 1355 15

1842 1682 1905 1722 20-

1842 2049 1897 2089 25

1843 2417 1899 2455 30
