2004 3140
595 142 661 176 DE
686 139 924 176 c1v1rA'rE
947 142 1035 175 nm
1059 142 1101 175 L.
1125 141 1208 174 xx.
1232 140 1271 174 c.
1297 141 1353 173 21.
1710 126 1815 178 457

137 259 479 314 consolabor;‘
500 263 549 306 et
586 256 637 305 in
676 257 993 306 Hierusalem
1041 255 1440 315 consolabimini,
1489 259 1535 302 et
1575 253 1820 309 videbitis,

138 339 186 382 et
212 331 459 394 qaudebit
488 345 579 380 cor
611 336 828 379 vestrum
861 336 911 379 et
940 344 1053 379 ossa
1085 335 1253 378 vestra
1292 334 1349 377 ut
1385 329 1545 378 herba
1586 328 1818 376 exorien-

137 413 234 455 tur.
311 405 378 453 Et
422 410 756 465 coqnoscetur
803 419 982 453 manus
1030 405 1234 452 Domini
1277 403 1554 452 colentibus
1593 415 1726 461 eum,
1774 405 1822 449 et

136 479 522 529 comminabitur
583 481 977 528 contumacibus,
1071 478 1209 526 Ecce
1269 479 1400 525 enim
1462 477 1706 526 Dominus
1766 479 1824 523 ut

136 555 267 613 ionis
304 554 481 614 veniet,
522 558 571 601 et
608 558 664 601 ut
703 558 968 615 tempestas
1007 566 1196 601 currus
1235 554 1356 609 eiuS,
1397 552 1616 599 reddere
1655 552 1706 598 in
1747 551 1820 597 in-

137 628 432 687 diqnate’one
469 627 744 675 vindictam
777 632 826 675 et
856 628 1183 675 vastationem
1217 627 1267 673 in
1303 627 1510 685 flamma
1549 626 1694 685 ionis.
1760 623 1822 671 In

135 703 253 761 ione
291 702 422 750 enim
469 700 674 749 Domini
719 701 1034 749 iudicabitur
1081 701 1238 748 omnis
1290 704 1432 747 terra
1473 703 1523 747 et
1560 700 1613 746 in
1647 698 1821 758 qladio

135 776 243 823 eius
289 775 447 823 omnis
494 788 619 823 caro
630 791 649 831 ;
698 777 842 823 multi
885 775 1142 823 vulnerati
1186 778 1339 822 erunt
1384 788 1415 821 a
1465 773 1689 820 Domino.
1767 769 1823 818 In

134 847 376 896 bonorum
423 849 751 911 promissione
799 847 983 897 flumen
1037 848 1171 911 pacis
1210 846 1434 911 profecto
1476 844 1823 894 abundantiam

134 923 268 986 pacis
306 921 437 969 illius
477 920 714 970 debemus
754 923 994 988 accipere,
1034 936 1128 985 qua
1170 922 1324 968 maior
1365 935 1472 969 esse
1514 935 1613 968 non
1651 920 1821 984 possit.

134 994 235 1044 Hac
269 997 438 1059 utique
470 997 521 1043 in
554 995 649 1044 fine
681 995 975 1061 rigabimur3
1016 995 1075 1043 de
1117 1010 1213 1058 qua
1250 997 1301 1043 in
1341 993 1658 1058 praecedenti
1695 991 1822 1041 libro

136 1067 442 1118 abundanter
473 1068 624 1118 locuti
656 1085 842 1118 sumus.
918 1069 1022 1117 Hoc
1056 1069 1240 1117 flumen
1274 1083 1324 1116 se
1358 1070 1409 1116 in
1451 1083 1535 1116 eos
1576 1066 1822 1116 declinare

136 1142 276 1209 dicit,
317 1141 496 1206 quibus
536 1149 721 1193 tantam
760 1142 1116 1192 beatitudiuem
1154 1141 1438 1207 pollicetur,
1477 1148 1533 1190 ut
1572 1140 1820 1205 intellega-

135 1231 245 1265 mus
292 1218 342 1264 in
388 1215 520 1264 illius
566 1215 815 1266 felicitatis
863 1219 1088 1283 regione,
1138 1231 1262 1280 quae
1303 1218 1354 1264 in
1396 1215 1542 1264 caelis
1585 1222 1681 1281 est,
1730 1214 1822 1262 boc

134 1290 336 1338 flumine
390 1291 553 1338 omnia
608 1291 796 1356 satiari;
852 1291 936 1339 sed
994 1293 1107 1355 quia
1163 1296 1212 1338 et
1262 1291 1476 1339 terrenis
1529 1287 1822 1354 corporibus

134 1379 228 1428 pax
274 1365 663 1428 incorruptionis
711 1371 857 1428 atque
905 1364 1271 1414 inmortalitatis
1310 1363 1424 1412 inde
1465 1363 1660 1429 influet,
1712 1362 1823 1411 ideo

135 1437 381 1486 declinare
438 1452 490 1486 se
542 1437 660 1487 dicit
706 1437 798 1486 hoc
853 1438 1058 1504 flumen,
1113 1445 1169 1487 ut
1215 1437 1275 1486 de
1331 1439 1560 1502 supernis
1610 1436 1821 1501 quodam

136 1511 280 1560 modo
331 1513 477 1560 etiam
525 1511 770 1569 inferiora,
805 1512 1070 1576 perfundat
1119 1519 1168 1561 et
1206 1511 1432 1560 homines
1472 1510 1701 1575 aequales
1741 1525 1823 1558 an-

135 1585 255 1649 gelis
302 1584 488 1634 reddat.
564 1585 871 1634 Hierusalem
920 1601 1142 1652 quoque,
1189 1600 1287 1634 non
1338 1585 1471 1634 illam
1510 1600 1634 1649 quae
1675 1585 1826 1633 servit

136 1673 248 1707 cum
290 1658 402 1707 filiis
442 1659 570 1725 suiS‚
610 1659 696 1707 sed
735 1659 940 1708 liberam
979 1666 1185 1708 matrem
1226 1666 1446 1708 nostram
1484 1658 1825 1722 intellegamus

137 1731 411 1781 secundum
443 1732 718 1796 apostolum
751 1740 1002 1782 aeternam
1041 1735 1092 1782 in
1132 1733 1292 1782 caelis,
1369 1732 1443 1781 Ibi
1481 1739 1595 1797 post
1632 1731 1825 1780 labores

93 1836 96 1841 ,
138 1821 487 1855 aerumnarum
542 1821 874 1871 curarumque
929 1806 1210 1856 mortalium
1266 1805 1652 1872 consolabimur,
1704 1813 1823 1854 tam-

138 1894 283 1944 quam
322 1879 514 1944 parvuli
561 1882 668 1928 eius
715 1882 765 1929 in
812 1883 1000 1929 umeris
1040 1880 1347 1945 genibusque
1386 1881 1580 1945 portati.
1658 1877 1824 1928 Rudes

138 1955 270 2002 enim
319 1968 410 2001 nos
458 1960 508 2002 et
555 1968 706 2002 novos
755 1953 1087 2003 blandissimis
1133 1954 1390 2003 adiutoriis
1438 1952 1635 2003 insolita
1681 1951 1824 2001 nobis

137 2026 389 2076 beatitudo
435 2026 515 2075 illa
566 2029 816 2092 suscipiet.
894 2027 966 2077 Ibi
1012 2027 1309 2093 videbimUS,
1364 2034 1414 2076 et
1460 2026 1693 2092 gaudebit
1739 2041 1824 2075 cor

138 2106 381 2149 nostrum.
458 2100 560 2149 Nec
612 2104 855 2166 expressit
906 2102 1024 2166 quid
1075 2101 1371 2167 videbimus3
1424 2101 1510 2150 sed
1563 2099 1680 2165 quid
1731 2101 1827 2148 nisi

138 2171 332 2223 Deum?
386 2181 442 2222 ut
495 2174 758 2239 impleatur
811 2178 862 2224 in
917 2175 1060 2225 nobis
1113 2177 1415 2240 promissum
1469 2174 1826 2238 evangelicum:

139 2249 288 2297 Beati
337 2250 523 2297 mundo
578 2251 761 2311 corde,
817 2253 1055 2311 quoniam
1111 2252 1208 2312 ipsi
1255 2250 1416 2298 Deum
1467 2249 1728 2314 videbunt,
1778 2254 1828 2296 et

144 2323 304 2370 omnia
344 2321 439 2388 illa,
478 2337 603 2386 quae
642 2338 775 2372 nunc
815 2338 915 2372 non
955 2323 1192 2390 videmuS,
1232 2322 1493 2372 credentes
1533 2328 1697 2371 autem
1736 2336 1826 2385 pro

140 2394 338 2443 modulo
371 2397 654 2460 capacitatis
685 2395 926 2446 humanae
958 2396 1102 2462 longe
1142 2399 1305 2446 minus
1339 2411 1484 2460 quam
1526 2402 1642 2444 sunt
1680 2401 1826 2458 atque

141 2467 589 2532 incomparabiliter
629 2472 914 2534 cogitamus.
992 2472 1060 2519 Et
1095 2472 1349 2530 videbitis,
1389 2470 1574 2534 inquit,
1614 2474 1664 2516 et
1697 2482 1824 2528 qau-

143 2542 279 2590 debz’t
315 2555 406 2590 cor
444 2549 675 2591 vestrum.
752 2543 842 2592 Hic
883 2544 1099 2609 creditiS‚
1138 2543 1207 2592 ibi
1244 2541 1486 2592 videbitis,

293 2613 388 2662 Sed
444 2618 674 2678 quoniam
722 2616 864 2666 dixit:
919 2618 987 2666 Et
1028 2618 1276 2678 ¹oaudebz’t
1326 2631 1419 2666 cor
1466 2621 1709 2674 vestrum,
1765 2629 1826 2662 ne

263 2742 306 2795 8)
339 2739 462 2785 Esai.
497 2747 565 2796 66,
601 2747 653 2786 12
687 2757 784 2798 sqq.
847 2745 921 2799 21)
955 2743 1056 2787 Gal.
1089 2749 1130 2798 4,
1163 2748 1234 2787 26.
1296 2744 1371 2798 28)
1403 2741 1483 2786 Mt.
1519 2747 1560 2796 5,
1593 2747 1632 2785 8.

263 2876 317 2916 28
350 2873 521 2917 mundo
555 2873 714 2918 cordes
746 2874 838 2918 ΒΑ
868 2875 920 2928 (ἶ.
954 2878 1021 2920 22
1055 2889 1089 2919 c.
1123 2878 1208 2930 29)

1856 926 1910 967 10

1856 1295 1912 1336 15

1858 1665 1916 1705 20

1858 2033 1915 2074 25

1858 2401 1918 2442 30
