2004 3140
597 152 663 183 DE
689 150 928 184 CIVITATE
952 151 1042 183 DEI
1066 152 1106 184 L.
1130 152 1254 185 xxn.
1280 152 1317 186 c.
1341 155 1372 186 5.
1715 140 1820 193 559

136 265 444 332 paucissimis
484 263 852 313 remanentibus
892 271 1038 329 atque
1080 264 1392 329 stupentibus
1433 265 1507 314 vel
1547 265 1704 314 doctis
1744 265 1819 314 vel

138 339 363 405 indoctis,
403 339 498 386 iam
532 338 850 387 crediderunt
883 345 932 387 et
963 339 1094 387 docti
1127 346 1176 388 et
1208 338 1406 389 indocti.
1486 338 1538 388 Si
1570 355 1678 388 rem
1716 355 1820 388 cre-

139 413 338 462 dibilem
385 411 726 478 crediderunt,
772 411 967 461 videant
1015 428 1160 476 quam
1213 414 1311 461 sint
1360 413 1545 479 stolidi,
1598 415 1682 477 qui
1721 429 1820 461 non

138 487 368 552 credunt3
417 487 458 534 si
505 492 668 535 autem
708 501 789 535 res
828 485 1132 535 incredibilis
1172 486 1359 536 credita
1399 494 1496 553 est,
1544 489 1690 536 etiam
1727 487 1821 535 hoc

137 563 307 625 utique
347 559 635 609 incredibile
669 566 757 626 est,
799 562 870 608 sic
911 560 1155 609 creditum
1196 575 1320 627 esse,
1361 561 1490 625 quod
1531 560 1818 610 incredibile

138 644 225 686 est.
302 635 433 684 Haec
473 636 622 698 igitur
663 633 759 682 duo
799 633 1126 700 incredibilia,
1173 637 1590 684 resurrectionem
1632 634 1821 683 scilicet

137 712 296 759 nostri
328 710 551 773 corporis
583 709 633 756 in
667 715 923 756 aeternum
957 714 1006 756 et
1037 723 1144 756 rem
1176 716 1275 757 tam
1307 708 1647 757 incredibilem
1680 724 1818 757 mun-

138 785 255 834 dum
307 798 414 832 esse
462 781 793 843 crediturum,
849 782 978 830 idem
1027 781 1179 848 DeuS,
1234 790 1496 847 antequam
1543 782 1618 831 vel
1666 797 1819 831 unum

138 873 311 907 eorum
351 857 505 921 fieret,
545 854 686 904 ambo
728 856 893 904 futura
934 871 1041 904 esse
1083 856 1337 920 praedixit.
1412 856 1575 905 Unum
1607 856 1818 905 duorum

137 930 500 981 incredibilium
538 932 631 979 iam
675 930 858 979 sactum
898 929 1141 991 videmuS,
1182 937 1250 996 ut,
1292 931 1422 995 quod
1463 938 1569 979 erat
1607 930 1817 979 incredi-

137 1005 256 1071 bile,
307 1004 534 1054 crederet
574 1003 808 1053 mundus:
858 1019 947 1053 cur
987 1003 1050 1067 id,
1076 1004 1204 1068 quod
1247 1005 1493 1069 reliquum
1537 1011 1612 1053 est
1651 1005 1820 1068 despe-

138 1087 290 1145 ratur,
332 1085 386 1128 ut
419 1080 565 1127 etiam
597 1077 690 1126 hoc
723 1079 899 1143 veniat,
940 1077 1070 1142 quod
1103 1078 1390 1127 incredibile
1433 1079 1642 1128 credidit
1682 1093 1822 1126 mun-

139 1154 254 1218 dus,
305 1155 433 1202 sicut
479 1154 575 1200 iam
622 1153 780 1217 venit,
832 1151 963 1216 quod
1012 1151 1237 1201 similiter
1276 1152 1563 1201 incredibile
1605 1153 1720 1217 fuit,
1769 1158 1824 1201 ut

138 1243 243 1276 rem
292 1234 389 1276 tam
439 1225 779 1275 incredibilem
826 1226 1053 1275 crederet
1103 1225 1339 1292 munduS,
1389 1227 1582 1291 quando
1624 1226 1822 1290 quidem

137 1301 230 1350 hoc
263 1307 530 1365 utrumque
563 1298 866 1366 incredibile,
907 1315 1118 1364 quorum
1150 1300 1372 1349 videmus
1404 1316 1573 1366 unum,
1614 1300 1823 1349 alterum

140 1375 403 1441 credimUS,
441 1376 492 1423 in
523 1373 711 1423 eisdem
742 1373 921 1422 litteris
960 1373 1267 1438 praedictum
1309 1377 1385 1441 sit,
1424 1391 1514 1439 per
1555 1390 1676 1438 quas
1717 1390 1820 1423 cre-

139 1449 262 1498 didit
301 1445 554 1498 mundus‘?
630 1447 836 1512 Etipse
877 1447 1074 1513 modim,
1115 1464 1212 1513 quo
1256 1449 1468 1498 mundus
1510 1448 1740 1515 credidit,
1782 1450 1824 1497 si

140 1523 509 1588 consideretur,
562 1521 900 1571 incredibilior
957 1524 1220 1571 invenitur.
1309 1522 1589 1572 Ineruditos
1648 1522 1822 1571 libera·

139 1597 268 1646 libus
308 1595 580 1661 disciplinis
613 1603 663 1645 et
694 1597 908 1662 omnino,
949 1602 1186 1660 quantum
1227 1596 1284 1644 ad
1324 1599 1531 1645 istorum
1573 1596 1823 1645 doctrinas

140 1671 350 1737 adtinet,
390 1669 648 1736 inpolitOS,
704 1685 808 1739 non·
849 1671 1037 1734 peritos
1086 1672 1425 1734 grammatica,
1473 1686 1572 1719 non
1612 1677 1824 1718 armatos

140 1744 406 1810 dialectica,
445 1759 544 1792 non
585 1743 832 1793 rhetorica
870 1743 1092 1811 inflatOS,
1131 1745 1404 1808 piscatores
1444 1743 1670 1792 Christus
1711 1759 1824 1792 cum

139 1818 329 1867 retibus
369 1818 483 1867 fidei
522 1817 580 1866 ad
621 1833 755 1866 mare
796 1817 943 1866 huius
985 1817 1169 1866 saeculi
1221 1819 1543 1882 paucissimos
1585 1820 1717 1867 misit
1756 1824 1823 1866 at-

141 1908 236 1957 que
290 1894 358 1941 ita
406 1899 454 1941 et
501 1907 560 1940 ex
607 1893 740 1940 omni
786 1907 966 1956 genere
1016 1898 1111 1940 tam
1162 1892 1342 1940 multos
1389 1893 1551 1956 pisces
1600 1898 1648 1940 et
1689 1898 1822 1940 tanto

140 1965 489 2031 mirabilioreS‚
530 1971 711 2029 quanto
752 1967 989 2031 rarioreS,
1030 1967 1174 2014 etiam
1215 1968 1349 2030 ipsos
1386 1965 1705 2030 philosophos
1746 1981 1822 2013 ce-

139 2041 226 2104 pit.
304 2039 504 2089 Duobus
559 2039 656 2088 illis
711 2038 1110 2105 incredibilibus,
1173 2041 1214 2088 si
1264 2039 1449 2105 placet,
1510 2041 1659 2088 immo
1713 2040 1826 2103 quia

141 2107 335 2178 placere
376 2112 537 2179 debet,
577 2112 810 2162 addamus
849 2112 942 2161 hoc
982 2115 1201 2162 tertium.
1279 2112 1378 2161 Iam
1419 2127 1535 2176 ergo
1576 2114 1670 2161 tria
1710 2119 1825 2161 sunt

140 2186 462 2253 incredibilia,
502 2202 625 2251 quae
666 2193 830 2235 tamen
870 2186 993 2235 facta
1036 2194 1163 2236 sunt.
1243 2185 1532 2235 Incredibile
1574 2193 1649 2235 est
1689 2185 1824 2235 Chri-

143 2268 275 2310 stum
312 2263 646 2310 resurrexisse
693 2262 743 2309 in
795 2275 942 2309 carne
983 2267 1032 2309 et
1071 2262 1121 2308 in
1162 2260 1351 2309 caelum
1390 2260 1670 2309 ascendisse
1712 2275 1824 2308 cum

142 2349 311 2400 carne,
351 2334 640 2383 incredibile
674 2341 749 2383 est
781 2334 1018 2383 mundum
1058 2349 1164 2383 rem
1204 2340 1301 2382 tam
1341 2333 1678 2382 incredibilem
1720 2349 1824 2382 cre-

143 2408 347 2474 didisse,
386 2407 674 2457 incredibile
715 2415 791 2457 est
828 2407 1053 2456 homines
1092 2406 1348 2473 ignobileS,
1386 2408 1596 2473 infimOS,
1634 2408 1823 2471 paucis·

143 2483 323 2548 sinmS,
383 2483 623 2547 inperitos
685 2496 792 2530 rem
846 2488 944 2530 tam
1005 2481 1346 2530 incredibilem
1406 2487 1506 2529 tam
1561 2481 1826 2528 efficaciter

143 2555 326 2603 mundo
361 2561 410 2604 et
441 2557 490 2604 in
523 2555 604 2603 illo
638 2556 783 2604 etiam
818 2554 975 2603 doctis
1007 2554 1306 2619 persuadere
1339 2555 1572 2617 potuisse.
1637 2553 1825 2602 Horum

143 2630 294 2678 trium
333 2627 696 2678 incredibilium
736 2630 948 2693 primum
990 2627 1164 2676 nolunt
1203 2629 1307 2694 isti,
1355 2642 1467 2675 cum
1508 2626 1690 2690 quibus
1729 2628 1825 2690 agi-

263 2744 307 2797 9)
339 2741 423 2786 Mt.
456 2746 526 2795 26,
560 2746 628 2787 13.

265 2894 318 2932 16
350 2888 412 2932 sit
441 2901 523 2933 om.
556 2888 601 2932 R

1854 940 1908 979 10

1858 1312 1911 1350 15

1858 1680 1914 1719 20

1859 2048 1912 2087 25

1858 2418 1913 2456 30
