2054 3152
616 173 684 204 m:
708 172 948 206 cwrrA'rE
971 173 1062 205 DEI
1085 173 1127 206 L.
1152 173 1254 205 xxv.
1278 173 1317 206 c.
1342 175 1394 206 11.
1774 162 1844 213 29

161 285 327 334 vitiata
365 298 420 332 ac
460 283 721 349 depravata
760 284 947 349 fuerat,
998 291 1164 334 sanata
1204 291 1351 349 atque
1392 291 1629 334 correcta.
1706 284 1845 334 Arbi-

159 359 312 407 trium
349 358 502 421 igitur
546 357 812 407 voluntatis
849 364 970 407 tunc
1009 365 1086 407 est
1125 373 1239 407 vere
1279 358 1512 425 liberum,
1563 373 1677 408 cum
1715 361 1846 408 vitiis

159 432 474 496 peccatisque
529 446 629 480 non
684 432 850 480 servit.
926 430 1043 480 Tale
1098 430 1267 480 datum
1321 439 1397 480 est
1450 447 1477 480 a
1531 431 1652 497 De03
1714 431 1846 496 quod

159 506 395 554 amissum
432 506 634 570 proprio
674 506 814 570 vitio,
862 505 957 553 nisi
996 519 1022 553 a
1062 520 1160 569 quo
1200 504 1306 554 dari
1345 507 1527 570 potuit,
1565 505 1707 555 reddi
1746 521 1845 555 non

159 584 338 643 potest.
413 576 553 627 Unde
584 577 774 627 Veritas
806 577 946 627 dicit:
986 579 1044 628 Se·
1073 593 1158 628 vos
1188 580 1348 628 Filius
1378 580 1687 639 liberaverit,
1727 585 1848 629 tunc
1880 587 1906 627 5

161 667 279 701 vere
309 653 462 701 liberi
491 655 646 701 eritis.
723 651 778 700 Id
809 653 972 716 ipsum
1004 658 1081 701 est
1119 658 1299 717 autem,
1338 667 1394 701 ac
1434 654 1476 701 si
1515 651 1724 702 diceret:
1763 652 1848 718 „Si

160 740 247 773 vos
295 724 451 774 Filius
499 725 656 774 salvos
703 725 902 790 fecerit,
956 732 1075 775 tunc
1122 741 1237 775 vere
1294 725 1413 775 salvi
1461 721 1653 775 eritis.“
1728 726 1847 775 Inde

161 800 342 864 quippe
381 798 630 864 liberator,
668 798 799 848 unde
840 799 1063 849 salvator.

312 871 515 922 Vivebat
552 875 718 937 itaque
757 873 904 921 homo
945 873 1218 923 secundum
1251 873 1406 922 Deum
1445 875 1495 922 in
1534 872 1760 938 paradiso
1800 879 1850 922 et

160 945 404 1010 corporali
450 953 500 995 et
545 946 765 1011 spiritali.
841 946 1013 1011 Neque
1061 949 1191 996 enim
1232 954 1337 996 erat
1376 946 1631 1012 paradisus
1673 962 1844 1012 corpo·
1881 956 1936 995 10

161 1019 277 1067 ralis
322 1028 528 1084 propter
575 1021 799 1085 corporis
845 1020 974 1069 bona
1021 1028 1070 1070 et
1125 1027 1332 1085 propter
1380 1022 1559 1070 mentis
1598 1036 1698 1069 non
1739 1028 1844 1070 erat

161 1090 415 1158 spiritalis3
464 1100 548 1142 aut
593 1109 711 1142 vero
759 1101 864 1142 erat
913 1094 1146 1159 spiritalis
1195 1109 1291 1158 quo
1338 1109 1428 1159 per
1478 1096 1742 1143 interiores
1795 1102 1845 1143 et

161 1181 259 1214 non
293 1172 398 1214 erat
430 1167 700 1231 corporalis
734 1181 831 1231 quo
870 1182 961 1231 per
1000 1169 1273 1216 exteriores
1312 1183 1489 1216 sensus
1528 1167 1674 1216 homo
1714 1168 1845 1216 frue-

160 1247 313 1288 retur.
389 1239 509 1288 Erat
552 1240 694 1305 plane
742 1246 1011 1305 utrumque
1057 1247 1261 1305 propter
1309 1247 1592 1305 utrumque.
1669 1241 1846 1290 Postea

160 1328 277 1362 vero
317 1328 462 1377 quam
510 1313 755 1377 superbus
807 1314 888 1363 ille
930 1314 1131 1378 angelus
1171 1329 1226 1363 ac
1265 1329 1356 1378 per
1394 1315 1488 1363 hoc
1526 1314 1722 1363 invidus
1760 1330 1849 1379 per
1884 1323 1938 1363 15

160 1386 367 1435 eandem
423 1387 705 1451 superbiam
751 1403 778 1436 a
825 1387 926 1437 Deo
975 1388 1034 1437 ad
1083 1395 1239 1437 semet
1284 1390 1448 1453 ipsum
1489 1403 1758 1437 conversus
1799 1397 1848 1437 et

160 1460 373 1524 quodam
406 1463 548 1524 quasi
578 1463 834 1525 tyrannico
875 1462 1004 1511 fastu
1043 1461 1259 1526 gaudere
1300 1461 1510 1511 subditis
1550 1477 1697 1527 quam
1737 1477 1845 1511 esse

162 1532 389 1583 subditus
440 1534 626 1599 eligens
678 1535 737 1583 de
792 1535 1003 1600 spiritali
1060 1535 1286 1600 paradiso
1339 1536 1517 1585 cecidit
1568 1531 1651 1602 (de
1705 1538 1847 1585 cuius

160 1607 300 1671 lapsu
348 1609 695 1672 sociorumque
743 1611 879 1673 eiuS,
934 1611 1018 1672 qui
1065 1625 1125 1658 ex
1172 1608 1357 1673 angelis
1397 1608 1485 1658 Dei
1532 1609 1692 1674 angeli
1739 1611 1846 1658 eius

161 1681 325 1730 effecti
356 1688 487 1747 sunt,
524 1683 576 1730 in
608 1681 747 1731 libris
778 1683 1040 1731 undecimo
1073 1690 1124 1732 et
1162 1682 1453 1732 duodecimo
1493 1683 1641 1732 huius
1682 1685 1847 1747 operis
1880 1693 1936 1732 20

163 1755 303 1819 satiS,
357 1761 595 1818 quantum
648 1757 809 1821 potui,
863 1751 1160 1823 disputavi),
1213 1755 1492 1805 malesuada
1539 1759 1755 1806 versutia
1794 1758 1844 1805 in

161 1827 374 1875 hominis
415 1842 616 1876 sensum
657 1843 858 1893 serpere
898 1829 1145 1894 affectanS,
1186 1831 1266 1878 cui
1305 1831 1478 1894 utique
1520 1831 1684 1895 stanti,
1723 1845 1844 1894 quo-

161 1902 292 1949 niam
330 1902 435 1964 ipse
476 1900 735 1967 ceciderat,
774 1901 1042 1967 invidebat,
1082 1901 1343 1951 colubrum
1381 1905 1432 1951 in
1471 1903 1696 1968 paradiso
1738 1918 1844 1952 cor-

160 1973 331 2039 porali,
370 1974 458 2022 ubi
489 1990 602 2023 cum
635 1974 828 2024 duobus
858 1975 953 2024 illis
985 1975 1282 2041 hominibus,
1314 1977 1532 2026 masculo
1567 1983 1616 2026 et
1647 1977 1842 2040 femina,

160 2047 383 2096 animalia
430 2050 577 2097 etiam
620 2051 879 2098 terrestria
917 2056 1082 2098 cetera
1121 2049 1316 2099 subdita
1355 2057 1405 2099 et
1442 2052 1640 2099 innoxia
1678 2065 1839 2099 versa·
1875 2059 1932 2099 25

162 2119 365 2186 bantur,
412 2121 589 2170 animal
639 2122 829 2171 scilicet
878 2122 1124 2171 lubricum
1177 2130 1227 2172 et
1266 2126 1504 2173 tortuosis
1544 2123 1847 2173 anfractibus

165 2193 360 2260 mobile,
399 2196 540 2259 operi
572 2211 661 2244 suo
696 2211 986 2261 congruum,
1024 2211 1114 2260 per
1147 2212 1295 2261 quem
1334 2197 1637 2262 loqueretur,
1679 2197 1847 2262 elegit;

160 2282 319 2331 eoque
366 2283 456 2332 per
506 2268 772 2333 angelicam
828 2271 1157 2333 praesentiam
1203 2273 1711 2336 praestantioremque
1765 2286 1845 2319 na-

161 2347 323 2389 turam
363 2341 571 2406 spiritali
617 2344 837 2406 nequitia
884 2342 978 2392 sibi
1024 2343 1246 2393 subiecto
1288 2351 1337 2393 et
1375 2352 1623 2409 tamquam
1662 2346 1845 2393 instru-

163 2419 328 2462 mento
368 2413 576 2463 abutens
616 2415 802 2464 fallacia
841 2418 1198 2466 sermocinatus
1252 2424 1327 2466 est
1364 2418 1596 2483 feminae,
1643 2433 1670 2466 a
1708 2424 1845 2482 parte
1881 2427 1936 2466 30

162 2486 351 2536 scilicet
379 2488 615 2537 inferiore
655 2488 787 2537 illius
826 2489 1066 2539 humanae
1109 2490 1310 2555 copulae
1349 2493 1607 2556 incipienS,
1645 2497 1702 2540 ut
1738 2506 1844 2555 gra-

162 2559 315 2608 datim
362 2563 645 2625 perveniret
693 2561 751 2610 ad
800 2569 979 2628 totum,
1027 2579 1127 2612 non
1175 2565 1459 2613 existimans
1505 2567 1667 2614 virum
1705 2565 1845 2613 facile

167 2632 424 2682 credulum
464 2650 555 2683 nec
588 2635 798 2684 errando
838 2651 983 2700 posse
1024 2637 1198 2702 decipi,
1238 2638 1322 2686 sed
1365 2638 1480 2687 dum
1520 2638 1678 2687 alieno
1719 2638 1849 2687 cedit

283 2762 326 2814 6)
358 2760 422 2803 Io.
456 2765 498 2813 8,
531 2766 600 2805 36.

285 2896 338 2934 16
371 2892 418 2934 et-
449 2905 530 2935 om.
563 2906 588 2936 υ
613 2894 627 2948 Ιῖ
651 2897 706 2936 22
740 2907 897 2938 sensus
926 2908 951 2938 v
975 2896 990 2951 ΙΙ
1015 2900 1071 2940 30
1102 2894 1339 2939 fallacia-m
1375 2895 1513 2940 Parr.
