2054 3152
147 1057 201 1097 10

148 1423 200 1463 15

238 221 309 276 26
916 233 951 266 s,
975 233 1249 267 Aueos‘rmi

721 417 727 439 ι
923 355 1121 410 CAPUT
1161 357 1224 409 X.

236 451 314 500 Αη
341 453 532 513 primos
570 452 792 499 homines
823 452 873 498 in
907 452 1155 512 paradiso
1196 451 1490 498 constitutos
1528 450 1677 497 nullis
1710 455 1917 511 pertur-

326 524 632 586 bationibu3‚
673 526 974 586 priusquam
1014 525 1382 582 delinquerent,
1424 521 1637 581 affectos
1670 521 1832 584 fuisse

862 598 1170 646 eredendum
1209 597 1287 643 sit.
1366 629 1378 645 .

385 683 481 733 Sed
513 691 685 733 utrum
715 686 906 749 primus
936 684 1082 732 homo
1115 682 1190 730 vel
1229 683 1376 746 primi
1414 682 1639 732 homines
1680 678 1917 751 (duorum

235 765 341 807 erat
374 759 556 822 quippe
588 752 896 824 coniugium)
930 756 1173 805 habebant
1212 757 1332 804 istos
1372 757 1578 806 affectus
1617 759 1668 806 in
1708 773 1915 822 corpore

234 831 430 880 animali
485 837 595 880 ante
650 838 936 895 peccatum,
992 830 1159 894 quales
1206 831 1257 878 in
1305 844 1512 894 corpore
1562 830 1767 895 spiritali
1800 847 1912 885 <non

233 904 524 954 habebimus
575 906 708 953 omni
747 912 954 968 purgato
995 905 1231 967 finitoque
1271 910 1498 969 peccam,
1547 919 1646 952 non
1685 906 1915 954 inmerito

233 980 502 1042 quaeritur.
582 977 634 1026 Si
680 980 812 1026 enim
858 977 1124 1042 habebant,
1175 991 1272 1041 quo
1322 976 1464 1025 modo
1515 984 1655 1029 erant
1694 976 1825 1026 beati
1864 981 1914 1027 in

233 1051 314 1100 illo
355 1050 662 1100 memorabili
705 1050 1025 1100 beatitudinis
1064 1050 1195 1116 locO,
1242 1049 1291 1098 id
1340 1058 1415 1099 est
1453 1048 1716 1115 paradiso?
1795 1050 1916 1108 Quis

233 1125 429 1174 tandem
476 1123 696 1173 absolute
747 1124 843 1173 dici
889 1123 1062 1174 beatus
1108 1130 1294 1189 potest,
1346 1126 1430 1187 qui
1478 1126 1655 1173 timore
1704 1125 1916 1174 afficitur

231 1198 308 1247 vel
354 1194 558 1247 dolore?
621 1197 747 1255 Quid
795 1204 960 1247 autem
1010 1200 1183 1247 timere
1231 1203 1316 1246 aut
1365 1197 1530 1246 dolere
1582 1204 1810 1263 poterant
1847 1198 1917 1247 illi

232 1272 456 1320 homines
503 1273 555 1320 in
601 1279 849 1320 tantorum
905 1278 1038 1320 tanta
1088 1271 1318 1320 alluentia
1371 1270 1637 1337 bonorum,
1691 1271 1777 1321 ubi
1823 1286 1914 1320 nec

232 1360 366 1394 mors
420 1343 732 1394 metuebatur
788 1360 880 1393 nec
935 1344 1033 1393 ulla
1083 1346 1305 1409 corporis
1352 1343 1475 1393 mala
1523 1344 1769 1412 valetudO,
1822 1360 1914 1394 nec

234 1418 402 1467 aberat
448 1420 734 1483 quicquam,
782 1417 912 1482 quod
961 1417 1089 1466 bona
1127 1417 1352 1466 voluntas
1393 1418 1771 1484 adipisceretur,
1825 1433 1916 1467 nec

233 1494 392 1540 inerat
439 1491 569 1556 quod
626 1506 824 1540 carnem
871 1493 1146 1540 animumve
1194 1491 1406 1539 hominis
1454 1491 1662 1542 feliciter
1708 1494 1915 1541 viventis

234 1562 545 1614 offenderet?
583 1564 733 1613 Amor
765 1571 870 1613 erat
909 1565 1281 1629 inperturbatus
1321 1567 1372 1613 in
1404 1564 1562 1615 Deum
1600 1574 1745 1630 atque
1785 1567 1918 1614 inter

234 1654 286 1687 se
319 1640 586 1703 coniugum
618 1638 711 1687 fida
744 1645 792 1687 et
825 1640 1017 1687 sincera
1049 1640 1282 1688 societate
1316 1640 1597 1705 viventium,
1638 1646 1687 1688 et
1725 1654 1785 1688 ex
1823 1639 1916 1687 hoc

238 1727 403 1760 amore
444 1712 628 1776 grande
659 1711 906 1777 gaudium,
946 1727 1045 1760 non
1085 1712 1353 1761 desistente
1395 1712 1527 1776 quod
1565 1712 1818 1762 amabatur
1858 1712 1917 1760 ad

150 1790 206 1829 20
239 1785 518 1835 fruendum.
594 1785 713 1834 Erat
745 1785 974 1834 devitatio
1010 1785 1270 1849 tranquilla
1306 1788 1512 1852 pcccati,
1554 1801 1649 1850 qua
1687 1793 1916 1834 manente

143 2155 200 2194 25

146 2521 202 2561 30

234 1858 424 1908 nullum
463 1861 661 1907 omnino
702 1858 925 1908 alicunde
966 1859 1170 1924 malum,
1211 1859 1341 1923 quod
1382 1861 1714 1926 contristaret,
1751 1861 1915 1908 inrue-

232 1932 329 1981 bat.
406 1932 478 1981 An
513 1933 639 1981 forte
673 1931 937 1996 cupiebant
967 1932 1270 1996 prohibitum
1302 1932 1490 1997 lignum
1519 1933 1578 1982 ad
1617 1933 1916 1981 vescendum

235 2007 543 2070 contingere,
584 2005 670 2054 sed
710 2007 837 2053 mori
874 2005 1181 2071 metuebant,
1229 2021 1283 2054 ac
1323 2022 1413 2071 per
1452 2007 1544 2055 hoc
1584 2012 1633 2055 et
1672 2005 1914 2070 cupiditas

235 2086 283 2126 et
314 2085 477 2126 metus
508 2080 604 2126 iam
638 2085 754 2126 tunc
785 2077 894 2126 illos
934 2078 1158 2127 homines
1199 2081 1345 2127 etiam
1383 2082 1434 2129 in
1472 2079 1554 2128 illo
1593 2077 1916 2143 perturbabat

233 2147 377 2200 loco?
453 2151 592 2199 Absit
638 2156 694 2199 ut
731 2150 824 2198 hoc
865 2153 1199 2200 existimemus
1240 2152 1417 2219 fuisse,
1456 2152 1542 2202 ubi
1580 2152 1769 2202 nullum
1810 2160 1915 2200 erat

234 2226 432 2273 omnino
482 2230 753 2288 peccatum.
830 2223 1000 2288 Neque
1048 2226 1180 2273 enim
1219 2225 1410 2275 nullum
1447 2231 1704 2291 peccatum
1745 2232 1819 2274 est
1859 2240 1914 2274 ea

235 2313 358 2362 quae
390 2297 468 2346 lex
507 2297 595 2346 Dei
625 2296 855 2361 prohibet
886 2300 1239 2362 concupiscere
1279 2305 1425 2363 atque
1458 2298 1518 2347 ab
1550 2298 1626 2347 his
1665 2297 1912 2347 abstinere
1951 2322 1962 2332 ·

232 2373 410 2420 timore
449 2385 659 2436 poenae,
715 2386 811 2418 non
853 2386 1017 2420 amore
1067 2373 1298 2420 iustitiae.
1374 2372 1534 2438 Absit,
1587 2374 1808 2436 inquam,
1859 2379 1913 2420 ut

234 2451 346 2493 ante
379 2459 522 2493 omne
554 2450 812 2508 peccatum
852 2445 946 2492 iam
985 2444 1054 2493 ibi
1092 2445 1243 2493 fuerit
1281 2444 1375 2493 tale
1415 2451 1686 2510 peccatum,
1725 2451 1780 2493 ut
1820 2444 1911 2493 hoc

235 2517 293 2566 de
340 2517 471 2582 ligno
520 2517 855 2582 admitterent,
903 2517 1033 2580 quod
1081 2517 1140 2566 de
1188 2517 1393 2567 muliere
1432 2517 1668 2566 Dominus
1717 2519 1805 2566 ait:
1856 2519 1917 2566 Se'

232 2594 343 2652 quis
375 2593 560 2640 viderit
588 2594 845 2640 mulierem
878 2593 949 2639 ad
986 2594 1440 2654 concupiscendam
1480 2605 1603 2651 eam,
1645 2594 1743 2639 iam
1784 2605 1911 2640 moe-

233 2666 412 2713 chatus
451 2670 525 2714 est
562 2679 672 2714 eam
711 2667 761 2713 in
803 2666 958 2713 corde
995 2679 1098 2712 sua.
1178 2664 1333 2722 Quam
1372 2667 1523 2730 igitur
1563 2663 1730 2713 felices
1771 2672 1911 2712 erant

351 2763 424 2816 32)
458 2761 540 2806 Mt.
575 2767 614 2816 5,
647 2765 718 2806 28.

351 2897 377 2934 2
410 2892 517 2935 ullis
559 2893 622 2945 V‚·
652 2892 792 2936 nullis
825 2907 850 2936 v
889 2895 904 2949 Η
942 2898 967 2936 3
1001 2892 1324 2948 delinquerent
1365 2893 1428 2945 V,-
1459 2892 1738 2949 deliquerint
1768 2907 1793 2936 v
1816 2895 1831 2949 ΙΙ
1858 2898 1911 2936 13

234 2949 306 2993 afl.
351 2949 394 2992 V
421 2952 436 3005 ΙΙ
467 2955 520 2993 21
556 2951 743 2995 aliunde
775 2966 800 2995 z·
824 2954 838 3007 ss
864 2957 918 2996 32
952 2953 1084 2995 era-nt
1124 2951 1280 3002 VAR·
1313 2955 1444 2994 erant
1475 2951 1612 3007 primi
1642 2951 1854 2995 homines
1885 2965 1912 2995 v
