<?xml version="1.0" encoding="UTF-8"?>
<!DOCTYPE html PUBLIC "-//W3C//DTD XHTML 1.0 Transitional//EN"
    "http://www.w3.org/TR/xhtml1/DTD/xhtml1-transitional.dtd">
<html xmlns="http://www.w3.org/1999/xhtml" xml:lang="en" lang="en">
 <head>
  <title>
</title>
<meta http-equiv="Content-Type" content="text/html;charset=utf-8" />
  <meta name='ocr-system' content='tesseract 3.04.00' />
  <meta name='ocr-capabilities' content='ocr_page ocr_carea ocr_par ocr_line ocrx_word'/>
</head>
<body>
  <div class='ocr_page' id='page_1' title='image "./decivitatedeilib02auguuoft_0128.png"; bbox 0 0 2054 3152; ppageno 0'>
   <div class='ocr_carea' id='block_1_1' title="bbox 182 136 1241 189">
    <p class='ocr_par' dir='ltr' id='par_1_1' title="bbox 182 136 1241 189">
     <span class='ocr_line' id='line_1_1' title="bbox 182 136 1241 189; baseline -0.01 -1"><span class='ocrx_word' id='word_1_1' title='bbox 182 187 185 189; x_wconf 85' lang='grc'><strong>,</strong></span> <span class='ocrx_word' id='word_1_2' title='bbox 237 136 343 187; x_wconf 77' lang='grc'>124</span> <span class='ocrx_word' id='word_1_3' title='bbox 908 144 942 177; x_wconf 77' lang='lat' dir='ltr'>S.</span> <span class='ocrx_word' id='word_1_4' title='bbox 966 144 1241 179; x_wconf 71' lang='lat' dir='ltr'>Aueusrnn</span> 
     </span>
    </p>
   </div>
   <div class='ocr_carea' id='block_1_2' title="bbox 175 561 200 601">
    <p class='ocr_par' dir='ltr' id='par_1_2' title="bbox 175 561 200 601">
     <span class='ocr_line' id='line_1_2' title="bbox 175 561 200 601; baseline 0 0"><span class='ocrx_word' id='word_1_5' title='bbox 175 561 200 601; x_wconf 86' lang='lat'>5</span> 
     </span>
    </p>
   </div>
   <div class='ocr_carea' id='block_1_3' title="bbox 144 929 198 969">
    <p class='ocr_par' dir='ltr' id='par_1_3' title="bbox 144 929 198 969">
     <span class='ocr_line' id='line_1_3' title="bbox 144 929 198 969; baseline 0.037 -2"><span class='ocrx_word' id='word_1_6' title='bbox 144 929 198 969; x_wconf 93' lang='lat'>10</span> 
     </span>
    </p>
   </div>
   <div class='ocr_carea' id='block_1_4' title="bbox 233 256 1921 393">
    <p class='ocr_par' dir='ltr' id='par_1_4' title="bbox 233 256 1921 393">
     <span class='ocr_line' id='line_1_4' title="bbox 233 256 1921 317; baseline 0.001 -10"><span class='ocrx_word' id='word_1_7' title='bbox 233 258 332 308; x_wconf 88' lang='lat' dir='ltr'>lus:</span> <span class='ocrx_word' id='word_1_8' title='bbox 374 260 487 308; x_wconf 74' lang='lat' dir='ltr'>Etsi</span> <span class='ocrx_word' id='word_1_9' title='bbox 515 261 798 317; x_wconf 77' lang='lat' dir='ltr'>crucifixus</span> <span class='ocrx_word' id='word_1_10' title='bbox 831 263 905 307; x_wconf 82' lang='lat' dir='ltr'>est</span> <span class='ocrx_word' id='word_1_11' title='bbox 942 273 1008 307; x_wconf 82' lang='lat' dir='ltr'>ex</span> <span class='ocrx_word' id='word_1_12' title='bbox 1047 259 1356 317; x_wconf 78' lang='lat' dir='ltr'>infirmitate.</span> <span class='ocrx_word' id='word_1_13' title='bbox 1433 256 1572 307; x_wconf 91' lang='lat' dir='ltr'>Unde</span> <span class='ocrx_word' id='word_1_14' title='bbox 1610 257 1740 307; x_wconf 89' lang='lat' dir='ltr'>idem</span> <span class='ocrx_word' id='word_1_15' title='bbox 1781 258 1921 308; x_wconf 87' lang='lat' dir='ltr'>dicit:</span> 
     </span>
     <span class='ocr_line' id='line_1_5' title="bbox 235 331 1919 393; baseline 0.001 -12"><span class='ocrx_word' id='word_1_16' title='bbox 235 333 498 392; x_wconf 78' lang='lat' dir='ltr'>Infirmum</span> <span class='ocrx_word' id='word_1_17' title='bbox 537 333 636 381; x_wconf 75' lang='lat' dir='ltr'>Dei</span> <span class='ocrx_word' id='word_1_18' title='bbox 673 331 864 393; x_wconf 79' lang='lat' dir='ltr'>fortius</span> <span class='ocrx_word' id='word_1_19' title='bbox 911 337 985 380; x_wconf 80' lang='lat' dir='ltr'>est</span> <span class='ocrx_word' id='word_1_20' title='bbox 1031 332 1333 391; x_wconf 74' lang='lat' dir='ltr'>hominibuS,</span> <span class='ocrx_word' id='word_1_21' title='bbox 1380 338 1429 380; x_wconf 82' lang='lat' dir='ltr'>et</span> <span class='ocrx_word' id='word_1_22' title='bbox 1464 334 1669 381; x_wconf 81' lang='lat' dir='ltr'>stultum</span> <span class='ocrx_word' id='word_1_23' title='bbox 1707 332 1806 382; x_wconf 82' lang='lat' dir='ltr'>Dei</span> <span class='ocrx_word' id='word_1_24' title='bbox 1839 348 1919 382; x_wconf 84' lang='lat' dir='ltr'>sa-</span> 
     </span>
    </p>
   </div>
   <div class='ocr_carea' id='block_1_5' title="bbox 228 403 1921 467">
    <p class='ocr_par' dir='ltr' id='par_1_5' title="bbox 228 403 1921 467">
     <span class='ocr_line' id='line_1_6' title="bbox 228 403 1921 467; baseline 0.001 -13"><span class='ocrx_word' id='word_1_25' title='bbox 228 408 451 467; x_wconf 76' lang='lat' dir='ltr'>pientius</span> <span class='ocrx_word' id='word_1_26' title='bbox 498 411 572 455; x_wconf 80' lang='lat' dir='ltr'>est</span> <span class='ocrx_word' id='word_1_27' title='bbox 623 406 917 455; x_wconf 77' lang='lat' dir='ltr'>hominibus.</span> <span class='ocrx_word' id='word_1_28' title='bbox 995 403 1137 462; x_wconf 87' lang='lat' dir='ltr'>Quod</span> <span class='ocrx_word' id='word_1_29' title='bbox 1191 419 1307 453; x_wconf 89' lang='lat' dir='ltr'>vero</span> <span class='ocrx_word' id='word_1_30' title='bbox 1363 419 1478 454; x_wconf 89' lang='lat' dir='ltr'>cum</span> <span class='ocrx_word' id='word_1_31' title='bbox 1533 405 1720 455; x_wconf 92' lang='lat' dir='ltr'>dictum</span> <span class='ocrx_word' id='word_1_32' title='bbox 1767 412 1921 456; x_wconf 91' lang='lat' dir='ltr'>esset:</span> 
     </span>
    </p>
   </div>
   <div class='ocr_carea' id='block_1_6' title="bbox 230 477 1921 1059">
    <p class='ocr_par' dir='ltr' id='par_1_6' title="bbox 230 477 1921 1059">
     <span class='ocr_line' id='line_1_7' title="bbox 233 477 1921 545; baseline 0 -17"><span class='ocrx_word' id='word_1_33' title='bbox 233 480 301 528; x_wconf 82' lang='lat' dir='ltr'>Et</span> <span class='ocrx_word' id='word_1_34' title='bbox 328 481 551 528; x_wconf 81' lang='lat' dir='ltr'>nudatus</span> <span class='ocrx_word' id='word_1_35' title='bbox 583 484 670 539; x_wconf 81' lang='lat' dir='ltr'>est,</span> <span class='ocrx_word' id='word_1_36' title='bbox 709 477 895 527; x_wconf 82' lang='lat' dir='ltr'>addidit</span> <span class='ocrx_word' id='word_1_37' title='bbox 926 479 1196 543; x_wconf 86' lang='lat' dir='ltr'>scriptura:</span> <span class='ocrx_word' id='word_1_38' title='bbox 1237 479 1299 527; x_wconf 81' lang='lat' dir='ltr'>In</span> <span class='ocrx_word' id='word_1_39' title='bbox 1342 480 1483 528; x_wconf 86' lang='lat' dir='ltr'>domo</span> <span class='ocrx_word' id='word_1_40' title='bbox 1522 494 1631 545; x_wconf 82' lang='lat' dir='ltr'>sua,</span> <span class='ocrx_word' id='word_1_41' title='bbox 1672 479 1921 544; x_wconf 82' lang='lat' dir='ltr'>eleganter</span> 
     </span>
     <span class='ocr_line' id='line_1_8' title="bbox 234 552 1919 619; baseline 0.001 -18"><span class='ocrx_word' id='word_1_42' title='bbox 234 552 472 619; x_wconf 84' lang='lat' dir='ltr'>ostendit,</span> <span class='ocrx_word' id='word_1_43' title='bbox 523 552 655 617; x_wconf 91' lang='lat' dir='ltr'>quod</span> <span class='ocrx_word' id='word_1_44' title='bbox 695 568 722 601; x_wconf 89' lang='lat' dir='ltr'>a</span> <span class='ocrx_word' id='word_1_45' title='bbox 761 567 878 601; x_wconf 90' lang='lat' dir='ltr'>suae</span> <span class='ocrx_word' id='word_1_46' title='bbox 928 553 1090 601; x_wconf 82' lang='lat' dir='ltr'>carnis</span> <span class='ocrx_word' id='word_1_47' title='bbox 1129 558 1274 617; x_wconf 88' lang='lat' dir='ltr'>gente</span> <span class='ocrx_word' id='word_1_48' title='bbox 1314 559 1364 601; x_wconf 93' lang='lat' dir='ltr'>et</span> <span class='ocrx_word' id='word_1_49' title='bbox 1403 552 1686 601; x_wconf 83' lang='lat' dir='ltr'>domesticis</span> <span class='ocrx_word' id='word_1_50' title='bbox 1714 555 1919 617; x_wconf 74' lang='lat' dir='ltr'>,sangui-</span> 
     </span>
     <span class='ocr_line' id='line_1_9' title="bbox 232 625 1918 692; baseline 0 -17"><span class='ocrx_word' id='word_1_51' title='bbox 232 628 308 675; x_wconf 89' lang='lat' dir='ltr'>nis</span> <span class='ocrx_word' id='word_1_52' title='bbox 349 628 449 692; x_wconf 88' lang='lat' dir='ltr'>sui,</span> <span class='ocrx_word' id='word_1_53' title='bbox 487 627 661 690; x_wconf 91' lang='lat' dir='ltr'>utique</span> <span class='ocrx_word' id='word_1_54' title='bbox 700 625 920 692; x_wconf 83' lang='lat' dir='ltr'>IudaeiS,</span> <span class='ocrx_word' id='word_1_55' title='bbox 960 626 1122 675; x_wconf 87' lang='lat' dir='ltr'>fuerat</span> <span class='ocrx_word' id='word_1_56' title='bbox 1161 640 1362 674; x_wconf 89' lang='lat' dir='ltr'>crucem</span> <span class='ocrx_word' id='word_1_57' title='bbox 1402 632 1710 690; x_wconf 84' lang='lat' dir='ltr'>mortemque</span> <span class='ocrx_word' id='word_1_58' title='bbox 1747 641 1918 691; x_wconf 86' lang='lat' dir='ltr'>passu-</span> 
     </span>
     <span class='ocr_line' id='line_1_10' title="bbox 231 698 1919 764; baseline -0.001 -15"><span class='ocrx_word' id='word_1_59' title='bbox 231 715 332 749; x_wconf 80' lang='lat' dir='ltr'>rus,</span> <span class='ocrx_word' id='word_1_60' title='bbox 409 699 546 749; x_wconf 89' lang='lat' dir='ltr'>Hanc</span> <span class='ocrx_word' id='word_1_61' title='bbox 584 701 865 764; x_wconf 85' lang='lat' dir='ltr'>passionem</span> <span class='ocrx_word' id='word_1_62' title='bbox 906 698 1089 748; x_wconf 86' lang='lat' dir='ltr'>Christi</span> <span class='ocrx_word' id='word_1_63' title='bbox 1135 699 1255 747; x_wconf 82' lang='lat' dir='ltr'>foris</span> <span class='ocrx_word' id='word_1_64' title='bbox 1303 701 1354 747; x_wconf 93' lang='lat' dir='ltr'>in</span> <span class='ocrx_word' id='word_1_65' title='bbox 1394 714 1515 748; x_wconf 90' lang='lat' dir='ltr'>sono</span> <span class='ocrx_word' id='word_1_66' title='bbox 1555 706 1748 749; x_wconf 90' lang='lat' dir='ltr'>tantum</span> <span class='ocrx_word' id='word_1_67' title='bbox 1785 701 1919 749; x_wconf 88' lang='lat' dir='ltr'>vocis</span> 
     </span>
     <span class='ocr_line' id='line_1_11' title="bbox 231 772 1919 838; baseline 0.001 -16"><span class='ocrx_word' id='word_1_68' title='bbox 231 772 431 838; x_wconf 86' lang='lat' dir='ltr'>reprobi</span> <span class='ocrx_word' id='word_1_69' title='bbox 464 773 776 838; x_wconf 81' lang='lat' dir='ltr'>adnuntiant3</span> <span class='ocrx_word' id='word_1_70' title='bbox 816 788 915 822; x_wconf 90' lang='lat' dir='ltr'>non</span> <span class='ocrx_word' id='word_1_71' title='bbox 948 773 1078 822; x_wconf 91' lang='lat' dir='ltr'>enim</span> <span class='ocrx_word' id='word_1_72' title='bbox 1121 772 1252 836; x_wconf 90' lang='lat' dir='ltr'>quod</span> <span class='ocrx_word' id='word_1_73' title='bbox 1283 772 1575 822; x_wconf 87' lang='lat' dir='ltr'>adnuntiant</span> <span class='ocrx_word' id='word_1_74' title='bbox 1612 773 1919 838; x_wconf 86' lang='lat' dir='ltr'>intellegunt.</span> 
     </span>
     <span class='ocr_line' id='line_1_12' title="bbox 230 845 1916 912; baseline 0.001 -17"><span class='ocrx_word' id='word_1_75' title='bbox 230 846 380 896; x_wconf 92' lang='lat' dir='ltr'>Probi</span> <span class='ocrx_word' id='word_1_76' title='bbox 442 853 606 896; x_wconf 90' lang='lat' dir='ltr'>autem</span> <span class='ocrx_word' id='word_1_77' title='bbox 669 848 720 895; x_wconf 92' lang='lat' dir='ltr'>in</span> <span class='ocrx_word' id='word_1_78' title='bbox 781 848 1018 895; x_wconf 90' lang='lat' dir='ltr'>interiore</span> <span class='ocrx_word' id='word_1_79' title='bbox 1081 845 1279 894; x_wconf 91' lang='lat' dir='ltr'>homine</span> <span class='ocrx_word' id='word_1_80' title='bbox 1333 845 1517 895; x_wconf 90' lang='lat' dir='ltr'>habent</span> <span class='ocrx_word' id='word_1_81' title='bbox 1578 853 1677 895; x_wconf 89' lang='lat' dir='ltr'>tam</span> <span class='ocrx_word' id='word_1_82' title='bbox 1731 846 1916 912; x_wconf 87' lang='lat' dir='ltr'>grande</span> 
     </span>
     <span class='ocr_line' id='line_1_13' title="bbox 231 919 1920 984; baseline 0.001 -16"><span class='ocrx_word' id='word_1_83' title='bbox 231 922 520 984; x_wconf 75' lang='lat' dir='ltr'>mysterium</span> <span class='ocrx_word' id='word_1_84' title='bbox 577 926 723 984; x_wconf 91' lang='lat' dir='ltr'>atque</span> <span class='ocrx_word' id='word_1_85' title='bbox 774 919 1021 968; x_wconf 90' lang='lat' dir='ltr'>honorant</span> <span class='ocrx_word' id='word_1_86' title='bbox 1073 921 1208 968; x_wconf 89' lang='lat' dir='ltr'>intus</span> <span class='ocrx_word' id='word_1_87' title='bbox 1263 921 1314 968; x_wconf 92' lang='lat' dir='ltr'>in</span> <span class='ocrx_word' id='word_1_88' title='bbox 1370 919 1518 968; x_wconf 87' lang='lat' dir='ltr'>corde</span> <span class='ocrx_word' id='word_1_89' title='bbox 1569 920 1818 970; x_wconf 88' lang='lat' dir='ltr'>infirmum</span> <span class='ocrx_word' id='word_1_90' title='bbox 1870 928 1920 970; x_wconf 89' lang='lat' dir='ltr'>et</span> 
     </span>
     <span class='ocr_line' id='line_1_14' title="bbox 231 993 1918 1059; baseline 0.001 -17"><span class='ocrx_word' id='word_1_91' title='bbox 231 993 438 1042; x_wconf 86' lang='lat' dir='ltr'>stultum</span> <span class='ocrx_word' id='word_1_92' title='bbox 491 993 608 1059; x_wconf 91' lang='lat' dir='ltr'>Dei,</span> <span class='ocrx_word' id='word_1_93' title='bbox 664 995 777 1057; x_wconf 90' lang='lat' dir='ltr'>quia</span> <span class='ocrx_word' id='word_1_94' title='bbox 831 994 1010 1042; x_wconf 87' lang='lat' dir='ltr'>fortius</span> <span class='ocrx_word' id='word_1_95' title='bbox 1064 999 1114 1042; x_wconf 90' lang='lat' dir='ltr'>et</span> <span class='ocrx_word' id='word_1_96' title='bbox 1168 994 1440 1057; x_wconf 89' lang='lat' dir='ltr'>sapientius</span> <span class='ocrx_word' id='word_1_97' title='bbox 1495 999 1570 1042; x_wconf 91' lang='lat' dir='ltr'>est</span> <span class='ocrx_word' id='word_1_98' title='bbox 1621 993 1918 1044; x_wconf 78' lang='lat' dir='ltr'>hominibus,</span> 
     </span>
    </p>
   </div>
   <div class='ocr_carea' id='block_1_7' title="bbox 157 1065 1920 1132">
    <p class='ocr_par' dir='ltr' id='par_1_7' title="bbox 157 1065 1920 1132">
     <span class='ocr_line' id='line_1_15' title="bbox 157 1065 1920 1132; baseline 0.002 -18"><span class='ocrx_word' id='word_1_99' title='bbox 157 1082 162 1087; x_wconf 93' lang='grc'><em>·</em></span> <span class='ocrx_word' id='word_1_100' title='bbox 229 1066 387 1116; x_wconf 92' lang='lat' dir='ltr'>Huius</span> <span class='ocrx_word' id='word_1_101' title='bbox 438 1068 512 1115; x_wconf 91' lang='lat' dir='ltr'>rei</span> <span class='ocrx_word' id='word_1_102' title='bbox 565 1067 720 1131; x_wconf 88' lang='lat' dir='ltr'>figura</span> <span class='ocrx_word' id='word_1_103' title='bbox 771 1073 876 1132; x_wconf 89' lang='lat' dir='ltr'>est,</span> <span class='ocrx_word' id='word_1_104' title='bbox 931 1066 1061 1130; x_wconf 88' lang='lat' dir='ltr'>quod</span> <span class='ocrx_word' id='word_1_105' title='bbox 1112 1065 1263 1115; x_wconf 87' lang='lat' dir='ltr'>Cham</span> <span class='ocrx_word' id='word_1_106' title='bbox 1318 1068 1487 1116; x_wconf 88' lang='lat' dir='ltr'>exiens</span> <span class='ocrx_word' id='word_1_107' title='bbox 1533 1067 1628 1116; x_wconf 92' lang='lat' dir='ltr'>hoc</span> <span class='ocrx_word' id='word_1_108' title='bbox 1676 1069 1920 1118; x_wconf 88' lang='lat' dir='ltr'>nuntiavit</span> 
     </span>
    </p>
   </div>
   <div class='ocr_carea' id='block_1_8' title="bbox 142 1295 196 1335">
    <p class='ocr_par' dir='ltr' id='par_1_8' title="bbox 142 1295 196 1335">
     <span class='ocr_line' id='line_1_16' title="bbox 142 1295 196 1335; baseline 0 0"><span class='ocrx_word' id='word_1_109' title='bbox 142 1295 196 1335; x_wconf 87' lang='lat'>15</span> 
     </span>
    </p>
   </div>
   <div class='ocr_carea' id='block_1_9' title="bbox 138 1663 194 1704">
    <p class='ocr_par' dir='ltr' id='par_1_9' title="bbox 138 1663 194 1704">
     <span class='ocr_line' id='line_1_17' title="bbox 138 1663 194 1704; baseline 0.018 -1"><span class='ocrx_word' id='word_1_110' title='bbox 138 1663 194 1704; x_wconf 85' lang='lat'>20</span> 
     </span>
    </p>
   </div>
   <div class='ocr_carea' id='block_1_10' title="bbox 136 2397 193 2437">
    <p class='ocr_par' dir='ltr' id='par_1_10' title="bbox 136 2397 193 2437">
     <span class='ocr_line' id='line_1_18' title="bbox 136 2397 193 2437; baseline 0.018 -1"><span class='ocrx_word' id='word_1_111' title='bbox 136 2397 193 2437; x_wconf 89' lang='grc'>30</span> 
     </span>
    </p>
   </div>
   <div class='ocr_carea' id='block_1_11' title="bbox 225 1139 1957 2015">
    <p class='ocr_par' dir='ltr' id='par_1_11' title="bbox 228 1139 1915 1282">
     <span class='ocr_line' id='line_1_19' title="bbox 229 1139 1915 1207; baseline 0.001 -19"><span class='ocrx_word' id='word_1_112' title='bbox 229 1140 364 1206; x_wconf 84' lang='lat' dir='ltr'>foris3</span> <span class='ocrx_word' id='word_1_113' title='bbox 406 1139 520 1189; x_wconf 89' lang='lat' dir='ltr'>Sem</span> <span class='ocrx_word' id='word_1_114' title='bbox 559 1155 675 1189; x_wconf 86' lang='lat' dir='ltr'>vero</span> <span class='ocrx_word' id='word_1_115' title='bbox 717 1147 766 1190; x_wconf 91' lang='lat' dir='ltr'>et</span> <span class='ocrx_word' id='word_1_116' title='bbox 804 1139 1023 1206; x_wconf 89' lang='lat' dir='ltr'>Iapheth,</span> <span class='ocrx_word' id='word_1_117' title='bbox 1061 1146 1118 1189; x_wconf 89' lang='lat' dir='ltr'>ut</span> <span class='ocrx_word' id='word_1_118' title='bbox 1155 1139 1249 1188; x_wconf 91' lang='lat' dir='ltr'>hoc</span> <span class='ocrx_word' id='word_1_119' title='bbox 1288 1139 1521 1207; x_wconf 90' lang='lat' dir='ltr'>velarent,</span> <span class='ocrx_word' id='word_1_120' title='bbox 1560 1140 1610 1189; x_wconf 92' lang='lat' dir='ltr'>id</span> <span class='ocrx_word' id='word_1_121' title='bbox 1650 1148 1725 1190; x_wconf 91' lang='lat' dir='ltr'>est</span> <span class='ocrx_word' id='word_1_122' title='bbox 1763 1141 1915 1190; x_wconf 92' lang='lat' dir='ltr'>hono·</span> 
     </span>
     <span class='ocr_line' id='line_1_20' title="bbox 228 1213 1682 1282; baseline 0.001 -20"><span class='ocrx_word' id='word_1_123' title='bbox 228 1213 414 1280; x_wconf 78' lang='lat' dir='ltr'>rarent,</span> <span class='ocrx_word' id='word_1_124' title='bbox 452 1215 664 1278; x_wconf 89' lang='lat' dir='ltr'>ingressi</span> <span class='ocrx_word' id='word_1_125' title='bbox 703 1220 834 1280; x_wconf 88' lang='lat' dir='ltr'>sunt,</span> <span class='ocrx_word' id='word_1_126' title='bbox 873 1213 966 1262; x_wconf 93' lang='lat' dir='ltr'>hoc</span> <span class='ocrx_word' id='word_1_127' title='bbox 1006 1219 1083 1263; x_wconf 90' lang='lat' dir='ltr'>est</span> <span class='ocrx_word' id='word_1_128' title='bbox 1121 1215 1331 1282; x_wconf 85' lang='lat' dir='ltr'>interius</span> <span class='ocrx_word' id='word_1_129' title='bbox 1370 1214 1420 1263; x_wconf 90' lang='lat' dir='ltr'>id</span> <span class='ocrx_word' id='word_1_130' title='bbox 1460 1221 1682 1278; x_wconf 90' lang='lat' dir='ltr'>egerunt.</span> 
     </span>
    </p>

    <p class='ocr_par' dir='ltr' id='par_1_12' title="bbox 225 1286 1957 2015">
     <span class='ocr_line' id='line_1_21' title="bbox 377 1286 1913 1355; baseline 0.001 -20"><span class='ocrx_word' id='word_1_131' title='bbox 377 1286 509 1336; x_wconf 86' lang='lat' dir='ltr'>Haec</span> <span class='ocrx_word' id='word_1_132' title='bbox 557 1289 832 1352; x_wconf 83' lang='lat' dir='ltr'>scripturae</span> <span class='ocrx_word' id='word_1_133' title='bbox 880 1293 1073 1336; x_wconf 88' lang='lat' dir='ltr'>secreta</span> <span class='ocrx_word' id='word_1_134' title='bbox 1112 1286 1304 1336; x_wconf 90' lang='lat' dir='ltr'>divinae</span> <span class='ocrx_word' id='word_1_135' title='bbox 1351 1287 1662 1355; x_wconf 75' lang='lat' dir='ltr'>indagamUS,</span> <span class='ocrx_word' id='word_1_136' title='bbox 1709 1295 1764 1338; x_wconf 91' lang='lat' dir='ltr'>ut</span> <span class='ocrx_word' id='word_1_137' title='bbox 1801 1303 1913 1353; x_wconf 84' lang='lat' dir='ltr'>pos-</span> 
     </span>
     <span class='ocr_line' id='line_1_22' title="bbox 228 1360 1914 1427; baseline 0.001 -18"><span class='ocrx_word' id='word_1_138' title='bbox 228 1375 416 1427; x_wconf 79' lang='lat' dir='ltr'>sumUS,</span> <span class='ocrx_word' id='word_1_139' title='bbox 447 1360 569 1410; x_wconf 90' lang='lat' dir='ltr'>alius</span> <span class='ocrx_word' id='word_1_140' title='bbox 602 1360 694 1409; x_wconf 91' lang='lat' dir='ltr'>alio</span> <span class='ocrx_word' id='word_1_141' title='bbox 726 1362 879 1425; x_wconf 87' lang='lat' dir='ltr'>magis</span> <span class='ocrx_word' id='word_1_142' title='bbox 912 1362 1134 1410; x_wconf 89' lang='lat' dir='ltr'>minusve</span> <span class='ocrx_word' id='word_1_143' title='bbox 1168 1367 1514 1427; x_wconf 85' lang='lat' dir='ltr'>congruenter,</span> <span class='ocrx_word' id='word_1_144' title='bbox 1547 1377 1719 1411; x_wconf 86' lang='lat' dir='ltr'>verum</span> <span class='ocrx_word' id='word_1_145' title='bbox 1750 1368 1914 1411; x_wconf 90' lang='lat' dir='ltr'>tamen</span> 
     </span>
     <span class='ocr_line' id='line_1_23' title="bbox 227 1434 1914 1500; baseline 0.001 -18"><span class='ocrx_word' id='word_1_146' title='bbox 227 1434 438 1483; x_wconf 86' lang='lat' dir='ltr'>fideliter</span> <span class='ocrx_word' id='word_1_147' title='bbox 491 1440 683 1483; x_wconf 90' lang='lat' dir='ltr'>certum</span> <span class='ocrx_word' id='word_1_148' title='bbox 730 1440 958 1483; x_wconf 88' lang='lat' dir='ltr'>tenentes</span> <span class='ocrx_word' id='word_1_149' title='bbox 1005 1449 1103 1483; x_wconf 92' lang='lat' dir='ltr'>non</span> <span class='ocrx_word' id='word_1_150' title='bbox 1151 1449 1207 1483; x_wconf 87' lang='lat' dir='ltr'>ea</span> <span class='ocrx_word' id='word_1_151' title='bbox 1256 1436 1360 1483; x_wconf 90' lang='lat' dir='ltr'>sine</span> <span class='ocrx_word' id='word_1_152' title='bbox 1416 1434 1575 1499; x_wconf 89' lang='lat' dir='ltr'>aliqua</span> <span class='ocrx_word' id='word_1_153' title='bbox 1614 1436 1914 1500; x_wconf 86' lang='lat' dir='ltr'>praefigura-</span> 
     </span>
     <span class='ocr_line' id='line_1_24' title="bbox 227 1507 1915 1573; baseline 0.002 -17"><span class='ocrx_word' id='word_1_154' title='bbox 227 1509 360 1556; x_wconf 89' lang='lat' dir='ltr'>tione</span> <span class='ocrx_word' id='word_1_155' title='bbox 415 1507 697 1557; x_wconf 85' lang='lat' dir='ltr'>futurorum</span> <span class='ocrx_word' id='word_1_156' title='bbox 752 1514 890 1572; x_wconf 86' lang='lat' dir='ltr'>gesta</span> <span class='ocrx_word' id='word_1_157' title='bbox 951 1514 1096 1572; x_wconf 89' lang='lat' dir='ltr'>atque</span> <span class='ocrx_word' id='word_1_158' title='bbox 1153 1509 1435 1572; x_wconf 91' lang='lat' dir='ltr'>conscripta</span> <span class='ocrx_word' id='word_1_159' title='bbox 1489 1524 1650 1573; x_wconf 90' lang='lat' dir='ltr'>neque</span> <span class='ocrx_word' id='word_1_160' title='bbox 1705 1510 1801 1558; x_wconf 91' lang='lat' dir='ltr'>nisi</span> <span class='ocrx_word' id='word_1_161' title='bbox 1856 1508 1915 1558; x_wconf 89' lang='lat' dir='ltr'>ad</span> 
     </span>
     <span class='ocr_line' id='line_1_25' title="bbox 228 1579 1915 1649; baseline 0.002 -20"><span class='ocrx_word' id='word_1_162' title='bbox 228 1579 478 1630; x_wconf 90' lang='lat' dir='ltr'>Christum</span> <span class='ocrx_word' id='word_1_163' title='bbox 534 1587 583 1630; x_wconf 89' lang='lat' dir='ltr'>et</span> <span class='ocrx_word' id='word_1_164' title='bbox 637 1583 743 1630; x_wconf 91' lang='lat' dir='ltr'>eius</span> <span class='ocrx_word' id='word_1_165' title='bbox 792 1581 1076 1648; x_wconf 88' lang='lat' dir='ltr'>ecclesiam,</span> <span class='ocrx_word' id='word_1_166' title='bbox 1131 1596 1256 1645; x_wconf 89' lang='lat' dir='ltr'>quae</span> <span class='ocrx_word' id='word_1_167' title='bbox 1297 1584 1468 1630; x_wconf 89' lang='lat' dir='ltr'>civitas</span> <span class='ocrx_word' id='word_1_168' title='bbox 1508 1581 1597 1631; x_wconf 89' lang='lat' dir='ltr'>Dei</span> <span class='ocrx_word' id='word_1_169' title='bbox 1650 1589 1750 1649; x_wconf 91' lang='lat' dir='ltr'>est,</span> <span class='ocrx_word' id='word_1_170' title='bbox 1807 1598 1915 1632; x_wconf 89' lang='lat' dir='ltr'>esse</span> 
     </span>
     <span class='ocr_line' id='line_1_26' title="bbox 227 1654 1916 1721; baseline 0.002 -18"><span class='ocrx_word' id='word_1_171' title='bbox 227 1654 508 1720; x_wconf 84' lang='lat' dir='ltr'>referenda3</span> <span class='ocrx_word' id='word_1_172' title='bbox 551 1656 692 1704; x_wconf 91' lang='lat' dir='ltr'>cuius</span> <span class='ocrx_word' id='word_1_173' title='bbox 733 1654 792 1703; x_wconf 89' lang='lat' dir='ltr'>ab</span> <span class='ocrx_word' id='word_1_174' title='bbox 825 1656 965 1704; x_wconf 87' lang='lat' dir='ltr'>initio</span> <span class='ocrx_word' id='word_1_175' title='bbox 997 1656 1195 1719; x_wconf 90' lang='lat' dir='ltr'>generis</span> <span class='ocrx_word' id='word_1_176' title='bbox 1226 1655 1429 1704; x_wconf 90' lang='lat' dir='ltr'>humani</span> <span class='ocrx_word' id='word_1_177' title='bbox 1459 1671 1557 1705; x_wconf 93' lang='lat' dir='ltr'>non</span> <span class='ocrx_word' id='word_1_178' title='bbox 1591 1655 1748 1706; x_wconf 88' lang='lat' dir='ltr'>defuit</span> <span class='ocrx_word' id='word_1_179' title='bbox 1777 1655 1916 1721; x_wconf 87' lang='lat' dir='ltr'>prae·</span> 
     </span>
     <span class='ocr_line' id='line_1_27' title="bbox 227 1727 1916 1795; baseline 0.002 -19"><span class='ocrx_word' id='word_1_180' title='bbox 227 1727 420 1795; x_wconf 86' lang='lat' dir='ltr'>dicati0,</span> <span class='ocrx_word' id='word_1_181' title='bbox 460 1743 607 1792; x_wconf 90' lang='lat' dir='ltr'>quam</span> <span class='ocrx_word' id='word_1_182' title='bbox 637 1743 728 1793; x_wconf 89' lang='lat' dir='ltr'>per</span> <span class='ocrx_word' id='word_1_183' title='bbox 761 1730 922 1777; x_wconf 91' lang='lat' dir='ltr'>omnia</span> <span class='ocrx_word' id='word_1_184' title='bbox 962 1729 1184 1778; x_wconf 90' lang='lat' dir='ltr'>videmus</span> <span class='ocrx_word' id='word_1_185' title='bbox 1222 1728 1431 1794; x_wconf 91' lang='lat' dir='ltr'>impleri.</span> <span class='ocrx_word' id='word_1_186' title='bbox 1507 1729 1790 1779; x_wconf 86' lang='lat' dir='ltr'>Benedictis</span> <span class='ocrx_word' id='word_1_187' title='bbox 1829 1731 1916 1795; x_wconf 90' lang='lat' dir='ltr'>igi-</span> 
     </span>
     <span class='ocr_line' id='line_1_28' title="bbox 226 1801 1917 1866; baseline 0.001 -16"><span class='ocrx_word' id='word_1_188' title='bbox 226 1809 309 1850; x_wconf 90' lang='lat' dir='ltr'>tur</span> <span class='ocrx_word' id='word_1_189' title='bbox 356 1801 550 1851; x_wconf 90' lang='lat' dir='ltr'>duobus</span> <span class='ocrx_word' id='word_1_190' title='bbox 597 1801 710 1850; x_wconf 86' lang='lat' dir='ltr'>filiis</span> <span class='ocrx_word' id='word_1_191' title='bbox 748 1802 852 1851; x_wconf 89' lang='lat' dir='ltr'>Noe</span> <span class='ocrx_word' id='word_1_192' title='bbox 900 1808 1047 1866; x_wconf 89' lang='lat' dir='ltr'>atque</span> <span class='ocrx_word' id='word_1_193' title='bbox 1095 1817 1195 1851; x_wconf 92' lang='lat' dir='ltr'>uno</span> <span class='ocrx_word' id='word_1_194' title='bbox 1243 1804 1294 1851; x_wconf 92' lang='lat' dir='ltr'>in</span> <span class='ocrx_word' id='word_1_195' title='bbox 1344 1802 1507 1851; x_wconf 89' lang='lat' dir='ltr'>medio</span> <span class='ocrx_word' id='word_1_196' title='bbox 1558 1818 1730 1852; x_wconf 89' lang='lat' dir='ltr'>eorum</span> <span class='ocrx_word' id='word_1_197' title='bbox 1770 1803 1917 1852; x_wconf 88' lang='lat' dir='ltr'>male-</span> 
     </span>
     <span class='ocr_line' id='line_1_29' title="bbox 225 1875 1957 1943; baseline 0.002 -19"><span class='ocrx_word' id='word_1_198' title='bbox 225 1875 356 1924; x_wconf 88' lang='lat' dir='ltr'>dicto</span> <span class='ocrx_word' id='word_1_199' title='bbox 398 1875 633 1941; x_wconf 88' lang='lat' dir='ltr'>deinceps</span> <span class='ocrx_word' id='word_1_200' title='bbox 665 1891 823 1939; x_wconf 92' lang='lat' dir='ltr'>usque</span> <span class='ocrx_word' id='word_1_201' title='bbox 865 1875 923 1924; x_wconf 92' lang='lat' dir='ltr'>ad</span> <span class='ocrx_word' id='word_1_202' title='bbox 956 1875 1200 1924; x_wconf 88' lang='lat' dir='ltr'>Abraham</span> <span class='ocrx_word' id='word_1_203' title='bbox 1239 1875 1300 1925; x_wconf 90' lang='lat' dir='ltr'>de</span> <span class='ocrx_word' id='word_1_204' title='bbox 1339 1877 1585 1926; x_wconf 92' lang='lat' dir='ltr'>iustorum</span> <span class='ocrx_word' id='word_1_205' title='bbox 1624 1876 1917 1943; x_wconf 82' lang='lat' dir='ltr'>aliquorum,</span> <span class='ocrx_word' id='word_1_206' title='bbox 1955 1925 1957 1927; x_wconf 74' lang='grc'><strong>,</strong></span> 
     </span>
     <span class='ocr_line' id='line_1_30' title="bbox 225 1948 1918 2015; baseline 0.001 -18"><span class='ocrx_word' id='word_1_207' title='bbox 225 1950 310 2012; x_wconf 90' lang='lat' dir='ltr'>qui</span> <span class='ocrx_word' id='word_1_208' title='bbox 340 1950 419 2013; x_wconf 91' lang='lat' dir='ltr'>pie</span> <span class='ocrx_word' id='word_1_209' title='bbox 453 1948 610 1998; x_wconf 90' lang='lat' dir='ltr'>Deum</span> <span class='ocrx_word' id='word_1_210' title='bbox 642 1948 877 2015; x_wconf 89' lang='lat' dir='ltr'>colerent,</span> <span class='ocrx_word' id='word_1_211' title='bbox 918 1951 1383 1998; x_wconf 88' lang='lat' dir='ltr'>commemoratione</span> <span class='ocrx_word' id='word_1_212' title='bbox 1423 1950 1673 1999; x_wconf 91' lang='lat' dir='ltr'>silentium</span> <span class='ocrx_word' id='word_1_213' title='bbox 1712 1956 1788 1999; x_wconf 91' lang='lat' dir='ltr'>est</span> <span class='ocrx_word' id='word_1_214' title='bbox 1826 1966 1918 2015; x_wconf 88' lang='lat' dir='ltr'>per</span> 
     </span>
    </p>
   </div>
   <div class='ocr_carea' id='block_1_12' title="bbox 136 2022 1917 2090">
    <p class='ocr_par' dir='ltr' id='par_1_13' title="bbox 136 2022 1917 2090">
     <span class='ocr_line' id='line_1_31' title="bbox 136 2022 1917 2090; baseline 0.001 -20"><span class='ocrx_word' id='word_1_215' title='bbox 136 2041 146 2050; x_wconf 92' lang='lat'><strong>·</strong></span> <span class='ocrx_word' id='word_1_216' title='bbox 224 2036 378 2070; x_wconf 90' lang='lat' dir='ltr'>annos</span> <span class='ocrx_word' id='word_1_217' title='bbox 418 2022 626 2087; x_wconf 89' lang='lat' dir='ltr'>amplius</span> <span class='ocrx_word' id='word_1_218' title='bbox 668 2037 813 2086; x_wconf 91' lang='lat' dir='ltr'>quam</span> <span class='ocrx_word' id='word_1_219' title='bbox 853 2022 997 2071; x_wconf 89' lang='lat' dir='ltr'>mille.</span> <span class='ocrx_word' id='word_1_220' title='bbox 1073 2022 1175 2071; x_wconf 89' lang='lat' dir='ltr'>Nec</span> <span class='ocrx_word' id='word_1_221' title='bbox 1225 2037 1310 2070; x_wconf 92' lang='lat' dir='ltr'>eos</span> <span class='ocrx_word' id='word_1_222' title='bbox 1350 2022 1565 2071; x_wconf 84' lang='lat' dir='ltr'>defuisse</span> <span class='ocrx_word' id='word_1_223' title='bbox 1606 2023 1917 2090; x_wconf 84' lang='lat' dir='ltr'>crediderim,</span> 
     </span>
    </p>
   </div>
   <div class='ocr_carea' id='block_1_13' title="bbox 223 2094 1916 2454">
    <p class='ocr_par' dir='ltr' id='par_1_14' title="bbox 223 2094 1916 2454">
     <span class='ocr_line' id='line_1_32' title="bbox 226 2094 1916 2163; baseline 0.002 -20"><span class='ocrx_word' id='word_1_224' title='bbox 226 2094 312 2143; x_wconf 88' lang='lat' dir='ltr'>sed</span> <span class='ocrx_word' id='word_1_225' title='bbox 353 2096 394 2143; x_wconf 90' lang='lat' dir='ltr'>si</span> <span class='ocrx_word' id='word_1_226' title='bbox 442 2110 613 2144; x_wconf 90' lang='lat' dir='ltr'>omnes</span> <span class='ocrx_word' id='word_1_227' title='bbox 654 2102 1185 2161; x_wconf 88' lang='lat' dir='ltr'>commemorarentur,</span> <span class='ocrx_word' id='word_1_228' title='bbox 1232 2096 1379 2144; x_wconf 91' lang='lat' dir='ltr'>nimis</span> <span class='ocrx_word' id='word_1_229' title='bbox 1417 2095 1618 2161; x_wconf 90' lang='lat' dir='ltr'>longum</span> <span class='ocrx_word' id='word_1_230' title='bbox 1658 2097 1819 2163; x_wconf 84' lang='lat' dir='ltr'>fieret,</span> <span class='ocrx_word' id='word_1_231' title='bbox 1867 2105 1916 2146; x_wconf 90' lang='lat' dir='ltr'>et</span> 
     </span>
     <span class='ocr_line' id='line_1_33' title="bbox 226 2168 1913 2235; baseline 0.002 -19"><span class='ocrx_word' id='word_1_232' title='bbox 226 2174 358 2216; x_wconf 87' lang='lat' dir='ltr'>esset</span> <span class='ocrx_word' id='word_1_233' title='bbox 389 2168 509 2217; x_wconf 90' lang='lat' dir='ltr'>haec</span> <span class='ocrx_word' id='word_1_234' title='bbox 541 2168 777 2217; x_wconf 89' lang='lat' dir='ltr'>historica</span> <span class='ocrx_word' id='word_1_235' title='bbox 807 2170 962 2233; x_wconf 87' lang='lat' dir='ltr'>magis</span> <span class='ocrx_word' id='word_1_236' title='bbox 1002 2168 1251 2232; x_wconf 86' lang='lat' dir='ltr'>diligentia</span> <span class='ocrx_word' id='word_1_237' title='bbox 1293 2183 1438 2232; x_wconf 88' lang='lat' dir='ltr'>quam</span> <span class='ocrx_word' id='word_1_238' title='bbox 1475 2169 1764 2234; x_wconf 87' lang='lat' dir='ltr'>prophetica</span> <span class='ocrx_word' id='word_1_239' title='bbox 1802 2185 1913 2235; x_wconf 86' lang='lat' dir='ltr'>pro·</span> 
     </span>
     <span class='ocr_line' id='line_1_34' title="bbox 223 2240 1912 2306; baseline 0.002 -17"><span class='ocrx_word' id='word_1_240' title='bbox 223 2241 451 2290; x_wconf 89' lang='lat' dir='ltr'>videntia.</span> <span class='ocrx_word' id='word_1_241' title='bbox 527 2240 612 2290; x_wconf 88' lang='lat' dir='ltr'>Illa</span> <span class='ocrx_word' id='word_1_242' title='bbox 659 2244 823 2306; x_wconf 79' lang='lat' dir='ltr'>itaque</span> <span class='ocrx_word' id='word_1_243' title='bbox 873 2243 1135 2306; x_wconf 88' lang='lat' dir='ltr'>exequitur</span> <span class='ocrx_word' id='word_1_244' title='bbox 1185 2241 1464 2291; x_wconf 91' lang='lat' dir='ltr'>litterarum</span> <span class='ocrx_word' id='word_1_245' title='bbox 1502 2258 1755 2293; x_wconf 87' lang='lat' dir='ltr'>sacrarum</span> <span class='ocrx_word' id='word_1_246' title='bbox 1794 2245 1912 2292; x_wconf 89' lang='lat' dir='ltr'>scri-</span> 
     </span>
     <span class='ocr_line' id='line_1_35' title="bbox 223 2314 1911 2382; baseline 0.002 -20"><span class='ocrx_word' id='word_1_247' title='bbox 223 2320 338 2382; x_wconf 81' lang='lat' dir='ltr'>ptor</span> <span class='ocrx_word' id='word_1_248' title='bbox 391 2316 597 2364; x_wconf 89' lang='lat' dir='ltr'>istarum</span> <span class='ocrx_word' id='word_1_249' title='bbox 644 2314 720 2363; x_wconf 87' lang='lat' dir='ltr'>vel</span> <span class='ocrx_word' id='word_1_250' title='bbox 766 2317 932 2379; x_wconf 87' lang='lat' dir='ltr'>potius</span> <span class='ocrx_word' id='word_1_251' title='bbox 988 2330 1078 2379; x_wconf 90' lang='lat' dir='ltr'>per</span> <span class='ocrx_word' id='word_1_252' title='bbox 1133 2330 1246 2364; x_wconf 91' lang='lat' dir='ltr'>eum</span> <span class='ocrx_word' id='word_1_253' title='bbox 1293 2315 1380 2364; x_wconf 92' lang='lat' dir='ltr'>Dei</span> <span class='ocrx_word' id='word_1_254' title='bbox 1437 2315 1675 2381; x_wconf 86' lang='lat' dir='ltr'>Spiritus,</span> <span class='ocrx_word' id='word_1_255' title='bbox 1731 2317 1911 2382; x_wconf 87' lang='lat' dir='ltr'>quibus</span> 
     </span>
     <span class='ocr_line' id='line_1_36' title="bbox 225 2387 1912 2454; baseline 0.002 -19"><span class='ocrx_word' id='word_1_256' title='bbox 225 2402 325 2436; x_wconf 92' lang='lat' dir='ltr'>non</span> <span class='ocrx_word' id='word_1_257' title='bbox 380 2387 538 2437; x_wconf 89' lang='lat' dir='ltr'>solum</span> <span class='ocrx_word' id='word_1_258' title='bbox 590 2394 855 2437; x_wconf 88' lang='lat' dir='ltr'>narrentur</span> <span class='ocrx_word' id='word_1_259' title='bbox 901 2389 1189 2454; x_wconf 87' lang='lat' dir='ltr'>praeterita,</span> <span class='ocrx_word' id='word_1_260' title='bbox 1244 2404 1416 2438; x_wconf 88' lang='lat' dir='ltr'>verum</span> <span class='ocrx_word' id='word_1_261' title='bbox 1468 2391 1618 2439; x_wconf 90' lang='lat' dir='ltr'>etiam</span> <span class='ocrx_word' id='word_1_262' title='bbox 1668 2405 1912 2454; x_wconf 89' lang='lat' dir='ltr'>praenun-</span> 
     </span>
    </p>
   </div>
   <div class='ocr_carea' id='block_1_14' title="bbox 182 2461 1913 2529">
    <p class='ocr_par' dir='ltr' id='par_1_15' title="bbox 182 2461 1913 2529">
     <span class='ocr_line' id='line_1_37' title="bbox 182 2461 1913 2529; baseline 0.002 -20"><span class='ocrx_word' id='word_1_263' title='bbox 182 2481 198 2492; x_wconf 78' lang='lat'>-·</span> <span class='ocrx_word' id='word_1_264' title='bbox 223 2462 409 2510; x_wconf 86' lang='lat' dir='ltr'>tientur</span> <span class='ocrx_word' id='word_1_265' title='bbox 456 2461 644 2527; x_wconf 85' lang='lat' dir='ltr'>futura,</span> <span class='ocrx_word' id='word_1_266' title='bbox 700 2476 825 2526; x_wconf 90' lang='lat' dir='ltr'>quae</span> <span class='ocrx_word' id='word_1_267' title='bbox 873 2468 1037 2510; x_wconf 90' lang='lat' dir='ltr'>tamen</span> <span class='ocrx_word' id='word_1_268' title='bbox 1092 2463 1346 2526; x_wconf 88' lang='lat' dir='ltr'>pertinent</span> <span class='ocrx_word' id='word_1_269' title='bbox 1399 2462 1457 2511; x_wconf 86' lang='lat' dir='ltr'>ad</span> <span class='ocrx_word' id='word_1_270' title='bbox 1506 2464 1752 2512; x_wconf 88' lang='lat' dir='ltr'>civitatem</span> <span class='ocrx_word' id='word_1_271' title='bbox 1802 2462 1913 2529; x_wconf 86' lang='lat' dir='ltr'>Dei;</span> 
     </span>
    </p>
   </div>
   <div class='ocr_carea' id='block_1_15' title="bbox 223 2534 1911 2602">
    <p class='ocr_par' dir='ltr' id='par_1_16' title="bbox 223 2534 1911 2602">
     <span class='ocr_line' id='line_1_38' title="bbox 223 2534 1911 2602; baseline 0.001 -20"><span class='ocrx_word' id='word_1_272' title='bbox 223 2535 336 2598; x_wconf 86' lang='lat' dir='ltr'>quia</span> <span class='ocrx_word' id='word_1_273' title='bbox 385 2541 434 2584; x_wconf 92' lang='lat' dir='ltr'>et</span> <span class='ocrx_word' id='word_1_274' title='bbox 488 2535 548 2583; x_wconf 88' lang='lat' dir='ltr'>de</span> <span class='ocrx_word' id='word_1_275' title='bbox 603 2534 908 2601; x_wconf 84' lang='lat' dir='ltr'>hominibuS,</span> <span class='ocrx_word' id='word_1_276' title='bbox 957 2536 1042 2598; x_wconf 90' lang='lat' dir='ltr'>qui</span> <span class='ocrx_word' id='word_1_277' title='bbox 1096 2550 1195 2583; x_wconf 91' lang='lat' dir='ltr'>non</span> <span class='ocrx_word' id='word_1_278' title='bbox 1244 2542 1360 2584; x_wconf 93' lang='lat' dir='ltr'>sunt</span> <span class='ocrx_word' id='word_1_279' title='bbox 1411 2538 1541 2585; x_wconf 88' lang='lat' dir='ltr'>cives</span> <span class='ocrx_word' id='word_1_280' title='bbox 1589 2538 1717 2602; x_wconf 82' lang='lat' dir='ltr'>eiuS,</span> <span class='ocrx_word' id='word_1_281' title='bbox 1773 2536 1911 2600; x_wconf 86' lang='lat' dir='ltr'>quid-</span> 
     </span>
    </p>
   </div>
   <div class='ocr_carea' id='block_1_16' title="bbox 342 2675 1267 2732">
    <p class='ocr_par' dir='ltr' id='par_1_17' title="bbox 342 2675 1267 2732">
     <span class='ocr_line' id='line_1_39' title="bbox 342 2675 1267 2732; baseline 0.003 -14"><span class='ocrx_word' id='word_1_282' title='bbox 342 2676 383 2730; x_wconf 89' lang='lat'>1)</span> <span class='ocrx_word' id='word_1_283' title='bbox 418 2680 456 2718; x_wconf 84' lang='grc'>2.</span> <span class='ocrx_word' id='word_1_284' title='bbox 493 2675 592 2720; x_wconf 81' lang='lat' dir='ltr'>Cor.</span> <span class='ocrx_word' id='word_1_285' title='bbox 629 2680 697 2730; x_wconf 90' lang='lat'>13,</span> <span class='ocrx_word' id='word_1_286' title='bbox 729 2681 770 2720; x_wconf 88' lang='lat'>4.</span> <span class='ocrx_word' id='word_1_287' title='bbox 834 2677 878 2732; x_wconf 88' lang='lat'>3)</span> <span class='ocrx_word' id='word_1_288' title='bbox 912 2680 951 2719; x_wconf 90' lang='lat'>1.</span> <span class='ocrx_word' id='word_1_289' title='bbox 986 2675 1087 2721; x_wconf 87' lang='lat' dir='ltr'>Cor.</span> <span class='ocrx_word' id='word_1_290' title='bbox 1125 2680 1163 2732; x_wconf 90' lang='lat'>1,</span> <span class='ocrx_word' id='word_1_291' title='bbox 1197 2681 1267 2721; x_wconf 80' lang='lat'>25.</span> 
     </span>
    </p>
   </div>
   <div class='ocr_carea' id='block_1_17' title="bbox 339 2855 1536 2922">
    <p class='ocr_par' dir='ltr' id='par_1_18' title="bbox 339 2855 1536 2922">
     <span class='ocr_line' id='line_1_40' title="bbox 339 2855 1536 2922; baseline 0.002 -12"><span class='ocrx_word' id='word_1_292' title='bbox 339 2871 364 2910; x_wconf 84' lang='lat'>6</span> <span class='ocrx_word' id='word_1_293' title='bbox 399 2879 427 2909; x_wconf 78' lang='lat' dir='ltr'>a</span> <span class='ocrx_word' id='word_1_294' title='bbox 457 2865 635 2910; x_wconf 81' lang='lat' dir='ltr'>iudaeis</span> <span class='ocrx_word' id='word_1_295' title='bbox 677 2866 753 2922; x_wconf 76' lang='lat' dir='ltr'>Vl!</span> <span class='ocrx_word' id='word_1_296' title='bbox 778 2870 831 2909; x_wconf 86' lang='lat'>11</span> <span class='ocrx_word' id='word_1_297' title='bbox 866 2866 989 2921; x_wconf 85' lang='lat' dir='ltr'>quod</span> <span class='ocrx_word' id='word_1_298' title='bbox 1019 2879 1044 2910; x_wconf 78' lang='lat' dir='ltr'><strong><em>v</em></strong></span> <span class='ocrx_word' id='word_1_299' title='bbox 1069 2867 1085 2922; x_wconf 82' lang='grc' dir='ltr'>ιι</span> <span class='ocrx_word' id='word_1_300' title='bbox 1109 2871 1165 2910; x_wconf 84' lang='lat'>24</span> <span class='ocrx_word' id='word_1_301' title='bbox 1198 2865 1376 2911; x_wconf 62' lang='lat' dir='ltr'>silitum</span> <span class='ocrx_word' id='word_1_302' title='bbox 1408 2868 1480 2911; x_wconf 73' lang='lat' dir='ltr'>est</span> <span class='ocrx_word' id='word_1_303' title='bbox 1511 2855 1536 2912; x_wconf 81' lang='lat' dir='ltr'>&#39;v</span> 
     </span>
    </p>
   </div>
  </div>
 </body>
</html>
