2004 3140
554 147 619 179 DE
645 143 884 179 clvrrA'rE
906 145 995 177 DEI
1019 146 1061 178 L.
1085 145 1189 178 XXI.
1213 145 1251 178 o.
1274 145 1307 176 4.
1662 133 1771 185 493

83 262 208 310 adeo
257 266 313 310 ut
361 275 446 309 eos
493 258 812 308 substernere
861 258 1109 318 soleant‚--
1127 259 1213 322 qui
1258 257 1439 307 limites
1479 259 1657 323 figunt,
1712 256 1771 306 ad

87 333 476 385 convincendum
501 332 811 398 litigatorem,
838 334 1062 396 quisquis
1087 339 1199 396 post
1224 331 1527 396 quantalibet
1550 339 1773 396 tempora

87 409 307 458 extiterit
344 407 593 471 fixumque
642 405 851 470 lapidem
891 406 1098 455 limitem
1137 421 1237 454 non
1276 421 1386 455 esse
1427 403 1773 455 contenderit?

85 484 210 540 Quis
248 497 334 530 eos
372 483 424 530 in
461 487 596 530 terra
634 480 800 529 umida
851 480 1090 546 infossos,
1144 479 1231 529 ubi
1270 479 1400 544 ligna
1438 486 1773 546 putescerent,

86 555 272 605 tamdiu
311 554 490 604 durare
530 553 975 619 incorruptibiliter
1013 568 1159 618 posse
1199 555 1296 602 nisi
1335 569 1504 602 rerum
1544 553 1623 602 ille
1666 568 1772 602 cor-
1806 561 1832 602 5

86 635 263 694 ruptor
301 630 430 693 ignis
470 625 668 677 effecit?

233 702 520 751 Intueamur
566 703 713 750 etiarn
752 701 1043 750 miraculum
1084 700 1245 750 calcis,
1323 700 1542 765 Excepto
1585 716 1664 766 e0,
1714 701 1774 749 de

89 792 188 841 quo
219 778 317 825 iam
349 778 466 825 satis
499 776 726 841 diximus,
767 775 897 839 quod
931 777 1042 839 igne
1077 774 1316 840 candicat,
1358 790 1454 839 quo
1488 774 1579 823 alia
1618 781 1775 823 taetra

88 850 380 916 redduntur,
413 851 560 899 etiam
592 849 925 898 occultissime
959 848 1018 898 ab
1050 850 1163 913 igne
1195 850 1360 913 ignem
1393 850 1608 914 concipit
1640 863 1774 898 eum-

31 950 34 952 *
87 940 184 989 que
223 926 318 973 iam
358 923 498 988 gleba
535 922 851 988 tangentibus
891 923 1066 987 frigida
1104 929 1205 971 tam
1242 923 1453 972 latenter
1493 930 1680 988 servat,
1722 928 1782 990 ut
1809 931 1864 971 10

87 997 211 1048 nulli
249 1004 420 1047 nostro
453 999 623 1046 sensui
654 1012 860 1061 prorsus
900 1004 1148 1063 appareat,
1187 996 1274 1045 sed
1315 1002 1598 1061 compertus
1630 1011 1775 1060 expe-

89 1075 324 1137 rimentO,
374 1073 520 1119 etiam
571 1071 690 1120 dum
729 1086 828 1119 non
868 1078 1094 1136 apparet,
1141 1072 1328 1120 sciatur
1366 1072 1530 1119 inesse
1572 1071 1776 1134 sopitus,

89 1146 302 1210 Propter
333 1145 463 1209 quod
498 1160 606 1193 eam
636 1146 792 1193 vivam
826 1144 1011 1193 calcem
1043 1144 1308 1210 loquimur,
1346 1144 1481 1192 velut
1511 1146 1616 1207 ipse
1650 1145 1777 1207 ignis

89 1220 247 1268 latens
302 1221 462 1267 anima
518 1220 582 1267 sit
631 1217 892 1267 invisibilis
941 1217 1147 1267 visibilis
1197 1219 1436 1283 corporiS.
1513 1217 1614 1265 Iam
1659 1232 1776 1265 vero

90 1308 237 1357 quam
267 1294 449 1342 mirum
481 1299 572 1358 est,
611 1292 758 1358 quod,
798 1307 912 1341 cum
945 1293 1264 1358 extinguitur,
1303 1299 1424 1341 tunc
1464 1289 1777 1340 accenditur!
1813 1299 1866 1339 15

88 1366 154 1416 Ut
207 1368 336 1415 enim
394 1365 587 1415 occulto
642 1367 755 1430 igne
807 1372 1003 1432 careat,
1058 1380 1212 1429 aquae
1263 1365 1543 1414 infunditur
1594 1380 1777 1429 aquave

48 1473 50 1475 >
88 1440 429 1506 perfunditur,
468 1446 519 1488 et
558 1454 672 1489 cum
711 1446 823 1488 ante
864 1441 928 1489 sit
969 1439 1167 1506 frigida,
1206 1439 1321 1488 inde
1362 1440 1608 1504 fervescit,
1647 1438 1779 1488 unde

89 1516 331 1564 ferventia
386 1520 564 1563 cuncta
619 1514 906 1577 frigescunt.
998 1512 1144 1562 Velut
1197 1515 1454 1578 expirante
1518 1528 1636 1577 ergo
1698 1512 1780 1561 illa

91 1587 233 1653 gleba
265 1588 526 1636 discedens
557 1589 701 1653 igniS‚
742 1589 827 1651 qui
857 1586 1054 1653 latebat,
1094 1593 1313 1653 apparet,
1353 1602 1408 1635 ac
1441 1587 1618 1636 deinde
1658 1592 1778 1635 tam-

91 1677 239 1726 quam
288 1668 448 1710 morte
496 1663 566 1710 sic
606 1660 783 1725 frigida
822 1668 919 1725 est,
966 1667 1023 1709 ut
1061 1660 1251 1710 adiecta
1289 1661 1420 1709 unda
1462 1676 1560 1708 non
1601 1661 1665 1709 sit
1704 1675 1779 1708 ar·
1814 1670 1869 1709 20

93 1750 210 1785 sura
258 1742 307 1784 et
353 1749 499 1799 quam
549 1734 734 1783 calcem
779 1734 1073 1783 vocabamus
1123 1736 1304 1800 vivam,
1351 1748 1586 1782 vocemus
1626 1735 1781 1782 extin-

95 1816 238 1859 ctam.
317 1808 445 1866 Quid
478 1815 555 1857 est
586 1807 717 1872 quod
750 1807 866 1856 huic
905 1807 1144 1857 miraculo
1185 1807 1297 1856 addi
1335 1822 1481 1872 posse
1522 1803 1782 1855 videatur?

91 1890 142 1933 et
200 1890 366 1932 tamen
427 1881 637 1931 additur.
714 1881 835 1931 Nam
891 1883 933 1930 si
988 1897 1087 1930 non
1142 1880 1371 1930 adhibeas
1427 1895 1633 1946 aquam,
1695 1880 1781 1929 sed

93 1957 272 2022 oleum,
311 1956 443 2020 quod
482 1957 636 2020 magis
676 1956 832 2005 fomes
873 1962 949 2004 est
986 1957 1137 2021 igniS,
1177 1955 1310 2004 nulla
1350 1956 1456 2003 eius
1495 1955 1781 2019 perfusione

92 2031 171 2080 vel
208 2030 456 2079 infusione
505 2030 749 2078 fervescit.
826 2028 931 2078 Hoc
979 2029 1271 2078 miraculum
1321 2030 1362 2077 si
1401 2028 1461 2077 de
1502 2028 1664 2092 aliquo
1705 2027 1782 2076 In-
1815 2036 1871 2076 25

96 2104 206 2153 dico
246 2103 404 2168 lapide
444 2103 723 2168 legeremus
777 2105 879 2152 sive
920 2103 1204 2152 audiremus
1256 2109 1306 2151 et
1344 2105 1395 2150 in
1435 2109 1661 2151 nostrum
1701 2117 1782 2150 ex-

93 2179 424 2243 perimentum
471 2179 639 2225 venire
687 2192 787 2225 non
833 2184 1022 2242 posset,
1076 2177 1300 2241 profecto
1350 2182 1435 2239 aut
1473 2175 1783 2224 mendacium

93 2258 383 2316 putaremus
422 2257 506 2299 aut
546 2257 681 2299 certe
729 2250 980 2314 granditer
1019 2252 1327 2299 miraremur.
1407 2249 1628 2307 Quarum
1666 2264 1783 2297 vero

95 2339 266 2374 rerum
298 2331 409 2373 ante
442 2331 640 2374 nostros
679 2323 850 2372 oculos
890 2323 1133 2373 cotidiana
1174 2323 1468 2372 documenta
1507 2330 1784 2387 versantur,

95 2414 196 2447 non
236 2413 416 2462 genere
456 2399 619 2446 minus
658 2396 891 2463 mirabili,
932 2397 1018 2446 sed
1058 2399 1163 2462 ipsa
1202 2397 1488 2446 assiduitate
1527 2396 1784 2461 vilescunt,
1816 2405 1872 2444 30
1909 2429 1912 2432 Δ

95 2474 164 2520 ita
203 2479 259 2521 ut
298 2486 357 2520 ex
395 2473 501 2535 ipsa
540 2470 690 2536 India,
730 2486 854 2534 quae
888 2478 1078 2520 remota
1117 2477 1194 2519 est
1231 2486 1345 2534 pars
1385 2470 1520 2518 orbis
1560 2484 1586 2516 a
1626 2467 1783 2534 nobiS,

218 2613 292 2668 26)
323 2611 442 2655 Plin.
475 2617 546 2667 33,
580 2617 605 2655 5
639 2613 753 2668 <3o);
785 2611 992 2656 indidem
1022 2611 1316 2666 insequentia
1346 2610 1508 2667 petita.

222 2822 276 2861 16
309 2830 455 2872 aquae
486 2816 568 2861 inf.
601 2817 666 2863 ed.
692 2817 895 2870 Lovan.;
927 2817 1204 2873 aqua‘enim
1227 2817 1354 2861 fund.
1380 2816 1453 2871 R‚·
1482 2830 1604 2871 aqua
1635 2815 1786 2860 infun-

100 2876 226 2920 ditur
256 2877 328 2920 Av
352 2878 446 2933 1120
477 2878 661 2920 mortua,
692 2877 736 2920 A
768 2878 864 2923 edd.
897 2876 983 2920 Er.
1027 2876 1134 2920 Ven.
