2044 3146
574 155 640 188 DE
664 154 903 188 01v1'rA'r13
925 154 1015 188 nm
1038 154 1080 187 L.
1104 154 1231 188 xvn.
1256 155 1293 188 c.
1317 157 1349 189 6.
1709 144 1815 196 217

129 269 212 320 ille
242 269 581 319 sacerdos'est
611 266 853 317 mediator
884 267 972 318 Dei
1011 275 1063 318 et
1099 268 1385 335 hominum,
1408 268 1556 318 homo
1590 268 1818 319 Christus

128 344 281 394 Iesus
358 342 449 393 Cui
501 340 634 408 plebi
689 341 810 391 dicit
864 342 1115 408 apostolus
1165 342 1368 393 Petrus:
1423 344 1569 394 Plebs
1618 348 1814 406 sancta,

128 421 303 480 reqale
332 419 687 467 sacerdotium.
752 416 983 475 Quamvis
1014 416 1238 466 nonnulli
1275 418 1536 484 „sacrificii
1574 412 1678 467 ῐιιία
1716 418 1818 467 sint

126 492 452 558 interpretati,
492 505 591 540 non
628 490 924 557 „sacerdotii
962 486 1087 557 tui“;
1128 490 1259 556 quod
1299 490 1451 540 nihilo
1491 493 1655 541 minus
1695 505 1814 540 eun·

126 566 236 615 dem
270 565 514 630 significat
542 563 782 630 populum
815 563 1164 614 Christianum.
1225 563 1365 614 Unde
1407 565 1526 614 dicit
1565 564 1816 630 apostolus
1848 572 1877 614 5

125 638 329 689 Paulus:
393 639 528 690 Unus
566 642 725 702 panis
735 679 750 705 ,
795 653 950 688 unum
996 653 1183 702 corpus
1233 641 1376 689 malti
1411 653 1594 688 sumus.
1674 638 1817 696 Quod

125 726 242 779 ergo
297 712 503 764 addidit:
557 713 883 763 Manducare
929 727 1142 776 panem,
1191 714 1337 762 etiam
1387 714 1550 778 ipsum
1590 712 1819 762 sacrificii

125 802 283 853 genus
335 786 585 852 eleganter
640 788 909 853 expressit,
965 786 1024 837 de
1081 802 1179 852 quo
1234 787 1354 836 dicit
1404 786 1635 836 sacerdos
1688 788 1818 851 ipse:

127 862 297 922 PaniS,
338 876 483 923 quem
523 875 614 923 eqo
655 863 864 923 aedem,
907 876 1032 911 caro
1072 876 1182 911 mea
1223 868 1298 911 est
1329 875 1427 924 pro
1465 863 1664 911 saeculi
1699 863 1816 910 vita.

126 935 294 1000 Ipsum
334 942 410 984 est
442 935 760 1001 sacrificium3
799 950 899 984 non
939 935 1213 985 secundum
1253 935 1479 985 ordinem
1510 934 1688 1001 Aaron,
1729 935 1814 983 sed
1852 941 1908 986 10

128 1009 400 1059 secundum
464 1008 688 1058 ordinem
750 1008 1138 1075 Melchisedech,
1200 1010 1285 1073 qui
1346 1008 1491 1075 legit,
1551 1008 1818 1073 intellegat.

123 1082 294 1132 Brevis
347 1084 514 1147 itaque
569 1083 664 1131 ista
719 1083 964 1132 consessio
1021 1090 1070 1132 et
1124 1082 1388 1132 salubriter
1442 1082 1669 1148 humiliS,
1725 1098 1820 1146 qua

126 1157 329 1206 dicitur:
378 1158 527 1206 Iacta
581 1170 658 1206 me
716 1159 768 1205 in
808 1163 1012 1220 partem
1057 1159 1339 1207 sacerdotii
1376 1159 1452 1205 tui
1502 1159 1820 1206 manducare

119 1244 336 1293 panem;
374 1232 480 1294 ipse
513 1236 589 1279 est
622 1229 797 1279 obolus
836 1231 1042 1296 argenti,
1083 1231 1196 1295 quia
1236 1237 1286 1279 et
1324 1229 1474 1279 breve
1515 1236 1591 1279 est
1631 1236 1680 1279 et
1719 1229 1817 1278 elo-

126 1305 298 1368 quium
347 1303 544 1353 Domini
599 1310 674 1353 est
727 1302 992 1353 habitantis
1047 1305 1097 1353 in
1154 1303 1302 1353 corde
1351 1302 1614 1354 credentis.
1693 1303 1817 1361 Quia
1852 1311 1908 1354 15

127 1379 257 1428 enim
297 1377 488 1427 dixerat
535 1379 791 1445 superiUS,
839 1377 1033 1427 dedisse
1078 1393 1130 1428 se
1172 1377 1308 1427 cibos
1349 1377 1516 1427 domui
1555 1378 1717 1426 Aaron
1757 1376 1818 1426 de

128 1453 339 1501 victimis
378 1453 561 1501 veteris
593 1454 891 1519 testamenti,
931 1451 1017 1502 ubi
1049 1453 1136 1502 ait:
1176 1453 1311 1502 Dedi
1342 1454 1515 1502 domui
1537 1454 1706 1514 patris
1746 1454 1822 1501 tui

127 1529 308 1588 omnia,
349 1541 481 1587 quae
527 1532 646 1575 sunt
690 1529 823 1588 iynis
864 1529 1088 1586 filiorum
1138 1527 1324 1588 Israel,
1377 1529 1430 1576 in
1468 1540 1634 1576 escam
1675 1520 1818 1590 (haec

128 1601 309 1664 quippe
342 1600 538 1649 fuerant
571 1601 808 1649 sacrificia
833 1595 1176 1668 Iudaeorum):
1216 1599 1326 1649 ideo
1367 1599 1446 1649 hic
1487 1599 1630 1649 dixit:
1670 1600 1816 1649 Man-

128 1675 325 1723 ducare
370 1688 577 1739 panem,
629 1673 760 1738 quod
811 1682 888 1723 est
924 1675 976 1723 in
1017 1689 1141 1723 novo
1182 1681 1478 1724 testamento
1521 1673 1816 1723 sacrificium
1852 1683 1910 1723 20

129 1745 533 1796 Christianorum.

802 1905 1000 1960 CAPUT
1040 1905 1134 1959 VI.

131 2013 209 2062 De
248 2013 464 2063 Iudaico
502 2017 791 2064 sacerdotio
831 2021 880 2064 et
918 2028 1098 2074 rean,
1138 2028 1270 2074 quae
1310 2027 1423 2062 cum
1466 2015 1515 2062 in
1557 2018 1818 2062 aeternum

159 2088 402 2136 dicantur
440 2093 644 2148 statuta,
683 2102 783 2138 non
817 2092 1133 2153 permanent,
1172 2093 1228 2135 ut
1267 2089 1372 2136 alia
1412 2090 1786 2154 intelleqantur,

540 2177 753 2223 quorum
792 2163 1069 2224 spondetur
1110 2163 1401 2210 aeternitas.
1851 2169 1909 2210 25

276 2262 398 2313 Cum
451 2266 602 2330 igitur
648 2265 770 2314 haec
818 2270 952 2314 tanta
999 2271 1118 2313 tunc
1167 2262 1422 2312 altitudine
1474 2265 1819 2328 praenuntiata

128 2338 241 2403 sint,
280 2344 414 2387 tanta
452 2353 585 2387 nunc
623 2339 1016 2388 manifestatione
1058 2337 1345 2403 clarescant,
1385 2351 1484 2386 non
1524 2337 1709 2386 frustra
1749 2344 1816 2386 ta-

131 2425 244 2459 men
283 2413 469 2461 moveri
519 2414 763 2477 quispiam
802 2418 966 2477 potest
1018 2427 1073 2460 ac
1121 2411 1310 2460 dicere:
1370 2410 1477 2468 Quo
1518 2410 1661 2459 modo
1703 2426 1817 2460 con-

127 2483 323 2534 fidimus
355 2487 522 2535 venire
555 2488 732 2551 omnia,
773 2501 898 2551 quae
931 2487 980 2534 in
1013 2484 1152 2534 libris
1186 2484 1280 2533 illis
1322 2490 1527 2533 ventura
1566 2484 1818 2548 praedicta

130 2564 260 2624 sunt,
299 2560 341 2607 si
372 2558 465 2608 hoc
496 2562 674 2626 ipsum,
714 2559 845 2625 quod
885 2558 954 2608 ibi
994 2559 1226 2608 divinitus
1267 2557 1454 2606 dictum
1493 2564 1590 2606 est:
1630 2559 1816 2607 Domus
1848 2568 1908 2608 30

131 2636 218 2678 tua
258 2638 307 2680 et
351 2634 524 2683 domus
563 2637 734 2696 patris
782 2636 857 2682 tui
903 2634 1194 2682 transibunt
1232 2646 1406 2681 coram
1444 2645 1521 2680 me
1561 2633 1612 2680 in
1653 2638 1815 2681 aeter—

130 2718 262 2770 num,
302 2706 531 2755 effectum
569 2707 750 2757 habere
792 2722 891 2755 non
930 2703 1126 2771 potuit?
1166 2707 1397 2769 quoniam
1436 2703 1656 2754 videmus
1695 2704 1817 2754 illud

249 2832 293 2886 3)
336 2836 373 2877 1.
413 2831 534 2877 Petr.
575 2838 623 2888 2,
664 2838 703 2878 9.
769 2836 811 2889 6)
859 2839 894 2878 1.
942 2832 1042 2877 Cor.
1086 2837 1160 2888 10,
1206 2837 1273 2876 17.
1338 2833 1382 2887 9)
1423 2832 1485 2875 Io.
1521 2837 1568 2888 6,
1609 2835 1680 2875 51.
1743 2832 1819 2887 32)

130 2892 169 2933 1.
206 2887 326 2934 Sam.
360 2894 401 2946 2,
435 2895 503 2936 30.
