2054 3152
167 558 191 596 5

138 928 190 966 10

140 1296 191 1336 15

139 2034 192 2073 25

140 2504 197 2545 30

228 127 330 181 158
897 137 931 171 s,
957 136 1235 172 Aueusmm

227 254 592 317 comparatione
648 250 977 301 multitudinis
1031 251 1295 314 impiorum
1348 251 1572 315 profecto
1627 254 1678 301 in
1739 256 1911 318 paucis

225 333 321 392 est3
363 327 582 390 quamvis
622 332 672 374 et
710 326 804 389 ipsi
843 325 986 389 pauci
1027 323 1206 373 faciant
1242 324 1654 374 innumerabilem
1691 326 1910 376 multitu-

225 400 390 448 dinem
442 414 602 465 suam,
657 414 782 463 quae
835 398 1104 462 significata
1155 405 1232 447 est
1287 398 1559 448 seeundum
1608 399 1912 465 hyperbolen

222 489 313 538 per
352 474 586 522 harenam
626 479 801 522 terrae.
882 471 1008 520 Sane
1047 473 1141 520 ista
1179 471 1465 539 multitudO,
1505 488 1629 536 quae
1669 476 1911 538 promitti-

226 555 308 596 tur
345 547 590 613 Abrahae,
639 562 736 595 non
776 546 876 595 Deo
926 552 1000 594 est
1039 545 1412 594 innumerabilis
1425 585 1440 612 ,
1480 546 1566 595 sed
1605 547 1914 614 hominibus3

224 621 324 670 Deo
365 629 529 671 autem
568 635 659 670 neo
698 620 881 669 harena
920 626 1096 668 terrae.
1173 618 1386 667 Proinde
1428 621 1542 683 quia
1581 635 1678 668 non
1720 627 1912 671 tantum

225 711 344 759 gens
376 694 659 761 Israelitioa,
701 694 786 744 sed
820 696 1106 743 universum
1147 707 1315 741 semen
1348 692 1585 759 Abrahae,
1625 693 1710 743 ubi
1750 702 1825 744 est
1863 703 1914 745 et

223 771 486 834 promissio
527 783 627 817 non
667 768 940 818 secundnm
981 781 1204 833 carnem,
1243 765 1329 814 sed
1370 767 1644 816 secundum
1684 770 1912 833 spiritum

223 843 441 908 plurium
487 842 726 908 filiorum,
773 841 1130 906 congruentius
1175 839 1386 888 harenae
1439 840 1742 891 multitudini
1781 858 1913 891 oom-

223 922 652 982 pa1·atur:,potest
682 915 762 964 hio
794 915 1013 978 intellegi
1055 915 1313 978 utriusque
1354 916 1428 963 rei
1467 915 1595 964 faeta
1632 918 1910 980 promissio.

226 990 321 1039 Sed
361 991 471 1039 ideo
512 989 746 1055 diximus,
794 989 924 1053 quod
976 1003 1075 1036 non
1115 987 1369 1036 evidenter
1408 997 1660 1056 appareat,
1707 991 1821 1054 quia
1860 997 1914 1039 et

223 1064 355 1112 illius
388 1066 549 1130 gentis
582 1066 730 1112 unius
762 1063 1041 1128 multitudO,
1081 1076 1206 1126 quae
1246 1061 1521 1111 seeundum
1561 1078 1761 1112 carnem
1800 1071 1912 1114 nata

224 1145 298 1187 est
339 1154 398 1187 ex
437 1137 681 1186 Abraham
720 1153 809 1202 per
850 1139 956 1186 eius
997 1142 1229 1200 nepotem
1267 1135 1435 1201 Iacob,
1483 1139 1534 1185 in
1575 1144 1766 1186 tantum
1804 1153 1911 1187 ore-

223 1213 313 1278 vit,
369 1219 423 1261 ut
476 1227 632 1276 paene
688 1226 858 1260 omnes
912 1216 1078 1275 partes
1133 1209 1267 1258 orbis
1322 1209 1610 1274 impleverit.
1686 1210 1750 1260 Et
1799 1212 1912 1262 ideo

223 1288 385 1351 potuit
436 1294 485 1335 et
529 1287 637 1351 ipsa
684 1285 957 1334 secundum
1004 1282 1308 1349 hyperbolen
1355 1283 1566 1333 harenae
1607 1285 1913 1335 multitudini

225 1361 522 1426 comparari,
562 1361 675 1424 quia
714 1365 763 1408 et
802 1359 922 1407 haee
963 1358 1064 1407 sola
1101 1359 1360 1407 innumera
1401 1364 1476 1406 est
1515 1358 1713 1408 homini.
1793 1359 1911 1408 Ter-

225 1448 330 1483 ram
385 1439 519 1483 oerte
574 1433 705 1482 illam
760 1433 913 1481 solam
969 1432 1310 1499 significatam,
1367 1447 1491 1497 quae
1547 1433 1786 1499 appellata
1837 1441 1914 1483 est

226 1507 468 1574 Chanaan,
508 1506 709 1571 ambigit
740 1522 899 1555 nemo.
979 1506 1075 1554 Sed
1108 1507 1239 1570 quod
1271 1507 1456 1555 dietum
1491 1515 1586 1556 est:
1633 1507 1744 1556 Tibi
1779 1509 1911 1557 dabo

226 1596 336 1631 eam
389 1587 440 1631 et
486 1584 667 1630 semim·
719 1586 802 1631 tuo
857 1595 1014 1642 usque
1064 1583 1115 1629 in
1169 1584 1448 1641 saeculum,
1497 1588 1662 1646 potest
1712 1596 1908 1630 movere

226 1655 503 1721 nonnullos,
543 1657 584 1703 si
615 1670 773 1716 usque
806 1657 856 1703 t'n
887 1658 1144 1704 saeculum
1175 1654 1464 1719 intellegant
1493 1657 1577 1722 „in
1609 1651 1909 1704 aeternum“.

228 1729 278 1777 Si
319 1736 481 1778 autem
521 1732 778 1778 saeculum
817 1729 910 1777 hoo
949 1727 1057 1777 looo
1098 1730 1169 1776 sio
1209 1730 1471 1794 accipiant,
1521 1744 1667 1792 quem
1707 1728 1766 1777 ad
1806 1743 1906 1777 mo-

226 1803 341 1851 dum
381 1802 591 1852 fideliter
637 1809 864 1851 tenemus
914 1803 1109 1850 initium
1149 1803 1304 1851 futuri
1345 1802 1527 1851 saeculi
1566 1817 1592 1851 a
1631 1803 1727 1851 fine
1767 1817 1908 1867 prae-

227 1879 380 1925 sentis
429 1877 605 1943 ordiri,
659 1876 779 1924 nihil
826 1891 911 1925 eos
960 1875 1197 1941 movebit3
1237 1878 1373 1943 quia,
1421 1878 1514 1925 etsi
1561 1875 1752 1940 expulsi
1793 1884 1908 1925 sunt

224 1950 471 1999 israelitae
512 1950 571 1999 de
611 1949 986 2016 HierosolymiS,
1027 1956 1226 1998 manent
1264 1957 1427 1999 tamen
1467 1951 1517 1998 in
1557 1949 1663 1998 aliis
1703 1951 1909 1998 civitati-

228 2023 318 2072 bus
350 2031 512 2073 terrae
546 2023 788 2090 Chanaan,
828 2030 877 2072 et
909 2039 1066 2087 usque
1106 2025 1157 2073 in
1196 2024 1343 2071 finem
1383 2022 1673 2088 manebunt3
1714 2029 1763 2071 et
1802 2025 1908 2071 uni-

226 2112 366 2146 versa
396 2104 529 2146 terra
560 2097 640 2145 illa
673 2112 784 2146 cum
817 2112 843 2144 a
876 2095 1165 2145 Christianis
1206 2095 1518 2162 inhabitatur,
1559 2098 1705 2144 eliam
1745 2097 1907 2160 ipsum

227 2185 396 2219 semen
436 2178 512 2219 est
550 2170 785 2219 Abrahae.

873 2327 1068 2381 CAPUT
1102 2328 1274 2381 XXII.

229 2422 305 2470 De
342 2422 595 2483 superatis
635 2422 698 2469 ab
738 2421 998 2469 Abraham
1043 2422 1266 2470 hostibus
1307 2422 1658 2481 Sodomorum,
1705 2422 1907 2482 quando

341 2501 389 2544 et
426 2494 553 2544 Loth
594 2495 656 2544 de
695 2497 987 2556 captivitate
1027 2497 1227 2556 eripuit,
1268 2501 1314 2543 et
1354 2510 1384 2541 (ι
1426 2495 1796 2544 Melchisedech

708 2570 972 2617 sacerdote
1012 2569 1301 2617 benedictus
1341 2574 1425 2616 est.

378 2655 482 2705 Hoo
536 2671 773 2721 responso
831 2657 1172 2720 promissionis
1224 2664 1424 2719 accepto
1483 2658 1707 2719 migravit
1756 2655 1906 2704 Abra-

228 2730 340 2779 ham
388 2737 438 2779 et
484 2732 663 2779 mansit
709 2731 759 2778 in
807 2729 899 2778 alio
951 2729 1171 2777 eiusdem
1210 2737 1370 2778 terrae
1411 2729 1540 2790 loco,
1587 2731 1721 2777 iuxta
1761 2745 1904 2793 quer-

349 2876 402 2914 21
431 2885 548 2916 saec.
584 2871 785 2925 VRFL,·
810 2871 857 2915 in
883 2885 999 2916 eaeo.
1029 2885 1051 2914 υ
1075 2873 1090 2927 ss
1114 2876 1168 2914 33
1201 2871 1331 2915 iuxta
1365 2871 1471 2924 VL,·
1501 2871 1548 2914 id
1581 2872 1653 2915 est
1682 2869 1810 2914 iuxta
1834 2869 1907 2915 Rv
