2044 3146
162 948 214 988 10

161 1315 213 1354 15

160 1829 215 1870 20

132 2195 214 2234 *25

244 151 352 203 226
917 163 952 197 s.
975 163 1250 198 mausum

245 290 359 326 cum
393 278 628 337 patribus
668 277 786 336 tuis,
827 282 876 325 et
911 278 1166 326 suscitabo
1203 291 1370 326 semen
1409 283 1548 326 tuum
1579 282 1694 339 post
1731 282 1805 338 te,
1844 281 1936 338 qui

246 352 346 399 erit
392 352 454 399 de
503 354 677 399 ventre
727 358 831 410 tuo,
882 356 932 399 et
969 351 1298 413 praeparabo
1344 364 1556 412 requam
1597 353 1747 399 illius.⁴
1821 350 1930 408 Quo

246 422 391 472 modo
424 438 541 487 ergo
573 429 778 487 propter
807 423 856 472 id
889 423 1020 487 quod
1053 425 1301 488 sequitur:
1338 424 1438 473 Hic
1476 425 1771 482 aedificabit
1809 426 1935 474 milii

246 498 459 557 domum,
498 498 591 545 iste
627 495 854 545 Salomon
887 496 1142 562 putabitur
1172 496 1510 562 prophetatus,
1549 503 1599 546 et
1631 512 1728 546 non
1763 499 1930 561 potius

245 576 448 635 propter
495 570 543 619 id
591 570 722 634 quod
770 570 1042 635 praeeedit:
1095 572 1216 620 Cum
1262 573 1443 633 repleti
1473 570 1674 631 fuerint
1712 573 1937 620 dies.tui

248 650 298 693 et
327 646 544 693 dormies
576 659 689 693 cum
723 646 960 706 patribus
1000 646 1111 704 tuis,
1149 646 1403 695 suscitabo
1442 658 1607 694 semen
1647 650 1784 693 tuum
1818 651 1933 706 post

248 724 309 778 te,
342 717 464 766 alius
497 718 729 782 pacificus
761 717 1063 782 intellegitur
1095 733 1204 767 esse
1235 719 1524 783 promissus,
1555 719 1641 781 qui
1671 732 1770 766 non
1803 724 1932 783 ante,

247 792 376 840 sieut
407 793 516 857 iste,
556 791 641 839 sed
674 798 786 855 post
824 799 1034 841 mortem
1061 791 1208 840 David
1248 793 1623 856 praenuntiatus
1663 798 1739 840 est
1777 793 1931 840 susei-

246 861 460 914 tandus‘?
523 864 802 922 Quamlibet
841 866 972 913 enim
1010 864 1156 929 longo
1195 865 1489 929 interposito
1529 871 1751 928 tempore
1791 864 1932 913 Iesus

247 937 481 987 Christus
520 940 733 1004 veniret,
779 937 951 1002 procul
1003 937 1151 987 dubio
1191 944 1305 1003 post
1343 943 1554 986 mortem
1593 939 1724 1002 regis
1763 937 1931 1004 David,

246 1013 326 1060 eui
374 1013 444 1060 sie
492 1018 568 1060 est
613 1013 909 1078 promissuS‚
957 1027 1071 1060 eum
1110 1013 1278 1061 venire
1318 1010 1596 1076 oportebat,
1643 1012 1728 1075 qui
1767 1010 1930 1060 aedifi-

247 1092 381 1134 caret
437 1085 635 1133 domum
691 1085 822 1151 Deo,
876 1100 975 1134 non
1027 1085 1086 1134 de
1132 1085 1278 1150 lignis
1319 1092 1368 1134 et
1414 1083 1682 1149 lapidibus,
1736 1084 1823 1133 sed
1871 1083 1931 1132 de

245 1157 542 1224 hominibuS,
582 1158 775 1223 qualem
806 1158 945 1208 illum
977 1159 1235 1208 aedificare
1275 1158 1559 1223 gaudemus.
1635 1156 1761 1206 Huic
1801 1159 1933 1206 enim

246 1231 413 1280 domui
453 1232 572 1281 dicit
611 1231 878 1299 apostoluS‚
916 1232 1010 1281 hoc
1051 1239 1127 1282 est
1164 1231 1391 1281 fidelibus
1432 1231 1638 1281 Christi:
1683 1231 1933 1294 Templum

247 1308 377 1354 enim
417 1307 514 1355 Dei
550 1311 781 1355 sanctum
820 1312 906 1366 est,
946 1309 1084 1367 quod
1119 1309 1236 1355 estis
1274 1320 1371 1355 vos.

928 1463 1122 1516 CAPUT
1163 1462 1253 1515 IX.

256 1572 415 1630 Quam
454 1572 629 1619 similis
662 1573 712 1618 in
746 1573 939 1632 psalmo
980 1572 1313 1631 octoqeizsimo
1353 1576 1528 1619 octavo
1566 1572 1632 1618 sit
1664 1572 1935 1632 prophetia

371 1645 433 1693 (le
478 1644 675 1693 Christo
715 1645 806 1704 his,
847 1658 978 1704 quae
1018 1646 1068 1692 iu
1109 1657 1383 1704 reynorum
1423 1645 1566 1692 libris
1605 1644 1810 1692 Nathan

718 1719 1055 1780 prophetante
1086 1718 1466 1780 promittuntur.

396 1819 607 1884 Propter
640 1819 770 1884 quod
803 1828 853 1868 et
883 1821 934 1868 in
966 1819 1152 1884 psalmo
1192 1820 1527 1883 octogensimo
1566 1826 1752 1886 octavo,
1791 1821 1934 1868 cuius

250 1900 325 1942 est
366 1892 560 1942 titulus:
608 1894 898 1943 Intellectus
938 1895 1035 1956 ipsi
1072 1895 1268 1942 Aethan
1309 1894 1598 1954 Israelitae,
1639 1908 1933 1942 commemo-

249 1973 423 2016 rantur
461 1968 817 2031 promissiones
856 1966 944 2015 Dei
984 1966 1138 2016 sactae
1178 1967 1284 2030 regi
1322 1965 1495 2033 David,
1541 1973 1591 2016 et
1629 1968 1759 2032 istiS‚
1807 1981 1932 2030 quae

250 2042 300 2088 in
340 2038 465 2089 libro
498 2055 765 2104 regnorum
798 2046 915 2089 sunt
953 2041 1125 2105 posita,
1166 2038 1402 2103 quaedam
1441 2038 1509 2088 ibi
1549 2039 1723 2088 similia
1763 2040 1932 2088 dicun·

250 2121 347 2179 tur,
387 2114 516 2162 sicut
555 2119 651 2163 est:
692 2114 875 2162 Iuravi
910 2113 1081 2162 David
1114 2127 1260 2162 servo
1298 2126 1429 2161 meo:
1477 2113 1638 2174 Usque
1676 2115 1727 2162 in
1767 2119 1931 2162 aeter-

247 2201 366 2236 num
411 2188 738 2250 praeparabo
784 2200 951 2236 semen
997 2191 1134 2234 tuum
1144 2203 1164 2244 ;
1216 2191 1266 2233 et
1303 2186 1508 2235 iterum:
1561 2186 1698 2235 Tunc
1735 2189 1934 2236 locutus

249 2275 300 2310 es
355 2262 407 2308 in
463 2265 669 2322 aspectu
722 2262 845 2318 filiis
900 2261 997 2308 tuis
1052 2265 1100 2308 et
1153 2261 1353 2308 dixisti:
1415 2260 1572 2308 Posui
1622 2261 1932 2308 adiutorium

247 2348 401 2395 super
433 2339 714 2398 potentem,
775 2335 1001 2382 exaltavi
1051 2335 1261 2382 electum
1311 2334 1374 2381 de
1417 2335 1602 2395 populo
1648 2347 1767 2382 meo.
1846 2334 1930 2381 In-

248 2409 363 2456 veni
391 2407 562 2456 David
595 2421 794 2456 servum
827 2420 1001 2466 meum,
1042 2408 1093 2454 in
1132 2409 1237 2455 oleo
1275 2413 1451 2456 sancto
1490 2420 1597 2455 meo
1636 2408 1768 2454 unxi
1803 2420 1930 2455 eum.

251 2481 439 2530 Manus
495 2482 625 2530 enim
679 2494 790 2528 mea
846 2479 1183 2528 auxiliabitur
1237 2481 1286 2528 ei
1333 2486 1382 2529 et
1421 2481 1716 2529 bracchium
1769 2493 1931 2528 meum

160 2563 219 2603 30
251 2553 561 2615 confortabit
606 2567 731 2603 eum.
809 2554 918 2602 Non
963 2555 1201 2615 proficiet
1246 2554 1477 2602 inimicus
1524 2555 1575 2601 in
1615 2565 1672 2602 eo
1711 2558 1759 2600 et
1791 2554 1931 2611 filius

369 2667 440 2720 15)
476 2670 512 2709 1.
547 2664 648 2709 Cor.
682 2669 724 2720 3,
759 2669 824 2710 17.
888 2666 961 2720 25)
994 2663 1049 2708 V.
1082 2669 1123 2708 4.

369 2831 421 2869 21
457 2825 627 2869 aethan
656 2825 776 2869 RAv
809 2829 861 2869 ut
891 2825 985 2869 cod.
1017 2825 1175 2878 Aleoe.,·
1212 2824 1398 2869 aetham
1430 2823 1498 2867 F¹
1535 2826 1551 2878 u
1588 2823 1786 2868 ezraitae
1815 2822 1884 2868 132
1913 2825 1929 2881 Η

252 2889 306 2928 27
340 2884 476 2928 exalt.
509 2883 579 2938 R‚·
611 2886 659 2928 et
688 2883 826 2928 exalt.
858 2897 884 2928 υ
908 2885 923 2940 ΙΙ
947 2888 1003 2928 30
1034 2882 1317 2928 eonfortauit
1346 2882 1417 2937 R‚·
1448 2882 1739 2927 confirmauit
1768 2882 1866 2926 AF
