2004 3140
544 131 612 164 DE
635 128 872 164 omum
894 129 984 162 Dm
1007 130 1049 163 L.
1073 129 1156 164 xx.
1181 129 1217 163 ο.
1242 131 1295 163 14.
1320 131 1373 164 15.
1701 119 1805 170 441

122 243 268 310 paulo
314 250 427 294 ante
474 249 728 308 posuerat:
777 242 844 291 Et
890 244 1107 292 iudicati
1154 249 1271 292 sunt
1307 245 1498 305 sinquli
1533 246 1808 293 seeundum

120 317 268 380 facta
306 332 413 367 sua.
489 315 594 365 Hoc
642 322 717 364 est
763 317 894 364 enim
945 317 1075 380 quod
1124 332 1273 381 supra
1313 317 1529 367 dixerat:
1573 317 1640 366 Et
1679 319 1807 366 iudi-

125 395 233 442 cati
266 397 385 441 sunt
419 392 608 440 mortui
642 392 917 439 secundum
951 390 1099 452 facta
1137 406 1244 440 sua.

793 577 985 633 CAPUT
1023 579 1144 634 XV.

167 688 266 747 Qui
300 689 401 736 sint
438 689 637 752 mortui,
676 701 799 747 quos
839 689 910 736 ad
946 688 1191 736 iudicium
1231 687 1463 735 exhibuit
1499 701 1656 747 mare,
1695 689 1774 736 vel
1839 695 1864 734 5

486 774 608 821 quos
647 775 782 810 mors
821 767 868 810 et
907 759 1066 822 inferi
1101 763 1452 810 reddiderunt.

272 863 367 912 Sed
410 865 494 928 qui
534 869 649 912 sunt
680 864 879 930 mortui,
919 878 1043 927 quos
1084 862 1306 912 exhibuit
1344 878 1493 930 mare,
1535 865 1619 928 qui
1657 865 1709 912 in
1749 879 1807 913 eo

123 934 298 987 erant?
373 937 544 1001 Neque
579 937 710 986 enim
751 939 834 1001 qui
873 938 923 985 in
963 938 1087 985 mari
1126 939 1422 1003 moriuntur,
1462 952 1561 985 non
1602 944 1718 987 sunt
1755 939 1807 986 in

123 1012 344 1078 inferne,
385 1017 468 1060 aut
507 1026 715 1075 corpora
756 1025 929 1059 eorum
969 1012 1228 1060 servantur
1266 1012 1318 1060 in
1358 1013 1497 1077 mari,
1536 1018 1633 1072 aut,
1675 1011 1805 1076 quod

123 1093 198 1134 est
244 1084 506 1134 absurdius
519 1124 533 1151 ,
579 1099 713 1133 mare
765 1083 976 1133 habebat
1021 1083 1177 1133 bonos
1229 1091 1450 1134 mortuos
1492 1091 1541 1133 et
1578 1086 1805 1134 infernus
1841 1093 1895 1133 10

121 1158 288 1208 malos.
367 1158 487 1216 Quis
533 1157 626 1207 hoe
672 1155 954 1223 putaverit?
1039 1157 1134 1206 Sed
1180 1158 1404 1222 profecto
1457 1160 1808 1207 convenienter

123 1232 319 1297 quidam
351 1231 445 1280 hoe
477 1231 584 1280 loco
617 1247 752 1280 mare
785 1247 874 1296 pro
914 1233 1010 1280 isto
1052 1231 1247 1281 saeculo
1286 1234 1505 1296 positum
1544 1233 1805 1297 accipiunt.

122 1305 243 1355 Cum
284 1321 402 1370 ergo
450 1311 499 1354 et
547 1320 670 1369 quos
709 1305 789 1354 hie
828 1307 1046 1354 inveniet
1086 1304 1312 1354 Christus
1352 1307 1403 1354 in
1444 1321 1652 1370 corpore
1693 1321 1806 1354 eon-

121 1381 320 1429 stitutos
361 1379 506 1428 simul
546 1380 845 1444 significaret
885 1394 998 1428 cum
1038 1381 1131 1446 εἰς,
1180 1380 1264 1444 qui
1303 1381 1647 1430 resurrecturi.
1678 1386 1808 1445 sunt,

119 1453 430 1520 iudicand08‚
470 1455 615 1502 etiam
654 1455 787 1518 ipsos
826 1459 1050 1502 mortuos
1090 1453 1363 1520 appellavit,
1402 1461 1451 1502 et
1490 1453 1661 1520 bonOS,
1701 1455 1805 1518 qui·
1843 1459 1898 1500 15

119 1527 213 1576 hus
253 1527 456 1576 dicitur:
496 1527 694 1577 Mortui
730 1530 861 1577 em'm
901 1529 1031 1588 est2‘8,
1073 1533 1122 1576 et
1158 1530 1262 1576 vita
1301 1533 1470 1577 vestra
1510 1529 1807 1577 abscondita

121 1606 195 1650 est
248 1615 360 1651 cum
421 1601 619 1650 Christo
666 1604 719 1650 in
759 1603 890 1662 DeO,
947 1607 996 1649 et
1042 1601 1217 1668 malos,
1272 1601 1332 1649 de
1382 1600 1563 1666 quibus
1604 1601 1807 1650 dieitur:

121 1675 243 1724 Sine
296 1680 519 1724 mortuos
579 1677 795 1737 sepelire
854 1680 1076 1724 mortuos
1130 1689 1259 1724 suos,
1350 1674 1567 1724 Possunt
1623 1676 1807 1723 mortui

122 1750 267 1797 etiam
317 1754 523 1813 propter
570 1747 662 1796 hoc
716 1748 841 1814 dici,
899 1747 1027 1812 quod
1079 1747 1302 1797 mortalia
1349 1755 1529 1813 gerunt
1576 1763 1805 1813 ‹torpel-33

121 1821 251 1871 unde
285 1821 556 1886 apostolus:
603 1823 793 1884 Corpus
825 1824 1037 1884 quidem,
1076 1823 1251 1887 inquit,
1290 1829 1539 1872 mortuum
1580 1828 1654 1872 est
1685 1835 1804 1884 pro-
1839 1829 1900 1867 20

114 1901 232 1958 pter
266 1901 561 1958 peccatum;
599 1898 808 1958 spiritus
840 1902 1007 1945 autem
1045 1898 1148 1944 vita
1188 1902 1262 1945 est
1294 1901 1506 1958 propter
1545 1898 1802 1956 iustitiam,

121 1975 388 2033 utrumque
435 1971 486 2017 in
532 1969 729 2018 homine
776 1971 967 2018 vivente
1014 1976 1160 2033 atque
1208 1971 1259 2018 in
1305 1969 1400 2018 hoe
1440 1985 1648 2034 corpore
1689 1983 1802 2018 con-

122 2044 293 2091 stituto
335 2057 442 2091 esse
491 2042 849 2110 demonstrans,
890 2050 938 2092 et
978 2058 1159 2108 corpus
1199 2049 1450 2092 mortuum
1490 2050 1540 2092 et
1578 2044 1807 2108 spiritum

121 2118 283 2165 vitam.
360 2115 461 2165 Nec
512 2123 675 2166 tamen
729 2117 851 2166 dixit
899 2132 1080 2181 corpus
1132 2116 1364 2183 mortale,
1414 2116 1500 2165 sed
1541 2122 1808 2182 mortuum,

125 2191 344 2253 quamvis
393 2189 562 2239 eadem
609 2190 753 2255 paulo
793 2197 906 2255 post
946 2192 1092 2239 etiam
1132 2189 1354 2239 mortalia
1396 2205 1628 2257 corpora,
1679 2191 1807 2239 sicut
1839 2198 1898 2237 25

123 2264 354 2312 usitatius
403 2271 660 2331 vocantur,
712 2263 936 2329 appellet.
1012 2263 1114 2312 Hos
1166 2279 1283 2327 ergo
1323 2270 1547 2313 mortuos
1587 2262 1809 2313 exhibuit

122 2351 271 2402 mare,
312 2338 396 2401 qui
435 2339 486 2385 in
526 2353 583 2386 eo
626 2344 789 2403 erant,
826 2336 875 2386 id
917 2344 1006 2404 est,
1046 2336 1268 2386 exhibuit
1306 2337 1532 2386 homines
1570 2336 1665 2386 hoe
1705 2352 1807 2386 sae·

123 2409 315 2476 culum,
371 2411 668 2475 quicumque
717 2413 767 2459 in
819 2426 876 2459 eo
919 2417 1080 2477 erant,
1137 2412 1250 2475 quia
1297 2410 1516 2459 nondum
1569 2409 1806 2459 obierant.

124 2483 190 2531 Et
226 2497 360 2532 mors
400 2489 449 2532 et
486 2484 739 2546 inferum,
787 2486 969 2548 inquit,
1017 2486 1355 2533 reddiderunt
1391 2489 1634 2543 mortum,
1686 2497 1808 2543 quos

125 2558 176 2604 in
215 2571 268 2605 se
306 2557 571 2606 habebant.
648 2557 780 2606 Mare
823 2556 1064 2623 exhibuit,
1105 2558 1243 2621 quia,
1284 2558 1413 2605 sicut
1450 2557 1636 2605 inventi
1677 2562 1807 2622 sunt,
1839 2565 1896 2604 30

243 2698 314 2754 ιτ)
347 2697 443 2741 Col.
476 2702 518 2753 3,
551 2703 591 2742 3.
657 2699 728 2753 18)
760 2698 841 2743 Mt.
876 2702 918 2755 8,
950 2703 1020 2743 22.
1085 2700 1158 2754 21)
1189 2698 1321 2741 Rom.
1355 2700 1396 2752 8,
1432 2701 1499 2741 10.

243 2863 298 2902 14
328 2857 386 2902 iis
417 2872 444 2903 v
