2004 3140
127 945 182 985 10

128 1315 182 1355 15

126 1686 182 1726 20

127 2215 182 2256 25

211 146 321 199 410
885 156 919 189 s.
943 155 1219 191 Aucusnm

213 277 448 335 rectoque
497 269 677 318 iudicio
727 269 897 318 similis
946 269 1104 318 eidem
1151 271 1351 318 vanitati
1399 269 1555 318 factus
1608 274 1894 318 vanesceret

211 341 394 394 homo?
455 343 510 392 In
544 343 718 393 diebus
749 350 912 393 tamen
944 345 1168 392 vanitatis
1209 358 1324 392 suae
1364 345 1573 392 interest
1611 342 1895 409 plurimum,

212 425 383 468 utrum
414 419 612 467 resistat
644 433 705 466 an
737 417 1044 483 obtemperet
1077 419 1283 483 veritati,
1323 423 1372 467 et
1404 424 1573 467 utrum
1613 418 1678 466 sit
1716 431 1896 481 expers

211 507 355 541 verae
401 493 598 557 pietatis
646 508 706 541 an
751 494 1021 558 particeps;
1068 507 1167 541 non
1214 498 1417 557 propter
1467 486 1592 541 vit'ae
1631 490 1780 540 huius
1821 489 1896 539 vel

213 566 340 615 bona
380 566 681 631 adquirenda
722 565 796 615 vel
836 566 958 615 mala
999 565 1190 615 vitanda
1230 566 1535 616 vanescendo
1575 565 1896 631 transeuntia,

213 640 300 689 sed
348 647 554 706 propter
600 641 822 690 futurum
862 640 1120 707 iudicium,
1167 655 1258 706 per
1308 641 1439 705 quod
1480 646 1627 689 erunt
1666 646 1715 689 et
1753 638 1896 688 bonis

212 714 340 763 bona
388 721 437 763 ct
483 714 622 764 malis
662 714 785 763 mala
825 717 930 764 sine
971 715 1066 764 fine
1107 729 1351 764 mansura.
1429 714 1648 779 Denique
1689 715 1782 763 iste
1824 728 1896 762 sa·

212 790 353 853 piens
405 788 536 838 hunc
587 788 768 840 librum
809 791 879 838 sic
920 788 1183 854 conclusit,
1230 794 1286 838 ut
1325 789 1534 838 diceret:
1583 789 1742 838 Deum
1783 790 1900 837 time

214 868 263 912 et
292 865 536 912 mandata
568 865 675 912 etus
715 865 924 930 custodi,
964 865 1084 924 quia
1124 865 1219 913 hoc
1259 869 1333 912 est
1370 865 1527 912 omnis
1566 865 1708 912 homo
1719 879 1738 920 ;
1777 864 1899 924 quia

214 951 356 986 omne
405 938 500 986 hoe
547 951 670 999 opus
718 938 855 986 Deus
904 939 1127 987 adducet
1173 939 1223 986 in
1266 939 1510 987 iudicium
1549 940 1601 986 in
1642 939 1778 986 omni
1815 938 1898 986 de-

212 1015 406 1072 specte,
461 1013 564 1060 sive
611 1013 792 1060 bonum
839 1013 942 1061 sive
989 1014 1186 1060 malum.
1267 1010 1394 1068 Quid
1442 1011 1668 1077 brevius,
1717 1011 1899 1075 veriuS‚

214 1083 459 1133 salubrius
507 1084 603 1133 dici
649 1082 846 1150 potuit?
924 1086 1106 1147 Deum,
1161 1086 1343 1152 inquit,
1399 1088 1514 1135 time
1561 1091 1610 1134 et
1654 1086 1898 1134 mandata

214 1161 322 1207 eius
354 1161 564 1220 custodi,
605 1162 726 1220 quia
757 1161 853 1209 hoc
887 1165 961 1209 est
991 1162 1148 1209 omnis
1179 1162 1336 1210 homo.
1417 1159 1725 1224 Quicumque
1767 1159 1900 1207 enim

216 1239 304 1298 est,
343 1232 437 1282 hoc
472 1239 562 1299 est,
603 1240 771 1282 custos
804 1235 975 1298 utique
1009 1233 1353 1283 mandatorum
1392 1232 1503 1299 Dei3
1545 1234 1772 1298 quoniam
1815 1233 1901 1296 qui

214 1306 307 1355 hoc
348 1322 445 1355 non
495 1313 595 1374 est,
647 1306 768 1356 nihil
809 1314 905 1373 est3
954 1323 1053 1356 non
1102 1309 1230 1356 enim
1281 1307 1339 1356 ad
1379 1309 1599 1356 veritatis
1637 1307 1899 1371 imaginem

213 1380 527 1448 reformatur,
558 1396 819 1430 remanens
851 1383 900 1430 in
934 1381 1252 1430 similitudine
1285 1382 1525 1430 vanitatis,
1595 1382 1726 1440 Quia
1757 1395 1902 1430 omne

213 1456 309 1504 hoe
349 1469 493 1522 apua,
544 1455 591 1504 id
641 1462 738 1522 est,
787 1455 918 1520 quod
955 1454 1024 1504 ab
1071 1455 1269 1504 homine
1318 1455 1371 1504 fit
1410 1456 1459 1503 in
1500 1454 1590 1504 hac
1631 1456 1749 1520 vita,
1797 1457 1902 1504 sive

215 1529 395 1577 bonum
441 1531 545 1578 sive
592 1532 797 1590 malum,
847 1531 983 1579 Deus
1032 1531 1254 1579 adducet
1300 1532 1351 1578 in
1392 1531 1635 1579 iudicium
1677 1531 1728 1578 iu
1768 1531 1904 1578 omni

216 1603 472 1664 despecto,
513 1602 561 1651 id
603 1610 678 1652 est
716 1605 765 1652 in
807 1605 941 1651 omni
981 1605 1127 1652 etiam
1168 1605 1252 1668 qui
1292 1602 1674 1668 contemptibilis
1714 1602 1793 1651 hic
1833 1603 1899 1650 vi-

216 1675 361 1724 detur
401 1683 450 1726 et
488 1676 599 1726 ideo
639 1692 730 1725 nec
772 1677 985 1743 videtur3
1038 1679 1269 1741 quoniam
1308 1676 1439 1725 Deus
1481 1683 1529 1726 et
1567 1678 1730 1742 ipsum
1769 1675 1900 1725 videt

214 1765 305 1798 nec
347 1765 459 1799 eum
501 1750 709 1816 despicit
749 1766 840 1800 nec
882 1766 994 1800 cum
1033 1750 1216 1800 iudicat
1255 1752 1507 1816 praeterit.

897 1952 1090 2006 CAPUT
1125 1952 1217 2005 IV.

221 2061 368 2118 Quod
397 2062 467 2108 ad
498 2062 845 2109 disserendum
886 2063 947 2109 de
987 2063 1250 2109 novissimo
1290 2062 1479 2109 iudicio
1511 2061 1610 2108 Dee?
1646 2062 1762 2109 noui
1791 2062 1901 2122 pri-

320 2148 450 2182 mum
491 2137 775 2182 testamenti
812 2149 875 2182 ae
916 2136 1098 2183 deinde
1137 2136 1319 2182 veteris
1359 2136 1641 2183 testimonia
1675 2148 1795 2195 pro-

897 2210 1096 2256 laturus
1135 2210 1212 2256 sit.

364 2308 522 2358 Huius
574 2311 738 2372 itaque
787 2309 947 2358 ultimi
994 2309 1163 2357 iudicii
1217 2308 1304 2357 Dei
1351 2310 1630 2357 testimonia
1681 2308 1740 2357 de
1781 2310 1901 2357 scri-

215 2385 377 2447 pturis
426 2384 633 2449 sanctiS‚
684 2398 807 2446 quae
856 2397 1042 2447 ponere
1081 2384 1295 2447 institui,
1346 2384 1483 2446 prius
1525 2381 1746 2446 eligenda
1786 2389 1902 2431 sunt

217 2457 276 2505 de
326 2456 463 2505 libris
511 2458 830 2505 instrumenti
878 2458 1015 2521 novi,
1072 2462 1241 2519 postea
1289 2456 1348 2504 de
1396 2457 1591 2504 veteris.
1670 2455 1901 2513 Quamvis

218 2532 349 2578 enim
389 2537 553 2578 vetera
585 2532 751 2595 priora
783 2532 882 2579 sint
920 2537 1157 2595 tempore,
1197 2544 1319 2577 nova
1359 2536 1522 2577 tamen
1562 2529 1902 2593 anteponenda
1958 2538 1974 2541 “

131 2615 187 2654 30
220 2610 336 2652 sunt
377 2604 610 2667 dignitate

621 2644 634 2670 7
686 2605 917 2668 quoniam
964 2603 1043 2651 illa
1093 2610 1259 2651 vetera
1298 2604 1559 2667 praeconia
1599 2610 1715 2652 sunt
1753 2617 1902 2651 novo·

339 2732 410 2786 11)
443 2730 594 2775 Eccle.
632 2735 698 2787 12,
735 2735 787 2774 13
823 2745 888 2786 sq.

340 2897 392 2936 10
426 2892 645 2949 despecto
677 2892 749 2937 Rv
781 2906 861 2938 sec.
897 2892 1084 2946 Graec.;
1116 2892 1337 2949 despectu
1367 2891 1465 2948 Aeq
