2004 3140
534 126 600 158 DE
625 125 863 159 cIVI'rATE
887 126 977 159 DEI
1001 126 1042 159 L.
1067 126 1191 158 xxn.
1217 126 1253 159 c.
1278 128 1308 160 6.
1335 128 1365 160 ⁷.
1678 114 1786 167 565

107 246 162 288 ut
201 254 312 288 cum
346 238 437 287 fide
471 252 527 287 ac
558 253 648 303 per
680 237 824 287 fidem
857 241 1017 288 teneri
1056 239 1132 288 vel
1169 241 1349 304 potius‘
1374 239 1566 304 adquiri
1604 241 1786 305 possit3

106 312 199 362 fide
255 318 418 362 autem
471 312 662 377 perdita
716 312 775 361 ad
831 328 937 361 eam
988 315 1197 378 quisque
1249 315 1415 362 venire
1467 329 1566 362 non
1616 315 1786 378 possit.

107 385 239 445 Quae
292 387 521 451 cogitatio
571 386 840 436 firmissimi
897 402 952 436 ac
1002 388 1347 452 patientissimi
1395 387 1558 437 cordis
1608 394 1681 436 tot
1730 402 1786 436 ac

105 467 266 510 tantos
299 466 538 525 martyres
570 461 701 527 fecit,
741 460 934 526 qualem
967 477 1028 510 ne
1068 476 1224 511 unum
1263 461 1462 526 quidem
1501 459 1672 510 habuit
1710 460 1785 509 vel

104 533 285 583 habere
324 535 486 600 potuit
522 534 716 600 quando
758 543 834 584 est
871 535 993 584 deus
1035 535 1251 584 creditus
1290 535 1544 585 Romulus,
1819 544 1844 584 5

761 722 958 777 CAPUT
992 723 1115 777 VII.

150 831 296 890 Quod
331 835 388 879 ut
423 832 639 880 mundus
678 832 729 880 in
776 831 1026 880 Christum
1066 833 1315 892 crederet,
1355 833 1555 880 virtutis
1589 830 1754 892 fuerit

422 905 644 967 divinae,
684 919 783 955 non
815 907 1166 968 persuasionis
1203 907 1469 955 humanae.

253 1007 351 1056 Sed
396 1007 533 1056 valde
581 1007 845 1057 ridiculum
892 1015 969 1057 est
1018 1007 1078 1057 de
1119 1008 1316 1058 Romuli
1362 1008 1480 1057 falsa
1520 1008 1787 1074 divinitate,

104 1097 217 1132 cum
256 1082 316 1130 de
357 1081 552 1130 Christo
591 1081 861 1148 loquimur,
902 1083 1063 1131 facere
1104 1084 1419 1132 mentionem.
1496 1081 1678 1130 Verum
1718 1090 1787 1130 ta·
1823 1090 1876 1131 10

103 1171 216 1205 men
257 1171 370 1205 cum
410 1157 650 1204 sescentis
689 1156 844 1205 ferme
885 1157 1025 1204 annis
1065 1163 1176 1205 ante
1219 1156 1508 1206 Ciceronem
1547 1155 1788 1205 Romulus

102 1231 254 1279 suerit
304 1236 451 1294 atque
500 1229 582 1278 illa
636 1236 770 1279 aetas
817 1232 913 1278 iam
963 1230 1117 1279 fuisse
1176 1230 1414 1279 doctrinis
1464 1230 1656 1279 dicatur
1707 1246 1786 1278 ex-

103 1303 255 1370 culta,
301 1310 357 1353 ut
403 1302 535 1367 quod
586 1304 694 1352 fieri
740 1319 837 1352 non
886 1310 1052 1368 potest
1090 1319 1234 1353 omne
1275 1311 1557 1368 respueret:
1606 1311 1788 1367 quanto

102 1379 257 1442 magis
317 1385 431 1442 post
491 1384 745 1427 sescentos
807 1393 961 1426 annos
1029 1379 1186 1442 ipsius
1250 1385 1471 1443 tempore
1534 1377 1788 1426 Ciceronis

103 1453 410 1516 maximeque
449 1458 620 1516 postea
659 1451 752 1501 sub
791 1452 1014 1516 Augusto
1053 1458 1201 1516 atque
1242 1451 1465 1517 Tiberio,
1506 1451 1785 1500 eruditiori-
1822 1459 1876 1499 15

102 1525 195 1575 bus
227 1527 399 1590 utique
431 1524 754 1591 temporibuS,
786 1527 1206 1575 resurrectionem
1238 1528 1401 1575 carnis
1427 1524 1610 1574 Christi
1641 1532 1786 1588 atque

102 1602 153 1648 in
186 1598 376 1648 caelum
407 1601 761 1665 ascensionem,
800 1607 1049 1664 tamquam
1081 1599 1130 1648 id
1163 1599 1294 1664 quod
1326 1600 1434 1648 fieri
1473 1615 1572 1648 non
1610 1606 1789 1664 potest,

105 1688 242 1722 mens
296 1672 509 1722 humana
558 1673 690 1722 ferre
742 1688 840 1721 11011
891 1680 1060 1737 posset
1119 1673 1422 1737 eludensque
1475 1672 1534 1721 ab
1585 1671 1788 1722 auribus

103 1746 434 1810 cordibusque
468 1754 742 1812 respueret,
772 1748 868 1795 nisi
900 1762 1007 1795 eam
1041 1748 1148 1796 fieri
1178 1749 1400 1812 potuisse
1433 1753 1578 1810 atque
1612 1747 1789 1795 factam

105 1835 212 1869 esse
246 1820 474 1869 divinitas
505 1822 662 1885 ipsius
694 1822 916 1870 veritatis
947 1820 1023 1869 vel
1062 1821 1329 1870 divinitatis
1369 1822 1548 1869 veritas
1588 1827 1638 1869 et
1677 1835 1790 1869 con-
1823 1829 1878 1869 20

103 1896 332 1943 testantia
380 1894 732 1944 miraculorum
784 1896 919 1959 signa
970 1902 1326 1960 monstrarent3
1380 1901 1436 1943 ut
1487 1893 1790 1943 terrentibus

102 1976 153 2017 et
191 1967 644 2018 contradicentibus
675 1976 775 2017 tam
814 1968 982 2017 multis
1021 1976 1219 2053 tamque
1260 1969 1447 2032 magnis
1486 1969 1789 2032 persecutio-

103 2040 250 2090 nibus
287 2042 591 2106 praecedens
629 2043 678 2090 in
721 2041 940 2108 Christo,
980 2041 1157 2091 deinde
1197 2044 1248 2091 in
1289 2043 1469 2090 ceteris
1508 2041 1568 2090 ad
1607 2056 1789 2090 novum

105 2114 356 2164 saeculum
406 2122 638 2164 secutura
687 2117 990 2164 resurrectio
1045 2123 1191 2180 atque
1245 2113 1570 2164 inmortalitas
1625 2116 1788 2163 carnis

104 2196 154 2237 et
191 2188 473 2238 fidelissime
506 2189 795 2238 crederetur
830 2195 880 2238 et
917 2189 1173 2254 praedlcal
1177 2196 1288 2238 etur
1326 2187 1571 2252 intrepide
1612 2195 1662 2237 et
1699 2203 1788 2253 per
1821 2196 1876 2236 25

104 2261 276 2311 orbem
322 2270 484 2311 terrae
533 2262 832 2327 pullulatura
883 2262 1144 2312 fecundius
1193 2278 1307 2312 cum
1356 2269 1630 2326 martyrum
1680 2276 1788 2310 san-

104 2337 252 2399 guine
285 2343 551 2386 sereretur.
627 2335 940 2400 Legebantur
973 2339 1104 2386 enim
1143 2338 1406 2401 praeconia
1444 2335 1789 2400 praecedentia

105 2409 479 2475 prophetarum,
530 2409 893 2460 concurrebant
938 2417 1131 2459 ostenta
1178 2412 1442 2475 virtutum,
1494 2416 1543 2457 et
1587 2423 1788 2473 persua-

106 2482 313 2531 debatur
363 2484 544 2532 veritas
591 2498 715 2532 nova
754 2484 1125 2549 consuetudini,
1171 2499 1270 2532 non
1311 2484 1556 2532 contraria
1594 2483 1788 2546 rationi,

105 2556 262 2605 donec
311 2555 445 2604 orbis
493 2563 683 2636 terrae,
737 2559 821 2620 qui
866 2523 1259 2621 persequebatur
1308 2557 1503 2621 furore,
1556 2569 1786 2619 sequere·
1820 2563 1877 2603 30

103 2636 186 2678 tur
225 2629 333 2678 fide.
