<?xml version="1.0" encoding="UTF-8"?>
<!DOCTYPE html PUBLIC "-//W3C//DTD XHTML 1.0 Transitional//EN"
    "http://www.w3.org/TR/xhtml1/DTD/xhtml1-transitional.dtd">
<html xmlns="http://www.w3.org/1999/xhtml" xml:lang="en" lang="en">
 <head>
  <title>
</title>
<meta http-equiv="Content-Type" content="text/html;charset=utf-8" />
  <meta name='ocr-system' content='tesseract 3.04.00' />
  <meta name='ocr-capabilities' content='ocr_page ocr_carea ocr_par ocr_line ocrx_word'/>
</head>
<body>
  <div class='ocr_page' id='page_1' title='image "./decivitatedeilib02auguuoft_0341.png"; bbox 0 0 2004 3140; ppageno 0'>
   <div class='ocr_carea' id='block_1_1' title="bbox 538 106 1787 159">
    <p class='ocr_par' dir='ltr' id='par_1_1' title="bbox 538 106 1787 159">
     <span class='ocr_line' id='line_1_1' title="bbox 538 106 1787 159; baseline -0.002 -8"><span class='ocrx_word' id='word_1_1' title='bbox 538 120 604 152; x_wconf 81' lang='lat' dir='ltr'>DE</span> <span class='ocrx_word' id='word_1_2' title='bbox 629 117 864 152; x_wconf 67' lang='lat' dir='ltr'>c1V1&#39;rA&#39;rE</span> <span class='ocrx_word' id='word_1_3' title='bbox 889 119 978 150; x_wconf 83' lang='lat' dir='ltr'>DEI</span> <span class='ocrx_word' id='word_1_4' title='bbox 1000 119 1042 151; x_wconf 82' lang='lat' dir='ltr'>L.</span> <span class='ocrx_word' id='word_1_5' title='bbox 1067 119 1209 151; x_wconf 82' lang='lat' dir='ltr'>xvm.</span> <span class='ocrx_word' id='word_1_6' title='bbox 1236 117 1272 151; x_wconf 84' lang='lat' dir='ltr'>o.</span> <span class='ocrx_word' id='word_1_7' title='bbox 1298 119 1351 152; x_wconf 83' lang='lat'>51.</span> <span class='ocrx_word' id='word_1_8' title='bbox 1681 106 1787 159; x_wconf 74' lang='lat'>337</span> 
     </span>
    </p>
   </div>
   <div class='ocr_carea' id='block_1_2' title="bbox 96 229 1882 2580">
    <p class='ocr_par' dir='ltr' id='par_1_2' title="bbox 96 229 1882 2580">
     <span class='ocr_line' id='line_1_2' title="bbox 104 229 1790 298; baseline -0.002 -15"><span class='ocrx_word' id='word_1_9' title='bbox 104 235 241 283; x_wconf 85' lang='lat' dir='ltr'>intus</span> <span class='ocrx_word' id='word_1_10' title='bbox 280 234 467 298; x_wconf 88' lang='lat' dir='ltr'>positos</span> <span class='ocrx_word' id='word_1_11' title='bbox 506 232 582 297; x_wconf 84' lang='lat' dir='ltr'>fit,</span> <span class='ocrx_word' id='word_1_12' title='bbox 620 238 674 279; x_wconf 92' lang='lat' dir='ltr'>ut</span> <span class='ocrx_word' id='word_1_13' title='bbox 713 232 898 296; x_wconf 78' lang='lat' dir='ltr'>minuS,</span> <span class='ocrx_word' id='word_1_14' title='bbox 949 246 1095 296; x_wconf 88' lang='lat' dir='ltr'>quam</span> <span class='ocrx_word' id='word_1_15' title='bbox 1133 232 1328 296; x_wconf 90' lang='lat' dir='ltr'>piorum</span> <span class='ocrx_word' id='word_1_16' title='bbox 1368 238 1559 280; x_wconf 83' lang='lat' dir='ltr'><strong>mentes</strong></span> <span class='ocrx_word' id='word_1_17' title='bbox 1598 229 1790 280; x_wconf 90' lang='lat' dir='ltr'>deside-</span> 
     </span>
     <span class='ocr_line' id='line_1_3' title="bbox 103 303 1789 372; baseline -0.002 -16"><span class='ocrx_word' id='word_1_18' title='bbox 103 315 240 372; x_wconf 85' lang='lat' dir='ltr'>rant,</span> <span class='ocrx_word' id='word_1_19' title='bbox 294 306 536 370; x_wconf 80' lang='lat' dir='ltr'><strong>diligatur.</strong></span> <span class='ocrx_word' id='word_1_20' title='bbox 612 303 710 369; x_wconf 89' lang='lat' dir='ltr'>Ipsi</span> <span class='ocrx_word' id='word_1_21' title='bbox 766 319 961 369; x_wconf 85' lang='lat' dir='ltr'>quoque</span> <span class='ocrx_word' id='word_1_22' title='bbox 1017 304 1278 370; x_wconf 84' lang='lat' dir='ltr'>haeretici,</span> <span class='ocrx_word' id='word_1_23' title='bbox 1340 320 1454 354; x_wconf 89' lang='lat' dir='ltr'>cum</span> <span class='ocrx_word' id='word_1_24' title='bbox 1509 307 1789 369; x_wconf 79' lang='lat' dir='ltr'>cogitantur</span> 
     </span>
     <span class='ocr_line' id='line_1_4' title="bbox 100 377 1789 443; baseline -0.001 -14"><span class='ocrx_word' id='word_1_25' title='bbox 100 380 283 429; x_wconf 88' lang='lat' dir='ltr'>habere</span> <span class='ocrx_word' id='word_1_26' title='bbox 332 393 511 428; x_wconf 90' lang='lat' dir='ltr'>nomen</span> <span class='ocrx_word' id='word_1_27' title='bbox 559 384 609 426; x_wconf 91' lang='lat' dir='ltr'>et</span> <span class='ocrx_word' id='word_1_28' title='bbox 654 385 960 427; x_wconf 87' lang='lat' dir='ltr'>sacramenta</span> <span class='ocrx_word' id='word_1_29' title='bbox 1007 377 1281 427; x_wconf 88' lang='lat' dir='ltr'>Christiana</span> <span class='ocrx_word' id='word_1_30' title='bbox 1330 385 1378 427; x_wconf 91' lang='lat' dir='ltr'>et</span> <span class='ocrx_word' id='word_1_31' title='bbox 1428 380 1698 443; x_wconf 88' lang='lat' dir='ltr'>scripturas</span> <span class='ocrx_word' id='word_1_32' title='bbox 1739 386 1789 427; x_wconf 90' lang='lat' dir='ltr'>et</span> 
     </span>
     <span class='ocr_line' id='line_1_5' title="bbox 102 452 1787 519; baseline -0.001 -17"><span class='ocrx_word' id='word_1_33' title='bbox 102 454 483 519; x_wconf 82' lang='lat' dir='ltr'>professionem,</span> <span class='ocrx_word' id='word_1_34' title='bbox 530 466 761 516; x_wconf 86' lang='lat' dir='ltr'>magnum</span> <span class='ocrx_word' id='word_1_35' title='bbox 810 452 1030 501; x_wconf 88' lang='lat' dir='ltr'>dolorem</span> <span class='ocrx_word' id='word_1_36' title='bbox 1077 453 1264 500; x_wconf 85' lang='lat' dir='ltr'>faciunt</span> <span class='ocrx_word' id='word_1_37' title='bbox 1315 454 1365 500; x_wconf 92' lang='lat' dir='ltr'>in</span> <span class='ocrx_word' id='word_1_38' title='bbox 1413 452 1645 502; x_wconf 82' lang='lat' dir='ltr'>cordibus</span> <span class='ocrx_word' id='word_1_39' title='bbox 1684 454 1787 517; x_wconf 92' lang='lat' dir='ltr'>pio·</span> 
     </span>
     <span class='ocr_line' id='line_1_6' title="bbox 101 525 1843 592; baseline -0.001 -17"><span class='ocrx_word' id='word_1_40' title='bbox 101 541 234 592; x_wconf 80' lang='lat' dir='ltr'>rum3</span> <span class='ocrx_word' id='word_1_41' title='bbox 275 527 388 591; x_wconf 89' lang='lat' dir='ltr'>quia</span> <span class='ocrx_word' id='word_1_42' title='bbox 421 533 470 576; x_wconf 92' lang='lat' dir='ltr'>et</span> <span class='ocrx_word' id='word_1_43' title='bbox 502 525 642 575; x_wconf 87' lang='lat' dir='ltr'>multi</span> <span class='ocrx_word' id='word_1_44' title='bbox 673 525 891 574; x_wconf 92' lang='lat' dir='ltr'>volentes</span> <span class='ocrx_word' id='word_1_45' title='bbox 924 541 1034 574; x_wconf 90' lang='lat' dir='ltr'>esse</span> <span class='ocrx_word' id='word_1_46' title='bbox 1068 525 1333 574; x_wconf 79' lang='lat' dir='ltr'>Christiani</span> <span class='ocrx_word' id='word_1_47' title='bbox 1368 533 1572 590; x_wconf 85' lang='lat' dir='ltr'>propter</span> <span class='ocrx_word' id='word_1_48' title='bbox 1612 541 1784 575; x_wconf 90' lang='lat' dir='ltr'>eorum</span> <span class='ocrx_word' id='word_1_49' title='bbox 1817 534 1843 574; x_wconf 89' lang='lat'>5</span> 
     </span>
     <span class='ocr_line' id='line_1_7' title="bbox 96 599 1788 663; baseline 0 -15"><span class='ocrx_word' id='word_1_50' title='bbox 96 599 434 649; x_wconf 78' lang='lat' dir='ltr'>dissensiones</span> <span class='ocrx_word' id='word_1_51' title='bbox 484 599 727 648; x_wconf 79' lang='lat' dir='ltr'>haesitare</span> <span class='ocrx_word' id='word_1_52' title='bbox 779 607 1024 663; x_wconf 85' lang='lat' dir='ltr'>coguntur</span> <span class='ocrx_word' id='word_1_53' title='bbox 1082 606 1131 648; x_wconf 90' lang='lat' dir='ltr'>et</span> <span class='ocrx_word' id='word_1_54' title='bbox 1180 599 1322 648; x_wconf 87' lang='lat' dir='ltr'>multi</span> <span class='ocrx_word' id='word_1_55' title='bbox 1361 599 1586 648; x_wconf 87' lang='lat' dir='ltr'>maledici</span> <span class='ocrx_word' id='word_1_56' title='bbox 1642 602 1788 648; x_wconf 83' lang='lat' dir='ltr'>etiam</span> 
     </span>
     <span class='ocr_line' id='line_1_8' title="bbox 99 672 1788 739; baseline -0.001 -17"><span class='ocrx_word' id='word_1_57' title='bbox 99 675 152 722; x_wconf 91' lang='lat' dir='ltr'>in</span> <span class='ocrx_word' id='word_1_58' title='bbox 176 673 252 722; x_wconf 92' lang='lat' dir='ltr'>his</span> <span class='ocrx_word' id='word_1_59' title='bbox 278 675 535 722; x_wconf 89' lang='lat' dir='ltr'>inveniunt</span> <span class='ocrx_word' id='word_1_60' title='bbox 559 675 814 722; x_wconf 81' lang='lat' dir='ltr'>materiam</span> <span class='ocrx_word' id='word_1_61' title='bbox 838 673 1207 738; x_wconf 89' lang='lat' dir='ltr'>blasphemandi</span> <span class='ocrx_word' id='word_1_62' title='bbox 1234 672 1566 722; x_wconf 88' lang='lat' dir='ltr'>Christianum</span> <span class='ocrx_word' id='word_1_63' title='bbox 1593 688 1788 739; x_wconf 85' lang='lat' dir='ltr'>nomen,</span> 
     </span>
     <span class='ocr_line' id='line_1_9' title="bbox 100 746 1786 812; baseline -0.001 -16"><span class='ocrx_word' id='word_1_64' title='bbox 100 749 215 812; x_wconf 87' lang='lat' dir='ltr'>quia</span> <span class='ocrx_word' id='word_1_65' title='bbox 254 754 304 796; x_wconf 88' lang='lat' dir='ltr'>et</span> <span class='ocrx_word' id='word_1_66' title='bbox 342 749 438 812; x_wconf 93' lang='lat' dir='ltr'>ipsi</span> <span class='ocrx_word' id='word_1_67' title='bbox 469 762 668 812; x_wconf 87' lang='lat' dir='ltr'>quoquo</span> <span class='ocrx_word' id='word_1_68' title='bbox 709 747 854 796; x_wconf 88' lang='lat' dir='ltr'>modo</span> <span class='ocrx_word' id='word_1_69' title='bbox 888 746 1153 796; x_wconf 82' lang='lat' dir='ltr'>Christiani</span> <span class='ocrx_word' id='word_1_70' title='bbox 1192 746 1513 811; x_wconf 88' lang='lat' dir='ltr'>appellantur.</span> <span class='ocrx_word' id='word_1_71' title='bbox 1591 746 1678 795; x_wconf 90' lang='lat' dir='ltr'>His</span> <span class='ocrx_word' id='word_1_72' title='bbox 1718 754 1786 796; x_wconf 89' lang='lat' dir='ltr'>at-</span> 
     </span>
     <span class='ocr_line' id='line_1_10' title="bbox 97 819 1788 886; baseline 0 -16"><span class='ocrx_word' id='word_1_73' title='bbox 97 836 196 886; x_wconf 89' lang='lat' dir='ltr'>que</span> <span class='ocrx_word' id='word_1_74' title='bbox 251 820 399 870; x_wconf 91' lang='lat' dir='ltr'>huius</span> <span class='ocrx_word' id='word_1_75' title='bbox 455 821 586 870; x_wconf 88' lang='lat' dir='ltr'>modi</span> <span class='ocrx_word' id='word_1_76' title='bbox 639 823 801 886; x_wconf 90' lang='lat' dir='ltr'>pravis</span> <span class='ocrx_word' id='word_1_77' title='bbox 857 820 1078 869; x_wconf 88' lang='lat' dir='ltr'>moribus</span> <span class='ocrx_word' id='word_1_78' title='bbox 1128 827 1177 870; x_wconf 91' lang='lat' dir='ltr'>et</span> <span class='ocrx_word' id='word_1_79' title='bbox 1228 819 1483 870; x_wconf 89' lang='lat' dir='ltr'>erroribus</span> <span class='ocrx_word' id='word_1_80' title='bbox 1530 820 1788 870; x_wconf 88' lang='lat' dir='ltr'>hominum</span> 
     </span>
     <span class='ocr_line' id='line_1_11' title="bbox 100 893 1877 960; baseline -0.001 -16"><span class='ocrx_word' id='word_1_81' title='bbox 100 897 498 959; x_wconf 83' lang='lat' dir='ltr'>persecutionem</span> <span class='ocrx_word' id='word_1_82' title='bbox 529 897 799 959; x_wconf 88' lang='lat' dir='ltr'>patiuntur,</span> <span class='ocrx_word' id='word_1_83' title='bbox 839 896 924 959; x_wconf 93' lang='lat' dir='ltr'>qui</span> <span class='ocrx_word' id='word_1_84' title='bbox 962 894 1132 944; x_wconf 89' lang='lat' dir='ltr'>volunt</span> <span class='ocrx_word' id='word_1_85' title='bbox 1169 896 1220 943; x_wconf 92' lang='lat' dir='ltr'>in</span> <span class='ocrx_word' id='word_1_86' title='bbox 1254 893 1449 944; x_wconf 90' lang='lat' dir='ltr'>Christo</span> <span class='ocrx_word' id='word_1_87' title='bbox 1488 895 1568 959; x_wconf 91' lang='lat' dir='ltr'>pie</span> <span class='ocrx_word' id='word_1_88' title='bbox 1607 896 1787 960; x_wconf 84' lang='lat' dir='ltr'>vivere,</span> <span class='ocrx_word' id='word_1_89' title='bbox 1823 904 1877 943; x_wconf 90' lang='lat'>10</span> 
     </span>
     <span class='ocr_line' id='line_1_12' title="bbox 100 968 1787 1033; baseline 0 -16"><span class='ocrx_word' id='word_1_90' title='bbox 100 970 249 1018; x_wconf 88' lang='lat' dir='ltr'>etiam</span> <span class='ocrx_word' id='word_1_91' title='bbox 310 968 444 1018; x_wconf 91' lang='lat' dir='ltr'>nullo</span> <span class='ocrx_word' id='word_1_92' title='bbox 507 969 771 1017; x_wconf 85' lang='lat' dir='ltr'>infestante</span> <span class='ocrx_word' id='word_1_93' title='bbox 833 983 994 1033; x_wconf 90' lang='lat' dir='ltr'>neque</span> <span class='ocrx_word' id='word_1_94' title='bbox 1065 975 1268 1018; x_wconf 88' lang='lat' dir='ltr'>vexante</span> <span class='ocrx_word' id='word_1_95' title='bbox 1332 983 1514 1033; x_wconf 90' lang='lat' dir='ltr'>corpus</span> <span class='ocrx_word' id='word_1_96' title='bbox 1575 968 1787 1018; x_wconf 88' lang='lat' dir='ltr'>illorum.</span> 
     </span>
     <span class='ocr_line' id='line_1_13' title="bbox 101 1041 1787 1107; baseline 0 -16"><span class='ocrx_word' id='word_1_97' title='bbox 101 1041 364 1092; x_wconf 86' lang='lat' dir='ltr'>Patiuntur</span> <span class='ocrx_word' id='word_1_98' title='bbox 411 1044 591 1107; x_wconf 91' lang='lat' dir='ltr'>quippe</span> <span class='ocrx_word' id='word_1_99' title='bbox 639 1042 763 1091; x_wconf 89' lang='lat' dir='ltr'>hanc</span> <span class='ocrx_word' id='word_1_100' title='bbox 810 1043 1211 1106; x_wconf 82' lang='lat' dir='ltr'>persecutionem</span> <span class='ocrx_word' id='word_1_101' title='bbox 1250 1057 1350 1090; x_wconf 91' lang='lat' dir='ltr'>non</span> <span class='ocrx_word' id='word_1_102' title='bbox 1389 1044 1439 1091; x_wconf 92' lang='lat' dir='ltr'>in</span> <span class='ocrx_word' id='word_1_103' title='bbox 1481 1041 1787 1107; x_wconf 83' lang='lat' dir='ltr'>corporibuS,</span> 
     </span>
     <span class='ocr_line' id='line_1_14' title="bbox 98 1115 1786 1167; baseline 0 -2"><span class='ocrx_word' id='word_1_104' title='bbox 98 1115 189 1165; x_wconf 88' lang='lat' dir='ltr'>sed</span> <span class='ocrx_word' id='word_1_105' title='bbox 236 1117 286 1165; x_wconf 94' lang='lat' dir='ltr'>in</span> <span class='ocrx_word' id='word_1_106' title='bbox 336 1115 581 1165; x_wconf 83' lang='lat' dir='ltr'>cordibus,</span> <span class='ocrx_word' id='word_1_107' title='bbox 622 1164 626 1167; x_wconf 81' lang='grc'><strong>,</strong></span> <span class='ocrx_word' id='word_1_108' title='bbox 659 1115 797 1164; x_wconf 92' lang='lat' dir='ltr'>Unde</span> <span class='ocrx_word' id='word_1_109' title='bbox 837 1115 918 1164; x_wconf 92' lang='lat' dir='ltr'>illa</span> <span class='ocrx_word' id='word_1_110' title='bbox 958 1131 1051 1164; x_wconf 85' lang='lat' dir='ltr'>vox</span> <span class='ocrx_word' id='word_1_111' title='bbox 1091 1123 1186 1165; x_wconf 89' lang='lat' dir='ltr'>est:</span> <span class='ocrx_word' id='word_1_112' title='bbox 1238 1116 1527 1166; x_wconf 81' lang='lat' dir='ltr'>Secundum</span> <span class='ocrx_word' id='word_1_113' title='bbox 1567 1119 1786 1165; x_wconf 80' lang='lat' dir='ltr'>multitu-</span> 
     </span>
     <span class='ocr_line' id='line_1_15' title="bbox 99 1189 1788 1240; baseline 0 -1"><span class='ocrx_word' id='word_1_114' title='bbox 99 1191 270 1239; x_wconf 80' lang='lat' dir='ltr'>dinem</span> <span class='ocrx_word' id='word_1_115' title='bbox 316 1192 545 1239; x_wconf 82' lang='lat' dir='ltr'>dolorum</span> <span class='ocrx_word' id='word_1_116' title='bbox 593 1204 816 1239; x_wconf 81' lang='lat' dir='ltr'>meorum</span> <span class='ocrx_word' id='word_1_117' title='bbox 862 1192 914 1238; x_wconf 88' lang='lat' dir='ltr'>in</span> <span class='ocrx_word' id='word_1_118' title='bbox 962 1191 1119 1239; x_wconf 81' lang='lat' dir='ltr'>corde</span> <span class='ocrx_word' id='word_1_119' title='bbox 1165 1203 1286 1240; x_wconf 82' lang='lat' dir='ltr'>meo.</span> <span class='ocrx_word' id='word_1_120' title='bbox 1363 1189 1471 1238; x_wconf 90' lang='lat' dir='ltr'>Non</span> <span class='ocrx_word' id='word_1_121' title='bbox 1519 1191 1651 1238; x_wconf 91' lang='lat' dir='ltr'>enim</span> <span class='ocrx_word' id='word_1_122' title='bbox 1699 1191 1788 1239; x_wconf 86' lang='lat' dir='ltr'>ait:</span> 
     </span>
     <span class='ocr_line' id='line_1_16' title="bbox 99 1258 1879 1329; baseline 0.001 -18"><span class='ocrx_word' id='word_1_123' title='bbox 99 1263 193 1329; x_wconf 81' lang='lat' dir='ltr'>„In</span> <span class='ocrx_word' id='word_1_124' title='bbox 242 1278 450 1328; x_wconf 89' lang='lat' dir='ltr'>corpore</span> <span class='ocrx_word' id='word_1_125' title='bbox 498 1258 662 1313; x_wconf 84' lang='lat' dir='ltr'>me0.“</span> <span class='ocrx_word' id='word_1_126' title='bbox 739 1262 835 1312; x_wconf 88' lang='lat' dir='ltr'>Sed</span> <span class='ocrx_word' id='word_1_127' title='bbox 883 1278 1059 1312; x_wconf 88' lang='lat' dir='ltr'>rursus</span> <span class='ocrx_word' id='word_1_128' title='bbox 1110 1265 1341 1327; x_wconf 85' lang='lat' dir='ltr'>quoniam</span> <span class='ocrx_word' id='word_1_129' title='bbox 1389 1264 1667 1328; x_wconf 83' lang='lat' dir='ltr'>cogitantur</span> <span class='ocrx_word' id='word_1_130' title='bbox 1714 1265 1786 1312; x_wconf 92' lang='lat' dir='ltr'>in-</span> <span class='ocrx_word' id='word_1_131' title='bbox 1826 1272 1879 1312; x_wconf 86' lang='lat'>15</span> 
     </span>
     <span class='ocr_line' id='line_1_17' title="bbox 102 1336 1794 1403; baseline 0 -17"><span class='ocrx_word' id='word_1_132' title='bbox 102 1336 354 1386; x_wconf 89' lang='lat' dir='ltr'>mutabilia</span> <span class='ocrx_word' id='word_1_133' title='bbox 400 1336 563 1386; x_wconf 89' lang='lat' dir='ltr'>divina</span> <span class='ocrx_word' id='word_1_134' title='bbox 608 1338 876 1403; x_wconf 84' lang='lat' dir='ltr'>promissa,</span> <span class='ocrx_word' id='word_1_135' title='bbox 929 1343 978 1386; x_wconf 87' lang='lat' dir='ltr'>et</span> <span class='ocrx_word' id='word_1_136' title='bbox 1024 1337 1155 1401; x_wconf 89' lang='lat' dir='ltr'>quod</span> <span class='ocrx_word' id='word_1_137' title='bbox 1204 1339 1270 1386; x_wconf 86' lang='lat' dir='ltr'>ait</span> <span class='ocrx_word' id='word_1_138' title='bbox 1316 1337 1588 1402; x_wconf 88' lang='lat' dir='ltr'>apostolus:</span> <span class='ocrx_word' id='word_1_139' title='bbox 1645 1339 1794 1387; x_wconf 81' lang='lat' dir='ltr'>Novit</span> 
     </span>
     <span class='ocr_line' id='line_1_18' title="bbox 102 1405 1789 1478; baseline 0.001 -18"><span class='ocrx_word' id='word_1_140' title='bbox 102 1412 347 1461; x_wconf 82' lang='lat' dir='ltr'>Dominus</span> <span class='ocrx_word' id='word_1_141' title='bbox 394 1414 484 1472; x_wconf 80' lang='lat' dir='ltr'>qui</span> <span class='ocrx_word' id='word_1_142' title='bbox 526 1417 645 1460; x_wconf 80' lang='lat' dir='ltr'>sunt</span> <span class='ocrx_word' id='word_1_143' title='bbox 690 1413 797 1461; x_wconf 83' lang='lat' dir='ltr'>eius</span> <span class='ocrx_word' id='word_1_144' title='bbox 853 1405 1001 1478; x_wconf 79' lang='lat' dir='ltr'>(quos</span> <span class='ocrx_word' id='word_1_145' title='bbox 1048 1414 1179 1460; x_wconf 84' lang='lat' dir='ltr'>enim</span> <span class='ocrx_word' id='word_1_146' title='bbox 1221 1414 1503 1474; x_wconf 73' lang='lat' dir='ltr'>praescivit</span> <span class='ocrx_word' id='word_1_147' title='bbox 1547 1417 1596 1461; x_wconf 76' lang='lat' dir='ltr'>et</span> <span class='ocrx_word' id='word_1_148' title='bbox 1635 1427 1789 1474; x_wconf 79' lang='lat' dir='ltr'>prae-</span> 
     </span>
     <span class='ocr_line' id='line_1_19' title="bbox 101 1484 1792 1550; baseline 0 -16"><span class='ocrx_word' id='word_1_149' title='bbox 101 1487 375 1534; x_wconf 75' lang='lat' dir='ltr'>destinavit</span> <span class='ocrx_word' id='word_1_150' title='bbox 414 1484 698 1546; x_wconf 81' lang='lat' dir='ltr'>conformes</span> <span class='ocrx_word' id='word_1_151' title='bbox 731 1487 967 1546; x_wconf 70' lang='lat' dir='ltr'>imaqinis</span> <span class='ocrx_word' id='word_1_152' title='bbox 1000 1487 1101 1544; x_wconf 80' lang='lat' dir='ltr'>filii</span> <span class='ocrx_word' id='word_1_153' title='bbox 1136 1488 1230 1546; x_wconf 82' lang='lat' dir='ltr'>sui,</span> <span class='ocrx_word' id='word_1_154' title='bbox 1271 1501 1330 1534; x_wconf 87' lang='lat' dir='ltr'>ex</span> <span class='ocrx_word' id='word_1_155' title='bbox 1372 1486 1441 1534; x_wconf 90' lang='lat' dir='ltr'>eis</span> <span class='ocrx_word' id='word_1_156' title='bbox 1481 1487 1645 1550; x_wconf 91' lang='lat' dir='ltr'>perire</span> <span class='ocrx_word' id='word_1_157' title='bbox 1686 1485 1792 1534; x_wconf 92' lang='lat' dir='ltr'>nul-</span> 
     </span>
     <span class='ocr_line' id='line_1_20' title="bbox 102 1553 1792 1626; baseline 0.001 -19"><span class='ocrx_word' id='word_1_158' title='bbox 102 1558 180 1608; x_wconf 88' lang='lat' dir='ltr'>lus</span> <span class='ocrx_word' id='word_1_159' title='bbox 226 1553 442 1626; x_wconf 86' lang='lat' dir='ltr'>potest):</span> <span class='ocrx_word' id='word_1_160' title='bbox 489 1558 600 1608; x_wconf 90' lang='lat' dir='ltr'>ideo</span> <span class='ocrx_word' id='word_1_161' title='bbox 649 1560 875 1623; x_wconf 92' lang='lat' dir='ltr'>sequitur</span> <span class='ocrx_word' id='word_1_162' title='bbox 921 1560 972 1607; x_wconf 93' lang='lat' dir='ltr'>in</span> <span class='ocrx_word' id='word_1_163' title='bbox 1019 1558 1101 1607; x_wconf 92' lang='lat' dir='ltr'>illo</span> <span class='ocrx_word' id='word_1_164' title='bbox 1147 1559 1358 1624; x_wconf 87' lang='lat' dir='ltr'>psalmo:</span> <span class='ocrx_word' id='word_1_165' title='bbox 1420 1560 1792 1609; x_wconf 80' lang='lat' dir='ltr'>Consolationes</span> 
     </span>
     <span class='ocr_line' id='line_1_21' title="bbox 102 1632 1882 1699; baseline 0 -17"><span class='ocrx_word' id='word_1_166' title='bbox 102 1638 225 1682; x_wconf 81' lang='lat' dir='ltr'>tuae</span> <span class='ocrx_word' id='word_1_167' title='bbox 272 1634 683 1682; x_wconf 71' lang='lat' dir='ltr'>incandaverunt</span> <span class='ocrx_word' id='word_1_168' title='bbox 733 1635 954 1682; x_wconf 82' lang='lat' dir='ltr'>animam</span> <span class='ocrx_word' id='word_1_169' title='bbox 1006 1647 1180 1682; x_wconf 82' lang='lat' dir='ltr'>meam.</span> <span class='ocrx_word' id='word_1_170' title='bbox 1257 1632 1406 1681; x_wconf 90' lang='lat' dir='ltr'>Dolor</span> <span class='ocrx_word' id='word_1_171' title='bbox 1457 1639 1619 1682; x_wconf 90' lang='lat' dir='ltr'>autem</span> <span class='ocrx_word' id='word_1_172' title='bbox 1670 1636 1792 1699; x_wconf 88' lang='lat' dir='ltr'>ipse,</span> <span class='ocrx_word' id='word_1_173' title='bbox 1825 1641 1882 1682; x_wconf 81' lang='grc'>20</span> 
     </span>
     <span class='ocr_line' id='line_1_22' title="bbox 104 1705 1791 1771; baseline -0.001 -16"><span class='ocrx_word' id='word_1_174' title='bbox 104 1707 193 1770; x_wconf 85' lang='lat' dir='ltr'>qui</span> <span class='ocrx_word' id='word_1_175' title='bbox 247 1706 301 1754; x_wconf 90' lang='lat' dir='ltr'>fit</span> <span class='ocrx_word' id='word_1_176' title='bbox 355 1707 406 1754; x_wconf 90' lang='lat' dir='ltr'>in</span> <span class='ocrx_word' id='word_1_177' title='bbox 462 1705 694 1755; x_wconf 86' lang='lat' dir='ltr'>cordibus</span> <span class='ocrx_word' id='word_1_178' title='bbox 748 1707 968 1771; x_wconf 85' lang='lat' dir='ltr'>piorum,</span> <span class='ocrx_word' id='word_1_179' title='bbox 1024 1721 1148 1771; x_wconf 89' lang='lat' dir='ltr'>quos</span> <span class='ocrx_word' id='word_1_180' title='bbox 1201 1713 1574 1771; x_wconf 88' lang='lat' dir='ltr'>persequuntur</span> <span class='ocrx_word' id='word_1_181' title='bbox 1628 1721 1791 1755; x_wconf 89' lang='lat' dir='ltr'>mores</span> 
     </span>
     <span class='ocr_line' id='line_1_23' title="bbox 106 1778 1792 1845; baseline 0.001 -18"><span class='ocrx_word' id='word_1_182' title='bbox 106 1778 503 1828; x_wconf 88' lang='lat' dir='ltr'>Christianorum</span> <span class='ocrx_word' id='word_1_183' title='bbox 542 1779 783 1828; x_wconf 89' lang='lat' dir='ltr'>malorum</span> <span class='ocrx_word' id='word_1_184' title='bbox 823 1781 924 1828; x_wconf 90' lang='lat' dir='ltr'>sive</span> <span class='ocrx_word' id='word_1_185' title='bbox 965 1779 1216 1845; x_wconf 86' lang='lat' dir='ltr'>falsorum,</span> <span class='ocrx_word' id='word_1_186' title='bbox 1253 1780 1458 1844; x_wconf 89' lang='lat' dir='ltr'>prodest</span> <span class='ocrx_word' id='word_1_187' title='bbox 1497 1779 1792 1845; x_wconf 79' lang='lat' dir='ltr'>dolentibuS,</span> 
     </span>
     <span class='ocr_line' id='line_1_24' title="bbox 102 1852 1791 1919; baseline 0.001 -19"><span class='ocrx_word' id='word_1_188' title='bbox 102 1854 337 1917; x_wconf 88' lang='lat' dir='ltr'>quoniam</span> <span class='ocrx_word' id='word_1_189' title='bbox 377 1852 438 1900; x_wconf 91' lang='lat' dir='ltr'>de</span> <span class='ocrx_word' id='word_1_190' title='bbox 479 1854 679 1902; x_wconf 85' lang='lat' dir='ltr'>caritate</span> <span class='ocrx_word' id='word_1_191' title='bbox 714 1852 984 1919; x_wconf 86' lang='lat' dir='ltr'>descendit,</span> <span class='ocrx_word' id='word_1_192' title='bbox 1023 1868 1118 1918; x_wconf 89' lang='lat' dir='ltr'>qua</span> <span class='ocrx_word' id='word_1_193' title='bbox 1159 1868 1242 1902; x_wconf 90' lang='lat' dir='ltr'>eos</span> <span class='ocrx_word' id='word_1_194' title='bbox 1281 1854 1445 1918; x_wconf 90' lang='lat' dir='ltr'>perire</span> <span class='ocrx_word' id='word_1_195' title='bbox 1487 1853 1660 1902; x_wconf 92' lang='lat' dir='ltr'>nolunt</span> <span class='ocrx_word' id='word_1_196' title='bbox 1699 1868 1791 1902; x_wconf 91' lang='lat' dir='ltr'>nec</span> 
     </span>
     <span class='ocr_line' id='line_1_25' title="bbox 104 1923 1792 1992; baseline 0 -17"><span class='ocrx_word' id='word_1_197' title='bbox 104 1925 343 1990; x_wconf 88' lang='lat' dir='ltr'>impedire</span> <span class='ocrx_word' id='word_1_198' title='bbox 384 1925 592 1975; x_wconf 91' lang='lat' dir='ltr'>aliorum</span> <span class='ocrx_word' id='word_1_199' title='bbox 626 1923 847 1975; x_wconf 78' lang='lat' dir='ltr'>salutem.</span> <span class='ocrx_word' id='word_1_200' title='bbox 925 1925 1146 1991; x_wconf 89' lang='lat' dir='ltr'>Denique</span> <span class='ocrx_word' id='word_1_201' title='bbox 1189 1941 1390 1992; x_wconf 86' lang='lat' dir='ltr'>magnae</span> <span class='ocrx_word' id='word_1_202' title='bbox 1431 1926 1792 1976; x_wconf 87' lang='lat' dir='ltr'>consolationes</span> 
     </span>
     <span class='ocr_line' id='line_1_26' title="bbox 104 1998 1880 2067; baseline 0 -19"><span class='ocrx_word' id='word_1_203' title='bbox 104 2000 230 2048; x_wconf 85' lang='lat' dir='ltr'>fiunt</span> <span class='ocrx_word' id='word_1_204' title='bbox 270 2001 418 2049; x_wconf 91' lang='lat' dir='ltr'>etiam</span> <span class='ocrx_word' id='word_1_205' title='bbox 449 1999 508 2048; x_wconf 92' lang='lat' dir='ltr'>de</span> <span class='ocrx_word' id='word_1_206' title='bbox 542 1998 935 2049; x_wconf 89' lang='lat' dir='ltr'>correctionibus</span> <span class='ocrx_word' id='word_1_207' title='bbox 977 2016 1165 2067; x_wconf 77' lang='lat' dir='ltr'>eorum,</span> <span class='ocrx_word' id='word_1_208' title='bbox 1207 2016 1329 2065; x_wconf 89' lang='lat' dir='ltr'>quae</span> <span class='ocrx_word' id='word_1_209' title='bbox 1369 2002 1566 2065; x_wconf 89' lang='lat' dir='ltr'>piorum</span> <span class='ocrx_word' id='word_1_210' title='bbox 1606 2002 1791 2050; x_wconf 89' lang='lat' dir='ltr'>animas</span> <span class='ocrx_word' id='word_1_211' title='bbox 1825 2008 1880 2048; x_wconf 81' lang='lat'>25</span> 
     </span>
     <span class='ocr_line' id='line_1_27' title="bbox 106 2073 1792 2141; baseline 0.001 -19"><span class='ocrx_word' id='word_1_212' title='bbox 106 2079 243 2123; x_wconf 86' lang='lat' dir='ltr'>tanta</span> <span class='ocrx_word' id='word_1_213' title='bbox 296 2073 601 2123; x_wconf 88' lang='lat' dir='ltr'>iucunditate</span> <span class='ocrx_word' id='word_1_214' title='bbox 656 2073 985 2141; x_wconf 79' lang='lat' dir='ltr'>perfundunt,</span> <span class='ocrx_word' id='word_1_215' title='bbox 1040 2076 1235 2139; x_wconf 84' lang='lat' dir='ltr'>quantis</span> <span class='ocrx_word' id='word_1_216' title='bbox 1286 2073 1540 2123; x_wconf 88' lang='lat' dir='ltr'>doloribus</span> <span class='ocrx_word' id='word_1_217' title='bbox 1592 2074 1651 2123; x_wconf 91' lang='lat' dir='ltr'>de</span> <span class='ocrx_word' id='word_1_218' title='bbox 1704 2089 1792 2123; x_wconf 89' lang='lat' dir='ltr'>sua</span> 
     </span>
     <span class='ocr_line' id='line_1_28' title="bbox 104 2146 1790 2214; baseline 0 -18"><span class='ocrx_word' id='word_1_219' title='bbox 104 2146 383 2211; x_wconf 89' lang='lat' dir='ltr'>perditione</span> <span class='ocrx_word' id='word_1_220' title='bbox 432 2149 791 2197; x_wconf 85' lang='lat' dir='ltr'>cruciaverunt.</span> <span class='ocrx_word' id='word_1_221' title='bbox 871 2147 953 2196; x_wconf 87' lang='lat' dir='ltr'>Sic</span> <span class='ocrx_word' id='word_1_222' title='bbox 992 2150 1043 2197; x_wconf 92' lang='lat' dir='ltr'>in</span> <span class='ocrx_word' id='word_1_223' title='bbox 1083 2148 1175 2197; x_wconf 90' lang='lat' dir='ltr'>hoc</span> <span class='ocrx_word' id='word_1_224' title='bbox 1216 2147 1437 2214; x_wconf 81' lang='lat' dir='ltr'>saecule,</span> <span class='ocrx_word' id='word_1_225' title='bbox 1483 2150 1533 2196; x_wconf 91' lang='lat' dir='ltr'>in</span> <span class='ocrx_word' id='word_1_226' title='bbox 1574 2147 1650 2196; x_wconf 91' lang='lat' dir='ltr'>his</span> <span class='ocrx_word' id='word_1_227' title='bbox 1690 2147 1790 2196; x_wconf 92' lang='lat' dir='ltr'>die-</span> 
     </span>
     <span class='ocr_line' id='line_1_29' title="bbox 105 2220 1791 2287; baseline 0.001 -18"><span class='ocrx_word' id='word_1_228' title='bbox 105 2220 199 2269; x_wconf 91' lang='lat' dir='ltr'>bus</span> <span class='ocrx_word' id='word_1_229' title='bbox 255 2221 394 2270; x_wconf 91' lang='lat' dir='ltr'>malis</span> <span class='ocrx_word' id='word_1_230' title='bbox 449 2235 547 2269; x_wconf 93' lang='lat' dir='ltr'>non</span> <span class='ocrx_word' id='word_1_231' title='bbox 602 2220 760 2270; x_wconf 89' lang='lat' dir='ltr'>solum</span> <span class='ocrx_word' id='word_1_232' title='bbox 808 2235 834 2269; x_wconf 88' lang='lat' dir='ltr'>a</span> <span class='ocrx_word' id='word_1_233' title='bbox 884 2228 1107 2287; x_wconf 90' lang='lat' dir='ltr'>tempore</span> <span class='ocrx_word' id='word_1_234' title='bbox 1164 2221 1432 2287; x_wconf 89' lang='lat' dir='ltr'>corporalis</span> <span class='ocrx_word' id='word_1_235' title='bbox 1483 2223 1791 2286; x_wconf 86' lang='lat' dir='ltr'>praesentiae</span> 
     </span>
     <span class='ocr_line' id='line_1_30' title="bbox 102 2292 1791 2361; baseline 0.001 -19"><span class='ocrx_word' id='word_1_236' title='bbox 102 2292 292 2343; x_wconf 83' lang='lat' dir='ltr'>Christi</span> <span class='ocrx_word' id='word_1_237' title='bbox 333 2301 382 2343; x_wconf 93' lang='lat' dir='ltr'>et</span> <span class='ocrx_word' id='word_1_238' title='bbox 421 2294 756 2359; x_wconf 86' lang='lat' dir='ltr'>apostolorum</span> <span class='ocrx_word' id='word_1_239' title='bbox 796 2296 917 2360; x_wconf 81' lang='lat' dir='ltr'>eiuS‚</span> <span class='ocrx_word' id='word_1_240' title='bbox 957 2295 1043 2344; x_wconf 91' lang='lat' dir='ltr'>sed</span> <span class='ocrx_word' id='word_1_241' title='bbox 1085 2295 1143 2344; x_wconf 88' lang='lat' dir='ltr'>ab</span> <span class='ocrx_word' id='word_1_242' title='bbox 1183 2297 1290 2360; x_wconf 91' lang='lat' dir='ltr'>ipso</span> <span class='ocrx_word' id='word_1_243' title='bbox 1331 2294 1466 2361; x_wconf 86' lang='lat' dir='ltr'>Abel,</span> <span class='ocrx_word' id='word_1_244' title='bbox 1507 2310 1654 2359; x_wconf 89' lang='lat' dir='ltr'>quem</span> <span class='ocrx_word' id='word_1_245' title='bbox 1692 2296 1791 2360; x_wconf 89' lang='lat' dir='ltr'>pri-</span> 
     </span>
     <span class='ocr_line' id='line_1_31' title="bbox 106 2368 1877 2435; baseline 0.001 -20"><span class='ocrx_word' id='word_1_246' title='bbox 106 2382 243 2416; x_wconf 89' lang='lat' dir='ltr'>mum</span> <span class='ocrx_word' id='word_1_247' title='bbox 280 2369 466 2417; x_wconf 87' lang='lat' dir='ltr'>iustum</span> <span class='ocrx_word' id='word_1_248' title='bbox 506 2369 686 2433; x_wconf 87' lang='lat' dir='ltr'>impius</span> <span class='ocrx_word' id='word_1_249' title='bbox 734 2368 887 2417; x_wconf 85' lang='lat' dir='ltr'>frater</span> <span class='ocrx_word' id='word_1_250' title='bbox 926 2369 1128 2435; x_wconf 81' lang='lat' dir='ltr'>occidit,</span> <span class='ocrx_word' id='word_1_251' title='bbox 1176 2376 1225 2418; x_wconf 86' lang='lat' dir='ltr'>et</span> <span class='ocrx_word' id='word_1_252' title='bbox 1264 2369 1498 2433; x_wconf 89' lang='lat' dir='ltr'>deinceps</span> <span class='ocrx_word' id='word_1_253' title='bbox 1537 2383 1694 2432; x_wconf 86' lang='lat' dir='ltr'>usque</span> <span class='ocrx_word' id='word_1_254' title='bbox 1735 2369 1787 2416; x_wconf 92' lang='lat' dir='ltr'>in</span> <span class='ocrx_word' id='word_1_255' title='bbox 1819 2377 1877 2416; x_wconf 88' lang='lat'>30</span> 
     </span>
     <span class='ocr_line' id='line_1_32' title="bbox 103 2439 1788 2507; baseline 0.001 -18"><span class='ocrx_word' id='word_1_256' title='bbox 103 2439 254 2490; x_wconf 90' lang='lat' dir='ltr'>huius</span> <span class='ocrx_word' id='word_1_257' title='bbox 310 2441 492 2490; x_wconf 87' lang='lat' dir='ltr'>saeculi</span> <span class='ocrx_word' id='word_1_258' title='bbox 547 2442 694 2490; x_wconf 84' lang='lat' dir='ltr'>finem</span> <span class='ocrx_word' id='word_1_259' title='bbox 739 2443 870 2490; x_wconf 90' lang='lat' dir='ltr'>inter</span> <span class='ocrx_word' id='word_1_260' title='bbox 915 2444 1290 2507; x_wconf 90' lang='lat' dir='ltr'>persecutiones</span> <span class='ocrx_word' id='word_1_261' title='bbox 1345 2441 1516 2491; x_wconf 90' lang='lat' dir='ltr'>mundi</span> <span class='ocrx_word' id='word_1_262' title='bbox 1571 2449 1619 2490; x_wconf 90' lang='lat' dir='ltr'>et</span> <span class='ocrx_word' id='word_1_263' title='bbox 1674 2456 1788 2490; x_wconf 92' lang='lat' dir='ltr'>con-</span> 
     </span>
     <span class='ocr_line' id='line_1_33' title="bbox 101 2513 1448 2580; baseline 0.001 -19"><span class='ocrx_word' id='word_1_264' title='bbox 101 2513 370 2564; x_wconf 78' lang='lat' dir='ltr'>solationes</span> <span class='ocrx_word' id='word_1_265' title='bbox 410 2514 499 2564; x_wconf 91' lang='lat' dir='ltr'>Dei</span> <span class='ocrx_word' id='word_1_266' title='bbox 537 2515 897 2579; x_wconf 84' lang='lat' dir='ltr'>peregrinando</span> <span class='ocrx_word' id='word_1_267' title='bbox 936 2518 1190 2580; x_wconf 86' lang='lat' dir='ltr'>procurrit</span> <span class='ocrx_word' id='word_1_268' title='bbox 1228 2515 1448 2565; x_wconf 34' lang='lat' dir='ltr'>ecclesia‘</span> 
     </span>
    </p>
   </div>
   <div class='ocr_carea' id='block_1_3' title="bbox 231 2654 1183 2713">
    <p class='ocr_par' dir='ltr' id='par_1_3' title="bbox 231 2654 1183 2713">
     <span class='ocr_line' id='line_1_34' title="bbox 231 2654 1183 2713; baseline 0.006 -16"><span class='ocrx_word' id='word_1_269' title='bbox 231 2657 302 2710; x_wconf 85' lang='lat'>17)</span> <span class='ocrx_word' id='word_1_270' title='bbox 336 2659 376 2699; x_wconf 82' lang='lat'>2.</span> <span class='ocrx_word' id='word_1_271' title='bbox 409 2654 526 2699; x_wconf 74' lang='lat' dir='ltr'>Tim.</span> <span class='ocrx_word' id='word_1_272' title='bbox 560 2660 601 2711; x_wconf 83' lang='lat'>2,</span> <span class='ocrx_word' id='word_1_273' title='bbox 637 2661 705 2700; x_wconf 86' lang='lat'>19.</span> <span class='ocrx_word' id='word_1_274' title='bbox 769 2658 843 2712; x_wconf 88' lang='lat'>18)</span> <span class='ocrx_word' id='word_1_275' title='bbox 874 2657 1006 2702; x_wconf 88' lang='lat' dir='ltr'>Rom.</span> <span class='ocrx_word' id='word_1_276' title='bbox 1040 2661 1081 2713; x_wconf 88' lang='lat'>8,</span> <span class='ocrx_word' id='word_1_277' title='bbox 1114 2662 1183 2704; x_wconf 83' lang='lat'>29.</span> 
     </span>
    </p>
   </div>
   <div class='ocr_carea' id='block_1_4' title="bbox 195 2925 1438 2964">
    <p class='ocr_par' dir='ltr' id='par_1_4' title="bbox 195 2925 1438 2964">
     <span class='ocr_line' id='line_1_35' title="bbox 195 2925 1438 2964; baseline 0.006 -7"><span class='ocrx_word' id='word_1_278' title='bbox 195 2933 294 2960; x_wconf 63' lang='lat' dir='ltr'>Auo.</span> <span class='ocrx_word' id='word_1_279' title='bbox 319 2934 371 2957; x_wconf 76' lang='lat' dir='ltr'>nn</span> <span class='ocrx_word' id='word_1_280' title='bbox 397 2933 475 2961; x_wconf 77' lang='lat' dir='ltr'>cxv.</span> <span class='ocrx_word' id='word_1_281' title='bbox 498 2935 579 2961; x_wconf 79' lang='lat' dir='ltr'>nm.</span> <span class='ocrx_word' id='word_1_282' title='bbox 624 2929 676 2960; x_wconf 89' lang='grc' dir='ltr'>ΙΙ.</span> <span class='ocrx_word' id='word_1_283' title='bbox 1383 2925 1438 2964; x_wconf 81' lang='lat'>22</span> 
     </span>
    </p>
   </div>
  </div>
 </body>
</html>
