2004 3140
118 955 173 994 10

118 1323 172 1362 15

119 1692 175 1732 20

121 2060 175 2099 25

120 2428 176 2467 30

121 2824 175 2862 35

206 156 312 208 298
890 167 926 201 S.
952 166 1228 201 Aneusrlm

205 280 504 346 Hieronymi,
545 279 738 344 quando
771 280 1188 346 prophetaverint,
1226 283 1487 331 invenitur.
1548 281 1727 330 Abdias
1759 283 1889 331 enim

205 357 396 419 positus
430 361 505 404 est
538 354 735 418 quidem
775 353 833 402 ab
875 356 945 402 eis
987 369 1099 403 cum
1130 354 1360 422 Michaea,
1401 355 1487 405 sed
1526 370 1625 404 non
1666 370 1724 404 eo
1762 354 1888 421 loc0,

207 428 289 476 ubi
335 436 569 477 notantur
616 437 864 492 tempora,
920 428 1112 491 quando
1152 427 1420 478 Michaeam
1467 429 1788 494 prophetasse
1829 445 1889 478 ex

206 504 311 550 eius
361 502 538 551 litteris
587 508 799 567 constat3
850 501 980 565 quod
1029 517 1197 550 errore
1248 503 1565 568 neglegenter
1605 502 1887 552 describen-

206 578 330 624 tium
369 575 563 624 labores
610 575 794 624 alienos
842 577 1067 624 existimo
1109 578 1395 642 contigisse3
1447 577 1570 626 duos
1611 592 1727 626 vero
1768 577 1888 626 alios

207 657 615 699 commemoratos
654 651 705 698 in
746 649 999 698 codicibus
1039 649 1411 716 chronicorum,
1451 666 1574 714 quos
1614 650 1890 716 habuimuS,

206 739 305 772 non
346 725 596 788 potuimus
635 725 871 772 invenire.
951 723 1135 771 Tamen
1176 725 1287 787 quia
1329 739 1515 772 canone
1556 726 1889 790 continentur,

207 813 298 846 nec
337 799 432 861 ipsi
472 804 667 861 oportet
705 804 1080 861 praetereantur
1120 813 1146 845 a
1185 797 1341 846 nohis.
1419 797 1611 859 Abdias,
1653 805 1892 861 quantum

206 870 264 919 ad
313 873 609 935 scripturam
657 873 763 920 eius
803 870 1015 936 adtinet,
1062 873 1283 920 omnium
1322 871 1642 920 brevissimus
1681 871 1891 936 prophe·

207 952 381 1009 tarum,
421 944 656 994 adversus
688 943 969 994 Idumaeam
1007 945 1241 1011 loquitur,
1281 954 1479 1009 gentem
1520 945 1707 994 scilicet
1744 944 1892 1010 Esau,

207 1033 265 1067 ex
298 1018 491 1067 duobus
523 1020 732 1083 geminis
772 1018 883 1067 filiis
923 1018 1071 1085 Isaac,
1112 1019 1375 1083 nepotibus
1415 1018 1651 1084 Abrahae,
1692 1020 1890 1067 maioris

204 1091 335 1141 illius
367 1091 631 1156 reprobati.
693 1092 850 1141 Porro
891 1094 932 1141 si
971 1092 1251 1142 Idumaeam
1291 1093 1434 1141 modo
1474 1093 1753 1157 locutioniS,
1794 1107 1890 1156 quo

205 1165 507 1230 intellegitur
554 1182 581 1214 a
626 1174 765 1230 parte
812 1174 996 1232 totum,
1052 1169 1348 1231 accipiamus
1399 1169 1606 1231 positam
1649 1181 1757 1215 esse
1798 1181 1888 1231 pro

205 1240 456 1304 gentibus:
502 1255 766 1305 possumus
814 1241 874 1290 de
915 1239 1109 1290 Christo
1150 1256 1440 1306 agnoscere,
1488 1240 1619 1304 quod
1658 1243 1725 1289 ait
1762 1242 1892 1289 inter

207 1319 392 1362 cetera:
433 1315 495 1362 In
534 1321 698 1364 monte
737 1321 904 1364 autem
936 1315 1057 1364 Sion
1097 1318 1197 1364 erit
1233 1318 1370 1364 salus
1410 1320 1459 1363 et
1497 1317 1596 1364 erit
1633 1321 1892 1372 sanctiam

209 1394 257 1436 et
289 1387 432 1451 paulo
465 1395 577 1451 post
615 1390 665 1436 in
705 1389 801 1437 fine
842 1390 996 1452 ipsius
1037 1388 1346 1457 prophetiae:
1387 1389 1453 1436 Et
1491 1390 1779 1448 ascendent,
1819 1389 1891 1436 in-

209 1462 329 1527 quit,
361 1464 605 1511 resalvati
633 1478 699 1511 ex
730 1470 893 1511 monte
925 1463 1060 1522 Sion,
1100 1468 1157 1511 ut
1188 1461 1464 1524 defendant
1494 1468 1706 1511 montem
1738 1462 1891 1520 Esau,

208 1541 258 1584 et
307 1538 407 1584 erit
451 1537 662 1586 Domino
710 1551 938 1597 reqnum.
1016 1537 1230 1600 Apparet
1278 1538 1459 1601 quippe
1507 1535 1556 1584 id
1604 1551 1712 1584 esse
1761 1551 1892 1584 com·

207 1607 419 1674 pletum,
472 1625 585 1658 cum
632 1609 858 1659 resalvati
910 1625 968 1658 ex
1009 1617 1175 1658 monte
1218 1609 1363 1675 Sion,
1412 1609 1461 1658 id
1503 1615 1579 1658 est
1619 1624 1678 1657 ex
1716 1609 1894 1658 iudaea

207 1682 467 1731 credentes
500 1685 550 1731 in
584 1681 850 1749 Christum,
891 1685 975 1747 qui
1005 1686 1270 1748 praecipue
1305 1691 1640 1748 agnoscuntur
1672 1682 1894 1748 apostoli,

208 1755 563 1823 ascenderunt,
618 1765 672 1806 ut
726 1757 1050 1807 defenderent
1099 1764 1315 1806 montem
1363 1756 1508 1806 Esau.
1588 1756 1696 1814 Quo
1746 1756 1892 1805 modo

208 1829 557 1896 defenderent,
604 1832 700 1880 nisi
747 1846 836 1895 per
885 1831 1122 1895 evangelii
1172 1831 1588 1896 praedicationem
1628 1830 1785 1879 salvos
1825 1830 1891 1878 fa·

209 1903 383 1952 ciendo
436 1919 520 1953 eos
573 1906 657 1968 qui
707 1905 1051 1971 crediderunt,
1107 1911 1162 1954 ut
1209 1913 1505 1954 eruerentur
1551 1904 1609 1953 de
1651 1910 1892 1968 potestate

209 1977 525 2027 tenebrarum
566 1986 615 2027 et
654 1979 1046 2027 transferrentur
1084 1981 1135 2027 in
1176 1993 1384 2042 regnum
1425 1975 1548 2027 Dei‘?
1596 1977 1738 2035 Quod
1778 1993 1891 2027 con·

209 2059 475 2114 sequenter
527 2054 771 2116 expressit
824 2051 1068 2102 addendo:
1131 2053 1197 2101 Et
1250 2055 1350 2101 erit
1401 2053 1612 2101 Domino
1666 2066 1891 2112 reanum.

206 2123 347 2172 Mons
396 2128 525 2174 enIm
568 2125 685 2173 Sion
725 2125 953 2174 Iudaeam
1002 2126 1264 2189 significat,
1313 2125 1397 2173 uhi
1437 2126 1601 2174 futura
1642 2125 1892 2189 praedicta

206 2204 284 2245 est
317 2197 446 2246 salus
481 2205 529 2246 et
562 2206 802 2263 sanctum,
844 2199 975 2262 quod
1008 2205 1084 2247 est
1116 2198 1342 2247 Christus
1374 2197 1526 2246 Iesus.
1604 2198 1743 2247 Mons
1776 2214 1891 2247 vero

207 2270 338 2319 Esau
377 2271 602 2320 Idumaea
644 2279 740 2336 est,
792 2287 881 2335 per
921 2287 1066 2335 quam
1106 2272 1375 2335 significata
1415 2279 1490 2320 est
1530 2272 1736 2320 ecclesia
1775 2287 1892 2336 gen—

208 2346 346 2410 tium,
387 2360 532 2408 quam
564 2344 908 2410 defenderunt,
948 2347 1076 2395 sicut
1110 2347 1328 2411 exposui,
1369 2345 1594 2394 resalvati
1627 2361 1685 2394 ex
1726 2339 1891 2395 monte

211 2417 343 2483 Sion,
384 2425 438 2467 ut
479 2426 611 2467 esset
650 2418 856 2467 Domino
898 2434 1119 2482 regnum.
1197 2418 1301 2467 Hoc
1341 2418 1610 2468 obscurum
1650 2425 1770 2485 erat,
1809 2434 1891 2468 an-

210 2498 407 2555 tequam
446 2492 607 2558 fieret3
650 2492 736 2541 sed
776 2493 959 2541 factum
1001 2494 1109 2556 quis
1151 2508 1249 2541 non
1289 2492 1446 2541 fidelis
1485 2489 1752 2556 agnoscat?

356 2595 513 2644 Naum
555 2611 668 2644 vero
709 2595 976 2660 propheta,
1018 2597 1165 2644 immo
1206 2610 1295 2660 per
1334 2595 1472 2644 illum
1512 2594 1666 2644 Deus:
1706 2596 1889 2644 Exter-

209 2670 423 2733 minabo,
462 2671 636 2735 inquit,
675 2672 929 2733 sculptilia
961 2675 1010 2718 et
1040 2672 1331 2730 conflatilia,
1365 2683 1552 2731 ponam
1582 2672 1892 2730 sepulturam

210 2749 375 2799 tuam;
415 2746 535 2803 quia
567 2747 758 2793 veloces
791 2758 911 2792 eece
941 2757 1095 2804 super
1126 2749 1314 2792 montes
1340 2744 1495 2804 pedes
1536 2745 1891 2803 evangelizan-

210 2817 271 2863 tis
318 2822 367 2865 et
412 2818 761 2866 adnuntiantis
803 2831 995 2878 pacem.
1088 2817 1317 2876 Celebra,
1375 2817 1528 2875 Iuda,
1582 2817 1687 2865 dies
1736 2814 1893 2876 festos

210 2894 339 2950 tu03,
387 2892 545 2939 redde
591 2896 705 2939 vota
753 2897 869 2947 tua,·
918 2892 1039 2951 quia
1087 2892 1187 2938 iam
1235 2904 1333 2938 non
1375 2891 1599 2938 adicient
1637 2892 1795 2948 ultra,
1835 2894 1890 2937 ut
