2004 3140
193 155 302 207 510
873 163 907 197 s.
931 163 1204 197 AUGUSTm1

193 295 292 328 uno
326 286 471 342 atque
505 278 723 326 omnium
756 278 965 325 maximo
999 275 1235 325 miraculo
1266 275 1480 326 inclusit.
1558 275 1717 341 Eligat
1755 291 1874 341 ergo

194 368 347 402 unum
381 368 407 400 e
442 350 634 400 duobus
666 352 875 415 quisque
909 350 1040 415 quod
1063 349 1236 417 placet,
1275 357 1445 399 utrum
1483 356 1532 399 et
1567 365 1785 400 vermem
1816 351 1876 400 ad

194 441 375 491 corpus
414 427 613 490 proprie
647 440 708 473 an
741 425 799 473 ad
839 426 1055 473 animum
1095 423 1328 474 translato
1370 439 1396 472 a
1436 424 1775 490 corporalibus
1815 424 1875 473 ad

191 498 518 564 incorporalia
572 498 807 547 vocabulo
872 500 1118 547 existimet
1169 500 1435 563 pertinere.
1528 498 1656 557 Quid
1711 505 1877 548 autem

135 583 160 622 5
191 574 371 623 horum
422 588 592 622 verum
640 574 725 634 sit,
780 587 861 621 res
908 574 1013 637 ipsa
1053 571 1330 637 expeditius
1369 572 1624 640 indicabit,
1679 572 1874 638 quando

193 651 287 698 erit
327 649 532 696 scientia
570 652 704 696 tanta
737 652 1037 713 sanctorum,
1076 655 1132 695 ut
1171 648 1242 695 eis
1283 647 1737 710 cognoscendarum
1775 646 1876 695 illa-

191 737 304 771 rum
357 735 629 786 poenarum
684 722 963 769 necessaria
1010 735 1110 769 non
1169 722 1232 769 sit
1284 722 1611 785 experientia,
1668 721 1754 770 sed
1807 735 1876 787 ea,

193 810 316 860 quae
349 801 468 844 tunc
502 797 596 844 erit
627 794 770 859 plena
802 801 948 859 atque
980 794 1215 860 perfecta,
1255 794 1313 843 ad
1347 794 1439 843 hoc
1481 808 1678 858 quoque
1719 796 1875 843 scien·

193 869 310 918 dum
351 870 588 933 sapientia
639 868 741 916 sola
782 868 993 917 sufficiat
1033 862 1191 935 (nunc
1232 870 1362 917 enim
1402 884 1462 917 ex
1501 875 1639 933 parte
1679 870 1877 934 scimuS,

106 952 159 991 10
191 943 347 991 donec
410 943 571 991 veniat
632 941 763 1006 quod
824 943 1102 1006 perfectum
1160 937 1285 1010 ⁴est);
1348 942 1465 992 dum
1520 948 1683 991 tamen
1744 941 1877 990 nullo

190 1016 334 1065 modo
386 1015 466 1065 illa
513 1031 721 1080 corpora
766 1015 879 1065 talia
927 1017 1093 1065 futura
1140 1031 1248 1065 esse
1302 1016 1583 1083 credamus,
1637 1021 1694 1066 ut
1731 1015 1878 1064 nullis

191 1090 250 1139 ab
289 1092 402 1155 igne
443 1090 718 1139 afficiantur
758 1089 1026 1139 doloribus.

887 1262 1081 1317 CAPUT
1112 1263 1176 1316 X.

249 1372 330 1420 Αη
371 1373 501 1432 ignis
536 1373 813 1431 qehemwe,
855 1373 902 1419 εἰ
939 1373 1223 1433 corporalis
1262 1376 1347 1431 est,
1380 1372 1542 1433 possit
1579 1373 1826 1432 medianos

107 1449 157 1489 15
385 1447 606 1507 spirituS,
649 1447 703 1494 id
740 1449 813 1493 est
853 1446 1120 1494 daemones
1162 1447 1503 1511 incorporeos,
1544 1449 1684 1494 tactu

849 1532 939 1566 suo
981 1519 1218 1567 adurere.

336 1620 426 1670 Hic
474 1622 694 1670 occurrit
741 1636 1003 1685 quaerere:
1061 1621 1112 1670 Si
1152 1637 1251 1670 non
1291 1623 1386 1670 erit
1424 1623 1552 1686 ignis
1591 1623 1874 1686 incorpora-

187 1696 262 1762 lis,
302 1697 430 1744 sicut
471 1701 545 1744 est
584 1696 732 1743 animi
772 1694 926 1761 dolor,
966 1694 1052 1743 sed
1093 1695 1377 1762 corporaliS,
1416 1701 1551 1745 tactu
1590 1697 1782 1762 noinS,
1820 1702 1877 1744 ut

189 1785 246 1818 eo
294 1770 486 1834 possint
533 1783 741 1833 corpora
789 1770 1022 1818 cruciari:
1071 1784 1167 1833 quo
1218 1769 1362 1818 modo
1402 1771 1454 1818 in
1495 1785 1552 1818 eo
1593 1771 1688 1818 erit
1727 1771 1875 1818 etiam

102 1848 156 1887 20
186 1858 346 1908 poena
397 1844 662 1907 spirituum
712 1839 1074 1906 malignorum?
1148 1843 1284 1892 Idem
1346 1845 1526 1908 quippe
1581 1844 1709 1907 ignis
1764 1845 1874 1909 erit,

188 1916 428 1982 supplicio
481 1916 671 1966 scilicet
716 1916 972 1965 hominum
1021 1916 1300 1966 adtributus
1349 1924 1399 1966 et
1450 1917 1764 1978 daemonum,
1806 1916 1875 1965 di—

189 1996 331 2040 cente
365 1989 582 2039 Christo:
622 1991 879 2040 Discedite
912 2006 944 2039 α
975 2005 1066 2057 me,
1105 1993 1375 2052 maledieti,
1416 1994 1468 2040 in
1502 1994 1666 2052 iqnem
1707 1996 1871 2040 aeter-

187 2079 320 2125 num,
360 2067 449 2126 qui
478 2070 699 2126 paratus
739 2070 813 2113 est
851 2066 1048 2114 diabolo
1090 2070 1139 2114 et
1176 2068 1369 2126 amyclis
1410 2068 1530 2114 eius⁶
1608 2063 1714 2113 Nisi
1753 2065 1868 2128 quia

189 2144 304 2186 sunt
344 2137 582 2201 quaedam
622 2153 710 2186 sua
749 2139 895 2186 etiam
928 2137 1247 2187 daemonibus
1288 2154 1510 2206 corpora,
1550 2140 1678 2187 sicut
1718 2137 1879 2186 doctis

101 2214 155 2254 25
187 2210 470 2259 hominibus
517 2212 677 2259 visum
723 2217 820 2276 est,
869 2226 927 2259 ex
973 2212 1068 2260 isto
1125 2227 1236 2260 aere
1293 2227 1457 2260 crasso
1506 2218 1653 2276 atque
1693 2211 1878 2278 umid0,

189 2286 330 2333 cuius
363 2283 589 2348 inpulsus
621 2290 765 2332 vento
798 2283 943 2333 flante
978 2286 1203 2334 sentitur.
1280 2284 1421 2342 Quod
1454 2300 1611 2349 genus
1645 2284 1876 2333 elementi

189 2360 230 2407 si
283 2357 407 2406 nihil
459 2358 571 2422 igne
618 2359 812 2422 perpeti
857 2364 1057 2424 posset,
1111 2373 1210 2406 non
1258 2365 1428 2407 ureret
1475 2358 1771 2407 fervefactus
1820 2359 1872 2406 in

186 2431 387 2480 balneis
464 2430 529 2480 Ut
561 2433 692 2480 enim
724 2438 850 2497 urat,
889 2433 1026 2495 prior
1066 2434 1229 2481 uritur
1267 2432 1482 2497 facitque
1522 2447 1635 2481 cum
1673 2433 1874 2496 patitur.

191 2504 243 2554 Si
293 2511 457 2554 autem
513 2506 771 2569 quisquam
819 2504 951 2554 nulla
996 2505 1177 2554 hahere
1231 2521 1439 2570 corpora
1487 2505 1749 2555 daemones
1789 2504 1870 2553 ad-

101 2584 156 2624 30
190 2585 407 2645 severat,
454 2593 553 2627 non
599 2585 676 2628 est
722 2578 781 2627 de
830 2578 920 2627 hac
967 2588 1022 2629 re
1072 2586 1156 2629 aut
1192 2579 1513 2630 laborandum
1553 2593 1759 2644 operosa
1798 2580 1873 2626 in-

311 2707 383 2761 10)
419 2710 456 2750 1.
491 2706 590 2751 Cor.
627 2710 696 2761 13,
729 2710 769 2750 9.
833 2708 909 2764 23)
940 2707 1022 2752 Mt.
1055 2711 1126 2764 25,
1159 2712 1227 2752 41.

309 2903 333 2940 2
367 2911 391 2941 e
423 2896 541 2952 RA,·
572 2896 628 2941 de
660 2911 685 2942 v
709 2898 725 2954 ΙΙ
748 2902 803 2942 28
837 2912 942 2943 cum
972 2898 1089 2953 RA;
1116 2898 1244 2954 quod
1276 2912 1302 2943 v
