2004 3140
495 159 562 190 DE
587 156 826 190 CIVITATE
852 156 940 188 nm
964 157 1006 188 L.
1028 156 1174 189 xviii.
1201 155 1239 188 c.
1264 157 1318 188 50.
1338 157 1391 189 51.
1685 144 1793 196 335

110 279 275 321 autem
322 285 420 320 non
460 275 673 332 possunt
718 272 967 319 occidere.
1045 268 1139 326 Qui
1179 275 1235 317 ut
1273 267 1436 332 frigidi
1475 269 1652 318 timore
1693 284 1791 317 non

109 352 297 410 essent,
342 346 455 408 igne
506 344 724 392 caritatis
774 342 1024 392 ardebant.
1101 342 1324 406 Denique
1365 357 1463 391 non
1504 342 1661 391 solum
1702 358 1793 407 per

107 421 256 485 ipsos,
296 419 381 482 qui
420 432 533 466 eum
574 424 624 466 et
662 423 774 466 ante
814 418 1093 482 passionem
1133 423 1183 466 et
1220 423 1334 481 post
1372 418 1791 466 resurrectionem

106 492 329 541 viderant
383 498 432 540 et
482 490 764 558 audierant,
818 506 990 540 verum
1038 492 1183 539 etiam
1230 497 1342 555 post
1388 489 1577 540 obitum
1618 505 1791 539 eorum

104 581 195 631 per
255 571 482 630 posteros
545 579 718 613 eorum
779 567 910 614 inter
971 564 1245 614 horrendas
1305 566 1680 629 persecutiones
1743 571 1793 613 et

104 641 265 689 varios
297 640 546 688 cruciatus
579 653 634 687 ac
673 639 849 688 funera
887 645 1159 704 martyrum
1197 638 1534 703 praedicatum
1573 644 1650 687 est
1687 644 1791 687 toto

105 712 224 762 orbe
277 712 609 779 evangelium,
664 719 971 763 contestante
1019 711 1121 761 Deo
1173 714 1325 777 signis
1386 719 1434 761 et
1484 713 1692 761 ostentis
1743 718 1793 760 et

106 788 254 836 variis
303 785 570 836 virtutibus
618 793 667 836 et
707 786 922 852 Spiritus
970 788 1127 836 sancti
1164 785 1479 853 muneribus3
1529 792 1585 835 ut
1622 785 1793 851 populi

105 862 326 926 gentium
375 860 636 910 credentes
682 862 733 909 in
782 855 917 928 eum,
965 862 1050 926 qui
1094 875 1186 926 pro
1238 876 1411 910 eorum
1451 860 1792 925 redemptione

106 935 373 984 crucifixus
419 941 515 1001 est,
564 934 843 984 Christiano
890 950 1056 984 amore
1104 941 1462 984 venerarentur
1502 935 1791 999 sanguinem

108 1015 394 1074 martyrum,
434 1023 582 1072 quem
622 1008 861 1058 diabolico
901 1010 1071 1059 furore
1112 1009 1363 1075 fuderunt,
1401 1010 1594 1093 ipsique
1635 1023 1794 1072 regeS‚

106 1097 316 1147 quorum
365 1081 557 1146 legibus
604 1082 886 1132 vastabatur
933 1083 1166 1148 ecclesia,
1218 1084 1263 1131 ei
1302 1084 1489 1131 nomini
1530 1081 1794 1130 salubriter

106 1155 454 1222 subderentur,
494 1156 624 1221 quod
659 1156 719 1205 de
754 1164 884 1206 terra
925 1157 1192 1206 crudeliter
1224 1156 1420 1205 auferre
1462 1157 1623 1204 conati
1664 1162 1794 1219 sunt,

106 1237 155 1278 et
195 1229 342 1278 falsos
381 1229 501 1279 deos
539 1231 818 1295 inciperent
847 1233 1099 1296 persequi,
1138 1245 1351 1295 quorum
1391 1245 1535 1278 causa
1577 1228 1793 1278 cultores

103 1303 191 1352 Dei
229 1304 334 1352 veri
373 1303 569 1353 fuerant
607 1310 748 1353 antea
786 1307 1052 1370 persecuti.

703 1481 706 1487 ’
773 1491 981 1547 CAPUT
1021 1493 1107 1546 LI.

114 1601 259 1660 Quod
291 1603 442 1650 etiam
467 1615 567 1663 per
596 1602 971 1650 haeretieorum
1013 1603 1345 1650 dissensiones
1379 1602 1509 1659 fides
1541 1601 1794 1648 catholiea

811 1676 1095 1724 roboretur.

255 1775 435 1826 Videns
482 1783 646 1826 autem
693 1775 916 1826 diabolus
962 1777 1142 1842 templa
1190 1778 1485 1826 daemonum
1534 1775 1697 1825 deseri
1746 1782 1795 1824 et

105 1852 155 1899 in
205 1866 383 1899 nomen
433 1849 689 1899 liberantis
728 1850 1012 1900 Mediatoris
1058 1867 1262 1900 currere
1314 1866 1470 1916 genus
1509 1849 1794 1916 humanum,

107 1923 382 1973 haereticos
429 1925 602 1991 movit,
651 1925 735 1988 qui
782 1923 874 1973 sub
923 1923 1159 1974 vocabulo
1208 1925 1487 1974 Christiano
1539 1924 1792 1973 doctrinae

106 1999 400 2047 resisterent
451 1997 786 2064 Christianae,
843 2001 980 2063 quasi
1037 2007 1241 2064 possent
1290 1999 1633 2048 indifferenter
1687 1999 1792 2046 sine

108 2070 206 2120 ulla
247 2073 558 2136 correptione
598 2071 770 2121 haberi
807 2074 859 2121 in
900 2074 1094 2122 civitate
1134 2072 1244 2140 Dei,
1294 2074 1422 2122 sicut
1461 2073 1631 2121 civitas
1679 2086 1792 2120 con·

107 2145 316 2194 susionis
362 2145 703 2195 indifferenter
749 2145 920 2195 habuit
965 2146 1284 2212 philosophos
1331 2149 1461 2196 inter
1509 2161 1561 2194 se
1603 2145 1792 2194 diversa

110 2226 158 2267 et
198 2219 399 2268 adversa
439 2221 724 2268 sentientes
803 2220 898 2278 Qui
947 2235 1064 2285 ergo
1103 2222 1154 2270 in
1195 2220 1403 2270 ecclesia
1443 2219 1626 2268 Christi
1665 2233 1793 2268 mor-

106 2291 274 2342 bidum
328 2293 508 2357 aliquid
555 2308 860 2358 pravumque
909 2296 1127 2362 sapiunt,
1174 2297 1213 2343 si
1254 2295 1486 2359 correpti,
1524 2299 1580 2342 ut
1621 2307 1793 2342 sanum

35 2386 38 2388 ’
105 2374 396 2430 rectumque
429 2369 635 2433 sapiant,
675 2369 915 2417 resistunt
948 2370 1306 2418 contumaciter
1339 2382 1525 2432 suaque
1557 2366 1793 2431 pestifera

71 2497 75 2500 ,
106 2446 156 2488 et
187 2441 440 2489 mortifera
473 2441 697 2506 dogmata
731 2442 994 2490 emendare
1028 2441 1222 2508 nolunt,
1257 2442 1343 2491 sed
1383 2441 1640 2490 defensare
1681 2454 1791 2504 per-

107 2515 316 2580 sistunt,
369 2514 607 2564 haeretici
668 2515 793 2564 fiunt
854 2523 903 2564 et
964 2516 1095 2564 foras
1150 2523 1387 2566 exeuntes
1442 2513 1686 2562 habentur
1741 2514 1791 2560 in

107 2586 452 2636 exercentibus
483 2589 709 2637 inimicis,
787 2588 945 2638 Etiam
987 2591 1057 2637 sic
1099 2591 1278 2654 quippe
1319 2590 1449 2637 veris
1489 2586 1583 2635 illis
1623 2585 1787 2635 catho-

228 2715 271 2767 1)
301 2714 383 2759 Mt.
417 2719 487 2771 10,
520 2719 588 2760 28.

226 2894 251 2934 2
283 2903 366 2946 per
395 2889 520 2947 ipsos
551 2905 641 2935 non
675 2892 823 2937 solum
853 2906 881 2937 v

1827 944 1882 983 10

1828 1313 1881 1354 15

1827 1859 1882 1899 20

1828 2228 1882 2268 25

1823 2597 1879 2636 30
