2044 3146
177 955 231 1020 iO

174 1323 228 1363 15

175 1693 230 1733 20

175 2432 231 2494 30

265 158 374 209 214
945 169 979 202 s.
1004 168 1276 202 AUoUs'rtm

262 284 357 332 sed
387 285 735 345 qlorificantes
774 295 851 332 me
885 283 1201 348 ylorificabO,
1241 287 1290 332 et
1326 285 1416 344 qui
1450 296 1527 333 me
1564 283 1770 344 spernit,
1809 295 1948 346 sper-

263 363 427 406 netur.
505 355 647 415 Quod
681 357 812 405 enim
845 357 1064 405 nominat
1102 355 1301 406 domum
1341 357 1494 422 patris
1535 358 1657 423 eius,
1697 370 1795 405 non
1835 371 1949 406 eum

265 431 323 479 de
371 432 594 495 proximo
641 435 780 495 patre
829 429 1015 496 dicere,
1065 429 1150 479 sed
1190 430 1248 480 de
1288 429 1369 479 illo
1410 430 1594 497 Aaron,
1635 432 1721 495 qui
1759 431 1949 496 primus

263 503 494 570 sacerdos
527 510 603 554 est
633 505 906 570 institutuS,
946 502 1004 553 de
1039 506 1180 554 cuius
1213 506 1447 569 progenie
1489 506 1642 554 ceteri
1682 518 1948 569 sequeren-

265 585 367 645 tur,
423 581 679 643 superiora
733 577 1096 644 demonstrant,
1150 577 1235 627 ubi
1280 580 1367 628 ait:
1422 579 1695 629 Revelatus
1732 593 1842 628 sum
1881 579 1953 628 ad

264 653 460 702 domum
494 655 661 715 patris
701 655 796 713 tui,
838 667 951 701 cum
992 658 1156 702 essent
1194 655 1245 701 in
1285 657 1428 702 terra
1468 654 1687 716 Aeyyptz·
1722 655 1858 702 servi
1896 655 1948 702 in

263 727 406 775 domo
463 728 692 785 Pharan,
748 731 797 776 et
851 728 984 787 eleae·
1030 728 1227 775 domum
1269 728 1437 788 patris
1487 729 1563 776 tui
1607 741 1672 776 ex
1722 727 1949 776 omnibus

261 804 475 863 sceptris
516 802 685 851 Israel
727 801 851 848 milei
894 801 1181 849 sacerdotio
1217 798 1381 861 funqi.
1459 799 1580 858 Quis
1620 806 1816 865 patrum
1857 800 1949 849 fuit

262 873 410 923 huius
449 877 500 923 in
532 874 611 924 illa
643 875 877 938 Aegyptia
918 875 1169 933 servitute,
1211 873 1341 922 unde
1382 889 1495 922 cum
1533 873 1727 924 liberati
1766 880 1950 941 essent,

263 946 575 997 electus·est
622 947 680 996 ad
729 947 1085 1014 sacerdotium,
1134 948 1227 996 nisi
1267 945 1464 997 Aaron?
1526 947 1593 997 De
1642 948 1790 997 huius
1829 963 1946 1012 ergo

263 1023 417 1087 stirpe
443 1024 537 1072 isto
563 1022 669 1072 loco
705 1022 826 1071 dixit
858 1021 1082 1071 futurum
1115 1021 1284 1086 fuisse,
1323 1027 1379 1070 ut
1410 1036 1509 1071 non
1542 1029 1709 1071 essent
1740 1021 1949 1071 ulterius

262 1095 566 1162 sacerdotes;
625 1096 756 1160 quod
810 1098 906 1145 iam
961 1095 1183 1144 videmus
1237 1095 1508 1160 impletum.
1587 1095 1763 1161 Vigilet
1812 1094 1948 1162 tideS,

262 1178 459 1234 praesto
494 1178 609 1220 sunt
641 1185 738 1237 reS,
778 1176 1067 1236 cernuntur,
1108 1175 1342 1219 tenentur
1382 1178 1431 1218 et
1470 1169 1635 1218 videre
1677 1169 1949 1219 nolentium

262 1243 418 1292 oculis
457 1246 767 1309 ingeruntur.
846 1244 1006 1304 Ecce,
1047 1244 1229 1308 inquit,
1277 1244 1383 1292 dies
1423 1246 1653 1303 veniunt,
1694 1250 1743 1292 et
1781 1250 1947 1293 exter-

261 1319 461 1371 minabo
508 1333 674 1368 semen
722 1325 860 1367 tuum
915 1324 964 1366 et
1000 1331 1164 1367 semen
1206 1319 1378 1366 domus
1410 1319 1580 1379 patris
1620 1320 1716 1382 tui,
1763 1323 1810 1367 et
1849 1332 1950 1368 non

262 1394 363 1442 erit
407 1394 500 1441 tibi
542 1396 713 1442 senior
753 1394 805 1440 in
845 1394 988 1441 domo
1028 1404 1138 1440 mea
1179 1392 1406 1440 omnibus
1454 1391 1651 1457 de'ebuS,
1699 1397 1748 1441 et
1785 1393 1950 1441 virum

262 1468 610 1516 exterminabo
658 1467 751 1515 tibi
795 1466 858 1514 ab
907 1467 1066 1515 altari
1109 1478 1236 1525 mee,
1285 1470 1341 1513 ut
1389 1467 1633 1524 deficiant
1669 1468 1805 1514 oculi
1843 1468 1952 1516 eius

262 1545 312 1589 et
349 1542 540 1600 defluat
579 1544 750 1590 [mima
790 1542 911 1589 θέας.
988 1539 1116 1587 Ecce
1157 1538 1284 1605 dieS,
1325 1540 1409 1603 qui
1448 1540 1782 1602 praenuntiati
1821 1547 1951 1605 sunt,

263 1615 358 1662 iam
413 1621 668 1664 venerunt.
751 1613 926 1662 Nullus
982 1612 1211 1661 sacerdos
1267 1619 1342 1661 est
1397 1612 1670 1662 secundum
1725 1612 1948 1662 ordinem

263 1688 445 1753 Aaron,
487 1694 536 1737 et
568 1690 866 1752 quicumque
901 1702 959 1735 ex
993 1689 1100 1735 eius
1133 1700 1313 1749 genere
1354 1694 1430 1735 est
1466 1685 1627 1752 honm,
1667 1702 1780 1736 cum
1819 1687 1953 1736 videt

262 1762 557 1810 sacrificium
613 1762 1006 1812 Christianorum
1054 1767 1158 1809 toto
1213 1759 1333 1808 orbe
1382 1759 1592 1826 pollere,
1647 1760 1740 1809 sibi
1786 1768 1951 1810 autem

262 1835 500 1884 honorem
548 1835 683 1885 illum
742 1850 971 1899 magnum
1018 1849 1126 1883 esse
1167 1833 1497 1899 subtractum,
1545 1833 1779 1884 deficiunt
1819 1834 1951 1884 oculi

262 1910 368 1957 eius
409 1916 457 1958 et
497 1909 666 1959 defluit
706 1911 864 1958 anima
905 1910 1011 1957 eius
1051 1907 1162 1957 tabe
1203 1909 1456 1957 maeroris,
1812 1932 1815 1933 ⁷

410 1982 616 2048 Proprie
650 1989 814 2034 autem
855 1983 912 2032 ad
956 1982 1101 2031 huius
1141 1982 1340 2030 domum
1373 1980 1498 2046 Heli,
1538 1983 1619 2031 cui
1657 1981 1777 2030 haec
1817 1981 1947 2031 dice-

263 2055 455 2124 bantur,
495 2057 626 2121 quod
659 2058 885 2120 sequitur
923 2057 1165 2120 pertinet:
1207 2057 1272 2104 Et
1309 2058 1467 2104 omm‘s
1506 2058 1595 2115 qui
1629 2058 1953 2118 superaverit

263 2132 435 2179 (lomus
468 2137 599 2191 tuae,
641 2132 876 2180 decident
907 2133 957 2178 in
986 2132 1161 2189 madio
1201 2132 1438 2177 virorum.
1519 2129 1583 2177 Et
1621 2130 1716 2178 hoc
1756 2130 1849 2178 tibi
1883 2132 1948 2178 si-

258 2219 435 2269 anum,
482 2207 619 2264 quod
655 2206 819 2254 veniet
864 2219 1018 2265 super
1058 2205 1181 2252 duos
1215 2205 1348 2262 filios
1388 2208 1498 2251 tuos
1536 2204 1646 2262 7203,
1703 2204 1867 2265 Opimi
1903 2209 1953 2252 et

264 2278 500 2326 Plzinees:
556 2293 655 2328 uno
707 2281 789 2327 die
843 2280 1123 2326 morientur
1178 2277 1335 2326 ambo.
1421 2275 1526 2324 Hoc
1581 2291 1698 2341 ergo
1755 2278 1950 2340 signum

263 2352 446 2400 factum
486 2358 560 2400 est
606 2351 826 2401 mutandi
866 2350 1128 2399 sacerdotii
1167 2349 1227 2398 de
1268 2349 1413 2409 domo
1452 2349 1622 2415 huius,
1671 2365 1769 2415 quo
1809 2352 1949 2414 signo

263 2425 590 2489 significatum
658 2432 731 2474 est
793 2424 1082 2474 mutandum
1145 2424 1475 2473 sacerdotium
1537 2422 1712 2473 domus
1773 2424 1948 2474 Aaron.

263 2498 395 2547 Mors
428 2501 607 2564 quippe
642 2499 853 2548 filiorum
895 2499 1040 2547 huius
1079 2497 1369 2563 significavit
1407 2503 1617 2546 mortem
1655 2512 1755 2547 non
1794 2497 1949 2546 homi-

264 2587 405 2638 num,
453 2573 538 2621 sed
587 2575 743 2638 ipsius
792 2572 1055 2622 sacerdotii
1094 2572 1154 2621 de
1193 2571 1306 2620 filiis
1347 2571 1521 2621 Aaron.
1601 2570 1742 2628 Quod
1782 2578 1947 2620 autem

264 2648 503 2713 sequitur,
544 2646 601 2695 ad
643 2647 780 2696 illum
812 2649 906 2695 iam
946 2647 1161 2710 pertinet
1201 2645 1522 2710 sacerdotem,
1563 2646 1703 2694 cuius
1742 2645 1949 2709 figuram

384 2852 407 2891 7
439 2848 615 2904 pharao
647 2847 863 2903 RAFe9;
903 2847 1158 2891 Pharaonis
1191 2849 1332 2903 &1126
1367 2846 1583 2891 decident
1614 2845 1664 2889 F
1690 2847 1823 2899 (212,
1855 2849 1945 2898 29;

262 2910 371 2961 215,
404 2910 510 2961 32);
545 2906 727 2951 decidet
759 2908 903 2963 υ1128
937 2920 1027 2950 uno
1060 2905 1132 2950 die
1165 2906 1230 2961 R;
1265 2906 1308 2951 d.
1341 2921 1383 2950 U.
1417 2920 1443 2950 v
